2054 3208
219 151 253 204 6
691 126 925 194 DONATI
953 148 1437 194 1NTERPR.VERG.

217 290 346 337 esset
394 305 453 337 ex
500 290 594 337 hoc
641 290 752 352 ipso
797 289 1078 354 legentibus
1125 288 1375 354 cognituS‚
1413 290 1543 338 hunc
1579 289 1911 352 praetermisit

215 363 310 411 hoc
347 363 478 426 loco;
516 363 688 412 eadem
725 365 894 412 tamen
931 364 1067 412 facta
1102 363 1329 427 intellegi
1367 362 1547 411 debent
1581 366 1645 425 et,
1678 365 1799 427 quia
1830 381 1908 412 ex-

217 437 476 499 equiarum
513 437 821 486 sollemnitas
861 437 1108 500 sepulchri
1146 437 1433 502 adgestione
1470 438 1743 500 perficitur,
1784 438 1910 486 dixit

214 513 482 574 utrumque
535 513 832 574 conpletum.
917 515 1181 571 postquam
1241 512 1344 560 alta
1404 513 1631 571 quierunt
1681 526 1907 572 aequora,

215 585 365 633 tendit
410 586 501 633 iter
548 586 667 633 velis
710 588 1003 645 portumque
1050 586 1256 644 reliquit.
1344 586 1606 645 adspirant
1653 600 1807 634 aurae
1854 587 1907 633 in
1961 599 1981 632 5

213 662 396 707 noctem
440 674 527 707 nec
573 659 786 707 candida
833 673 1030 707 cursum
1075 660 1195 707 luna
1243 663 1407 720 neqat‚
1455 660 1672 719 splendet
1708 661 1908 708 tremulo

184 734 303 781 'sub
342 733 524 780 lwmine
560 736 767 793 pontus:
826 735 942 796 post
986 749 1153 781 curam
1195 732 1394 782 Caietae
1441 733 1718 796 depositam
1766 750 1908 797 opor-

211 807 402 855 tunitas
453 806 727 871 navigandi
780 809 980 855 matura
1036 808 1086 854 et
1139 807 1397 856 commoda
1454 807 1662 856 subinde
1718 823 1907 856 succes-

212 883 365 943 serat3
416 897 533 928 nam
582 883 632 929 et
679 897 816 929 mare
865 897 924 928 ex
973 881 1100 942 alto,
1148 881 1243 928 hoc
1287 884 1363 930 est
1398 881 1592 929 tumido
1632 884 1682 930 et
1718 881 1908 943 inflato,

210 955 463 1016 placidum
493 954 593 1003 fuit
630 949 813 1021 (usque
844 954 965 1003 adeo
998 970 1098 1002 non
1127 955 1182 1002 in
1213 954 1510 1017 demersum,
1543 955 1627 1004 sed
1656 956 1709 1003 in
1741 972 1908 1019 super·
1939 971 1981 1002 10

210 1029 318 1077 iora
368 1044 660 1091 suspensum
710 1028 944 1077 debemus
995 1029 1237 1091 accipere,
1286 1031 1344 1077 ut
1388 1030 1495 1092 ipse
1541 1032 1691 1092 poeta
1736 1030 1908 1078 eodem

209 1103 317 1150 loco
342 1102 522 1151 dixerit
545 1104 795 1164 quierunt,
819 1103 1022 1166 altaque
1055 1102 1098 1151 si
1121 1103 1277 1164 erant,
1305 1105 1501 1152 constat
1530 1103 1683 1151 fuisse
1713 1105 1906 1151 tumen-

208 1170 306 1243 tia)
346 1179 397 1224 et
434 1193 585 1225 aurae
624 1178 785 1226 noctis
823 1194 924 1226 non
962 1177 1178 1225 deerant.
1246 1179 1408 1225 metus
1453 1178 1612 1226 omnis
1651 1178 1723 1226 sic
1762 1178 1906 1240 afuit,

207 1253 266 1298 ut
311 1252 464 1298 etiam
509 1251 734 1300 inlustris
777 1252 925 1300 lunae
973 1251 1266 1315 suffragium
1312 1253 1512 1315 gratum
1549 1251 1717 1314 potius
1756 1268 1907 1314 quam

207 1325 508 1373 horrendum
546 1326 731 1374 faceret
768 1326 994 1389 pelagus.
1072 1326 1170 1374 alio
1209 1326 1317 1374 loco
1363 1319 1437 1392 (5,
1465 1319 1559 1391 11)
1605 1327 1774 1388 posuit
1819 1328 1907 1387 „et
1937 1339 1978 1372 15

206 1399 457 1448 inhorruit
493 1400 630 1448 unda
668 1400 882 1448 tenebris
893 1399 935 1462 “,
980 1401 1062 1447 hic
1100 1415 1239 1461 vem,
1280 1401 1399 1462 quia
1435 1401 1580 1448 tanta
1618 1400 1904 1463 navigantis

207 1474 421 1522 felicitas
461 1475 582 1536 fuit,
621 1476 682 1522 ut
718 1475 841 1522 luna
879 1474 1065 1523 faceret
1103 1473 1418 1536 splendidum
1449 1474 1585 1535 quod
1618 1473 1904 1522 formidolo-

207 1563 319 1596 sum
357 1564 460 1596 esse
503 1549 691 1611 potuit,
731 1549 971 1597 securitas
1011 1545 1344 1610 [plenissima]
1385 1548 1555 1595 timori
1586 1550 1902 1597 successerat.

119 1631 174 1671 10
198 1623 430 1681 proxima
464 1622 694 1671 Circaeae
722 1623 971 1671 raduntur
1001 1623 1145 1671 litora
1175 1626 1355 1670 terrae:
1391 1621 1663 1684 inprudens
1692 1621 1903 1684 Aeneas,

204 1698 380 1758 utpote
430 1698 517 1758 qui
565 1697 676 1745 loca
721 1697 953 1758 nesciret,
1000 1697 1254 1744 ferebatur
1296 1695 1521 1759 Neptuni
1566 1696 1804 1760 suffragio
1853 1699 1903 1744 et
1934 1710 1976 1741 20

206 1771 335 1818 circa
373 1771 498 1828 loca,
534 1787 661 1832 quae
699 1771 894 1819 nescius
931 1772 1180 1818 incurrere
1218 1771 1477 1832 potuisset,
1510 1769 1718 1818 radebat
1755 1786 1902 1818 cursu

204 1845 537 1906 prosperrimo
570 1846 620 1892 et
659 1845 779 1908 quid
817 1845 923 1892 illic
961 1860 1075 1893 cum
1114 1844 1259 1893 sociis
1298 1844 1493 1907 perpeti
1529 1845 1777 1906 potuisset
1815 1861 1900 1892 au-

205 1918 382 1967 diendo
416 1918 648 1966 discebat.
712 1919 1009 1966 describitur
1048 1935 1174 1980 quae
1213 1918 1318 1966 illic
1358 1918 1662 1966 consuetudo
1701 1917 1902 1967 Circaea

203 1994 456 2040 teneretur
494 1995 545 2040 et
583 2008 710 2054 quae
749 1992 865 2040 inde
901 1993 1194 2040 audirentur
1225 1994 1396 2054 aperta
1428 1992 1757 2054 descriptione
1787 2009 1899 2041 nar-

202 2068 367 2113 ratur:
418 2067 551 2113 dives
588 2067 858 2114 inaccessos
893 2067 977 2114 ubi
1010 2066 1138 2114 Solis
1166 2067 1276 2125 filia
1307 2067 1437 2114 lucos
1469 2067 1676 2114 adsiduo
1706 2070 1901 2114 resonat
1931 2079 1973 2112 25

204 2143 350 2187 cantu
387 2141 608 2199 tectisque
646 2141 868 2199 superbis
904 2141 1006 2187 urit
1043 2141 1295 2188 odoratam
1332 2144 1572 2188 nocturna
1611 2141 1664 2188 in
1711 2141 1900 2187 lumina

204 2214 399 2260 cedrum
452 2218 621 2273 arquto
680 2215 837 2261 tenuis
884 2228 1180 2273 percurrens
1230 2215 1419 2273 pectine
1476 2215 1619 2262 telas:
1700 2213 1753 2260 in
1806 2214 1898 2275 his,

322 2374 347 2412 2
380 2375 420 2413 et
444 2384 557 2425 quae
581 2368 623 2411 V
647 2369 717 2413 ed.
745 2374 787 2413 et
809 2370 917 2424 quia
946 2383 1041 2413 nos.
1122 2374 1147 2413 5
1179 2371 1396 2426 relinquit
1419 2370 1490 2413 ed.
1570 2374 1624 2412 10
1656 2369 1761 2412 inde
1783 2383 1894 2412 mer-

200 2443 301 2472 sum
323 2428 365 2471 V
390 2428 477 2482 ed„
506 2428 588 2471 sed.
621 2428 677 2471 cf.
704 2433 744 2482 6,
764 2432 861 2471 578.
901 2429 904 2486 Ι
940 2429 1235 2485 superioraV
1258 2430 1486 2486 superiore
1511 2429 1581 2472 ed.
1692 2433 1744 2471 11
1777 2433 1894 2471 ut—

204 2492 256 2530 12
289 2488 459 2531 dixerit
482 2487 523 2530 V
555 2488 792 2531 et—dixit
830 2488 900 2530 ed.
1033 2493 1086 2531 12
1127 2494 1350 2544 quaerant
1372 2487 1414 2531 V
1445 2490 1655 2543 quierant
1689 2487 1761 2530 ed.
1795 2488 1892 2542 qui-

201 2552 334 2590 erunt
371 2560 468 2590 noe.
522 2546 526 2604 Ι
576 2547 674 2590 alta
711 2561 824 2602 quae
859 2546 901 2589 V
940 2549 1120 2602 altaque
1159 2561 1242 2590 nos
1283 2561 1482 2603 aequora
1522 2547 1742 2602 interpos.
1776 2546 1846 2588 ed.
1885 2546 1888 2602 Ι

199 2606 431 2649 humentia
454 2605 496 2648 V
529 2605 599 2648 ed.
701 2610 755 2648 13
787 2607 960 2650 haurae
990 2605 1044 2650 V.
1144 2611 1197 2649 15
1223 2609 1383 2662 posuit
1413 2620 1500 2649 om.
1535 2605 1605 2649 ed.
1701 2608 1755 2647 18
1787 2606 1893 2659 post

199 2666 419 2708 securitas
465 2664 670 2720 spatium
714 2664 959 2708 duodecim
1007 2665 1270 2708 litterarum
1313 2666 1471 2718 vacat,
1520 2663 1729 2719 sequitur
1773 2676 1892 2706 more

199 2729 471 2767 successerat
500 2723 541 2766 V
580 2723 762 2779 explevi
798 2725 1067 2778 plenissima
1105 2724 1310 2768 inserens
1351 2726 1399 2767 et
1436 2724 1588 2767 timori
1626 2721 1890 2775 emendans,

199 2785 373 2826 temere
404 2784 517 2826 mut.
544 2782 614 2824 ed.
709 2787 896 2825 21-22
928 2784 1176 2827 radebatur
1207 2797 1345 2839 supro
1375 2784 1593 2838 sperrimo
1617 2780 1658 2823 V
1689 2795 1725 2823 r.
1755 2794 1891 2824 cursu

192 2843 499 2896 prosperrimo
540 2841 609 2884 ed.
656 2842 845 2885 radebat
887 2857 921 2886 c.
946 2856 1021 2898 pr.
1054 2856 1149 2886 nos.
1274 2847 1327 2885 22
1368 2841 1596 2884 audiendo
1634 2840 1810 2884 dicebat
1852 2838 1890 2881 V

200 2901 396 2944 discebat
434 2913 516 2942 nos
557 2900 763 2955 corrupit
800 2901 870 2944 ed.
1002 2905 1056 2944 23
1093 2903 1239 2946 circea
1265 2900 1307 2943 V
1340 2901 1528 2945 Circaea
1559 2899 1629 2942 ed.
1663 2913 1692 2942 a
1727 2898 1888 2942 Circa?

200 2964 254 3002 27
288 2960 499 3003 caedrum
524 2958 566 3002 V
600 2961 663 3015 (et
694 2958 855 3009 infra).
