2050 3226
197 194 307 248 410
669 193 902 238 DONATI
932 193 1214 238 INTERPR.
1238 193 1419 239 VERG.

197 332 370 381 cadere
400 332 622 395 potuisse
661 333 975 383 considerans
1005 332 1218 381 libenter
1249 333 1484 382 audiebat
1514 333 1618 397 pia,
1657 334 1892 398 religiosa

197 408 248 454 et
299 407 518 455 humana
569 409 882 456 tractantem.
967 408 1187 470 patriam
1241 407 1447 456 dicimus
1508 423 1598 470 pro
1660 407 1891 456 libertate

196 479 413 544 positam
466 481 599 543 ideo,
654 482 796 544 quia,
851 497 964 529 cum
1019 481 1130 544 quis
1185 497 1244 528 ex
1294 497 1434 531 servo
1485 482 1611 530 liber
1665 481 1891 544 efficitur,

197 554 454 604 civitatem
498 555 776 604 Romanam
823 554 1006 602 dicitur
1052 556 1344 604 consecutus
1392 557 1442 604 et
1479 556 1602 604 haec
1647 555 1892 604 bellorum

199 629 421 678 condicio
453 632 548 690 est,
580 631 638 676 ut
667 628 790 677 victi
820 628 1027 677 libertas
1057 629 1272 678 intereat
1303 631 1354 678 et
1384 630 1633 679 efficiatur
1663 629 1890 678 dominus
1945 643 1970 677 5

158 754 162 756 ,
195 703 240 751 is
291 704 378 766 qui
423 702 686 752 victoriam
735 703 888 750 fuerit
937 706 1244 752 consecutus.
1319 703 1504 752 idcirco
1553 703 1635 752 hic
1672 704 1893 767 positum

197 778 272 826 est
310 779 405 826 etsi
445 776 727 825 ceciderunt
771 778 905 825 tanti
944 793 1000 825 ac
1038 778 1189 839 taleS‚
1235 779 1404 826 tamen
1451 778 1523 826 sic
1560 793 1643 826 eos
1682 778 1894 826 abstulit

195 850 402 899 ultimus
435 850 538 899 dies
569 850 761 899 inflicta
792 850 931 899 clade
961 851 1212 916 hostibus,
1249 851 1391 900 nobis
1423 867 1540 900 vero
1580 868 1640 900 ex
1675 852 1894 900 maxima

196 928 339 988 parte
378 928 646 988 procurata
684 926 897 973 victoria
928 926 979 972 et
1009 928 1180 988 erepta
1209 925 1445 988 periculis
1477 927 1705 974 omnibus
1745 926 1892 974 liber-

195 1001 312 1048 tate.
402 1002 569 1062 potest
627 1001 677 1047 et
735 1000 805 1048 sic
853 999 1079 1063 intellegi
1134 999 1221 1062 qui
1274 1001 1515 1064 sanguine
1569 1000 1712 1049 nobis
1765 1001 1893 1048 hanc
1924 1013 1969 1047 10
2049 1003 2050 1042 ἰ

196 1073 415 1135 patriam
463 1089 694 1136 peperere
745 1088 859 1134 suo,
913 1076 970 1122 ut
1021 1075 1092 1122 sic
1140 1075 1327 1123 mortui
1377 1074 1644 1123 videantur
1695 1074 1894 1123 firmata

196 1163 347 1210 penes
387 1147 630 1196 Troianos
677 1146 986 1209 possessione
1023 1146 1216 1196 Italiae.
1292 1151 1622 1208 maestamque
1659 1149 1895 1196 Euandri

187 1223 386 1282 primus
426 1222 493 1270 ad
529 1222 699 1269 urbem
743 1222 964 1269 mittatur
1001 1222 1199 1270 Pallas:
1249 1221 1548 1286 generaliter
1593 1222 1896 1286 loquebatur

198 1295 257 1344 de
296 1297 529 1344 mortuis:
568 1296 739 1358 potuit
775 1295 883 1343 fieri
921 1297 978 1343 ut
1017 1295 1197 1359 quibus
1235 1296 1571 1345 mandabatur
1609 1297 1894 1360 sepulturae

198 1371 390 1418 curatio
446 1371 603 1419 istum
656 1385 853 1432 quoque
899 1371 988 1417 aut
1035 1373 1294 1419 exurerent
1338 1370 1551 1419 flammis
1599 1373 1688 1419 aut
1732 1373 1894 1419 terrae
1926 1382 1969 1416 ιε

197 1443 513 1506 mandarent,
558 1445 692 1492 hunc
736 1445 893 1508 igitur
941 1460 971 1492 a
1018 1445 1193 1493 ceteris
1247 1447 1470 1507 separat3
1519 1445 1713 1509 regales
1765 1446 1895 1493 enim

197 1535 471 1581 numquam
533 1519 735 1566 confuse
789 1518 1073 1580 sepulturae
1128 1517 1419 1582 iunguntur.
1513 1535 1569 1567 eo
1632 1518 1897 1567 accedebat

198 1592 334 1654 quod
383 1592 585 1641 orbatus
636 1591 738 1639 filio
789 1593 933 1654 pater
981 1593 1061 1640 vel
1109 1595 1362 1640 mortuum
1414 1594 1661 1655 suscipere
1708 1592 1894 1654 debuit,

199 1667 242 1715 si
280 1682 380 1714 non
420 1667 583 1729 quivit
621 1665 788 1714 videre
827 1667 1079 1714 victorem.
1142 1681 1279 1727 quem
1317 1681 1417 1715 non
1454 1667 1649 1714 virtutis
1687 1670 1895 1728 eyeutem

198 1741 398 1789 abstulit
436 1743 547 1788 atra
586 1740 689 1788 dies
736 1743 780 1788 et
814 1742 987 1800 funere
1024 1741 1191 1788 mersit
1229 1742 1423 1789 acerbo:
1470 1742 1544 1789 est
1581 1741 1635 1788 in
1675 1740 1894 1790 adversis
1926 1753 1971 1786 20

198 1814 463 1875 solacium,
518 1813 560 1862 si
609 1829 741 1862 mors
791 1815 904 1877 ipsa
952 1814 1135 1862 habeat
1185 1814 1571 1863 excusationem:
1626 1814 1722 1864 iste
1775 1830 1895 1878 quo-

196 1888 344 1937 modo
400 1887 699 1936 excusatur?
774 1903 897 1949 non,
950 1889 1138 1950 inquit,
1192 1891 1251 1936 ut
1301 1888 1499 1937 inbellis
1554 1889 1755 1950 cecidit,
1808 1889 1896 1937 sed

196 1964 367 2025 rapuit
413 1978 524 2010 eum
562 1962 772 2010 ultimus
813 1962 940 2024 dies3
987 1961 1259 2010 debebatur
1305 1962 1436 2010 enim
1473 1962 1653 2011 misero
1692 1964 1746 2010 in
1784 1963 1894 2025 ipso

197 2036 316 2084 flore
375 2036 653 2084 iuventutis
719 2035 1018 2085 occumbere.
1107 2051 1215 2084 ecce
1270 2037 1391 2085 tulit
1444 2037 1659 2100 gloriam
1711 2037 1894 2098 Turno,

200 2110 286 2172 qui
343 2125 454 2157 eum
507 2110 561 2156 in
616 2111 960 2173 congressione
1014 2113 1379 2173 prostraverat,
1442 2127 1553 2159 cum
1609 2111 1730 2159 dicit
1783 2127 1894 2158 eum
1926 2121 1969 2155 25

198 2184 423 2233 fataliter
461 2182 701 2231 interisse.

109 2267 166 2306 30
315 2257 398 2306 Sic
437 2258 507 2305 ait
543 2257 866 2305 inlacrimans
903 2259 1164 2318 recipitque
1202 2259 1269 2306 ad
1308 2258 1482 2307 limina
1509 2272 1751 2319 cressum,
1794 2271 1893 2305 cor-

191 2346 291 2393 pus
329 2333 416 2379 ubi
455 2331 669 2379 eaeanimi
693 2332 909 2390 positum
939 2332 1186 2380 Pallantis
1216 2330 1416 2380 Acoetes
1453 2332 1682 2381 servabat
1717 2332 1891 2388 senior,

199 2407 283 2466 qui
319 2405 588 2454 Parrhasio
626 2404 869 2452 Euandro
917 2407 1128 2466 armiyer
1167 2410 1277 2454 ante
1314 2407 1431 2466 fuit,
1478 2406 1563 2454 sed
1607 2419 1706 2452 uon
1743 2405 1894 2465 felici—

199 2481 289 2527 bus
341 2493 490 2539 aeque
542 2483 644 2527 twm
695 2492 847 2526 comes
893 2481 1127 2538 auspiciis
1173 2494 1286 2528 caro
1333 2480 1477 2528 datus
1521 2480 1624 2527 ibat
1672 2479 1894 2527 alumno:
1924 2491 1969 2524 30

197 2569 311 2601 mox
376 2556 436 2602 ut
499 2551 694 2601 Aeneas
758 2553 1154 2615 sepeliendorum
1224 2569 1394 2602 curam
1455 2555 1504 2601 et
1563 2552 1894 2600 transferendi

198 2627 444 2675 Pallantis
491 2625 879 2675 sollicitudinem
927 2627 1118 2688 posuit,
1165 2628 1353 2690 recepit
1398 2642 1449 2676 se
1497 2626 1560 2674 ad
1598 2625 1795 2687 limina,
1840 2626 1894 2674 id

320 2773 342 2811 1
369 2770 457 2824 pia
480 2767 522 2811 V
552 2781 597 2824 p.
623 2772 665 2812 et
695 2767 767 2811 ed.
891 2772 916 2810 6
947 2768 1043 2812 eius
1074 2770 1153 2824 qui
1173 2767 1215 2811 V
1246 2770 1286 2812 is
1316 2768 1396 2824 qui
1427 2780 1540 2810 corr.
1569 2766 1640 2810 ed.
1766 2771 1789 2809 7
1830 2772 1892 2810 et-

199 2828 265 2871 sic
287 2826 329 2870 V
356 2841 470 2870 corr.
497 2827 568 2870 ed.
606 2826 610 2883 Ι
645 2827 766 2871 tanti
789 2824 830 2868 V
854 2829 919 2870 tot
942 2826 1012 2869 ed.
1051 2826 1055 2882 Ι
1090 2828 1156 2872 sic
1187 2841 1259 2872 ecs
1291 2840 1378 2871 om.
1405 2826 1476 2869 ed.
1564 2830 1616 2868 17
1643 2825 1827 2879 confuse
1850 2824 1892 2867 V

201 2900 304 2930 -sae
337 2886 406 2929 ed.
445 2886 449 2943 Ι
484 2886 744 2941 sepulturae
767 2883 807 2927 V
834 2884 905 2928 ed.
937 2886 1204 2940 sepultura?
1308 2889 1362 2928 23
1395 2885 1578 2928 debebat
1609 2885 1728 2928 euim
1759 2885 1892 2929 miser

202 2944 273 2987 ed.
395 2949 451 2988 24
493 2945 601 2990 tulit
633 2943 675 2987 V
717 2944 905 2988 abstulit
946 2944 1015 2987 ed.
1068 2944 1075 3002 Ι
1124 2945 1271 3001 yloria
1301 2943 1343 2987 V
1382 2957 1494 2987 corr.
1530 2943 1599 2987 ed.
1724 2947 1778 2986 32
1821 2957 1891 2987 re-

201 3004 312 3059 cipit
345 3003 415 3046 ed.
