2050 3226
259 222 364 275 146
730 220 963 265 DONATI
991 220 1057 264 IN
1059 220 1273 266 TERPR.
1298 221 1477 266 VERG.

254 360 460 409 stabulis
496 364 723 409 saturata
758 365 966 410 moveret
993 359 1456 423 Amphitryoniades
1486 364 1709 410 armenta
1739 362 1945 410 abitwm-

151 443 237 484 215
255 448 344 495 que
387 438 615 495 pararet,
667 435 883 483 discessu
929 436 1117 496 muyire
1163 437 1303 484 boves
1351 439 1493 495 atque
1536 450 1675 483 omne
1720 436 1944 495 querellis

252 509 432 569 inpleri
467 523 638 556 nemus
677 512 721 556 el
757 509 896 557 colles
935 510 1142 557 clamore
1178 510 1411 570 relinqui:
1449 510 1570 571 quid
1606 510 1942 574 intellegimus

168 617 172 620 -
252 582 404 632 boves
453 581 703 631 doluisse?
770 598 822 631 se
872 599 902 631 a
947 584 1069 631 locis
1114 583 1324 632 utilibus
1363 582 1674 632 recessuros?
1743 586 1794 632 et
1830 583 1942 632 ideo

253 657 443 705 dictum
473 657 689 705 discessu
718 657 909 721 mugire
943 656 1128 706 boves?
1182 674 1245 706 an
1277 657 1592 707 amissionem
1620 658 1824 706 illorum
1855 659 1944 721 qui

252 731 469 794 surrepti
507 729 682 779 erant?
720 732 896 779 melius
930 733 1007 779 est
1035 733 1094 780 ut
1123 733 1331 781 amissos
1364 747 1598 794 quaerere
1636 731 1943 794 viderentur3

165 831 170 834 ·
250 805 437 854 habent
475 806 607 853 enim
645 805 895 867 quendam
931 805 1063 854 inter
1092 821 1144 854 se
1176 802 1329 855 etiam
1358 808 1496 854 muta
1527 805 1765 855 animalia
1797 806 1944 869 quasi

251 879 612 928 familiaritatis
651 878 901 927 adfectum
939 882 990 928 et
1034 880 1366 942 separationis
1412 880 1647 928 iniuriam
1691 879 1944 943 patienter

250 955 377 1002 ferre
429 969 528 1001 non
581 955 806 1015 possunt.
897 954 1106 1016 denique
1163 954 1283 1017 quid
1332 970 1390 1002 ex
1437 970 1495 1002 ea
1541 954 1702 1003 oneris
1741 956 1944 1017 portent

251 1028 459 1091 querula
495 1043 615 1076 voce
650 1028 923 1090 testantur,
953 1044 1114 1090 usque
1146 1028 1269 1077 adeo
1299 1029 1393 1078 hoc
1423 1044 1597 1077 verum
1628 1030 1717 1089 est,
1746 1030 1806 1076 ut
1833 1028 1942 1090 ipse

248 1102 503 1166 Vergilius
549 1101 730 1150 dixerit
773 1102 984 1150 reddidit
1019 1117 1124 1150 uua
1164 1104 1307 1151 boum
1343 1116 1523 1159 vocem,
1563 1104 1621 1150 ut
1659 1102 1812 1150 etiam
1847 1102 1942 1151 hoc

247 1176 473 1240 intellegi
509 1176 692 1238 possit,
729 1175 905 1239 lingua
943 1191 1036 1224 sua
1072 1176 1204 1225 inter
1242 1192 1292 1225 se
1330 1178 1472 1224 muta
1511 1175 1746 1224 animalia
1777 1176 1938 1239 loqui3

248 1266 365 1298 nam
414 1250 502 1298 bos
554 1249 783 1312 quaesita
830 1251 1099 1312 respondit.
1187 1252 1281 1299 hoc
1331 1250 1466 1312 quod
1515 1250 1726 1299 dicimus
1773 1250 1941 1298 firmat

247 1325 386 1373 locus
439 1323 525 1372 ille
578 1324 666 1372 ubi
717 1325 771 1371 in
824 1323 950 1372 libro
1002 1324 1151 1373 tertio
1206 1318 1364 1391 (359)
1425 1325 1557 1372 idem
1609 1326 1760 1387 poeta
1813 1323 1941 1372 dixit

247 1398 587 1462 „Troiugena,
639 1397 727 1461 qui
775 1399 1033 1446 volucrum
1084 1399 1284 1463 linguas
1334 1397 1539 1447 sentis“.
1624 1398 1757 1461 quod
1807 1400 1940 1446 enim

249 1472 383 1535 apud
412 1488 501 1520 nos
534 1472 817 1521 abstrusum
848 1474 923 1520 est
954 1475 1004 1521 et
1033 1475 1268 1535 putamus
1301 1488 1476 1521 sonum
1509 1488 1627 1534 esse,
1650 1488 1749 1520 non
1773 1472 1938 1534 verba,

245 1547 545 1611 intellegunt
581 1549 733 1595 vates.
814 1547 965 1608 unde,
1004 1549 1048 1595 si
1085 1549 1296 1609 possunt
1340 1547 1597 1594 enuntiare
1648 1546 1768 1608 quid
1823 1562 1937 1595 aves

248 1621 438 1682 dicant,
489 1621 655 1684 potest
703 1636 876 1669 verum
925 1620 1085 1669 videri
1132 1621 1265 1684 quod
1316 1636 1481 1669 secum
1527 1623 1678 1683 atque
1717 1621 1849 1668 inter
1886 1636 1937 1669 se

245 1696 386 1743 muta
433 1694 670 1743 animalia
714 1695 1006 1757 loquantur3
1052 1694 1170 1743 licet
1214 1695 1466 1758 inproprie
1514 1694 1745 1743 dicantur
1782 1697 1937 1757 muta,

247 1769 290 1817 si
339 1784 502 1818 secum
561 1768 674 1831 ipsa
734 1769 1007 1830 loquuntur
1065 1769 1331 1817 secundum
1390 1771 1623 1817 naturam
1680 1784 1822 1816 suam
1887 1770 1938 1816 et

245 1845 456 1905 possunt
505 1859 677 1891 eorum
727 1842 861 1890 dicta
910 1858 1027 1891 voce
1078 1844 1400 1891 vaticinantis
1451 1842 1643 1905 exponi.
1718 1841 1938 1890 reddidit

244 1933 347 1964 una
377 1917 529 1965 boum
559 1932 743 1965 vocem.
797 1916 1015 1964 reddidit
1044 1932 1215 1964 vocem
1247 1917 1386 1978 dixit,
1416 1918 1475 1964 ut
1505 1917 1754 1979 probaret,
1785 1916 1938 1965 sicuti

245 1991 433 2039 dictum
482 1992 577 2052 est,
629 1991 749 2053 quia
799 1991 1028 2052 quaesita
1075 1991 1331 2053 respondit
1374 2006 1475 2038 una
1514 1991 1684 2052 boum,
1730 1991 1823 2039 hoc
1861 1992 1937 2039 est

243 2081 346 2113 una
393 2080 450 2112 ex
495 2065 571 2113 his
624 2079 749 2127 quae
789 2064 1087 2112 tenebantur
1123 2065 1342 2113 inclusae
1382 2081 1495 2113 cum
1531 2065 1701 2113 tauris.
1777 2068 1935 2113 vasto-

1996 669 2017 703 5

2045 377 2050 605 ι

2047 794 2050 806 .

2044 874 2050 909 ἱ

2045 926 2049 959 ζ’

1973 1041 2046 1074 10·

1970 1409 2013 1444 15

1967 1781 2011 1815 2⁰

244 2153 333 2198 que
371 2140 460 2187 sub
501 2142 641 2186 antro
679 2139 852 2198 muyiit
890 2142 933 2186 et
973 2138 1090 2186 Caci
1128 2153 1261 2198 spem
1301 2140 1538 2187 custodita
1574 2138 1770 2199 fefellit:
1807 2139 1934 2186 nihil
1963 2150 2007 2186 25

246 2212 372 2261 Caco
422 2212 614 2275 profuit
667 2212 893 2261 custodia
939 2227 1053 2274 sua,
1100 2213 1224 2261 nihil
1271 2214 1408 2261 fraus
1456 2215 1506 2260 et
1551 2211 1811 2276 ingeniosa
1858 2212 1932 2259 in-

242 2286 409 2336 ventio
435 2286 551 2347 doli,
577 2286 753 2349 quibus
777 2286 961 2334 indicia
986 2288 1153 2335 omnia
1178 2287 1529 2350 quaerentibus
1559 2289 1932 2349 pernegaverat,

242 2362 413 2410 clausa
451 2360 673 2423 prodidit
709 2361 899 2408 factum
938 2362 988 2408 et
1034 2377 1170 2424 spem
1218 2360 1334 2409 Caci
1378 2360 1644 2424 mugiendo
1691 2360 1933 2408 frustrata

242 2437 329 2484 est.
422 2449 531 2483 ecce
582 2435 786 2482 fortuna
837 2436 1056 2498 regionis
1100 2435 1238 2483 illius
1287 2438 1338 2483 et
1382 2437 1587 2483 eventus
1635 2432 1771 2482 omni
1818 2450 1930 2496 pro·

242 2509 475 2572 speritate
521 2508 858 2570 plenissimus:
903 2508 1006 2556 iam
1050 2509 1310 2557 recedebat
1357 2509 1594 2556 Hercules
1644 2511 1734 2556 nec
1779 2507 1931 2555 boum
1960 2521 2005 2555 so

238 2583 554 2631 intellexerat
592 2581 793 2643 damna,
833 2598 1067 2631 evasurus
1107 2583 1271 2631 fuerat
1310 2582 1489 2643 Cacus,
1537 2583 1579 2629 si
1617 2581 1766 2630 boves
1806 2598 1929 2644 pau-

360 2701 383 2739 1
407 2696 695 2750 habitumque
710 2692 765 2736 V.
851 2698 875 2736 2
901 2695 1140 2749 quaerellis
1163 2694 1218 2739 V.
1295 2699 1323 2737 4
1347 2706 1594 2738 recessuros
1610 2691 1652 2735 V
1675 2693 1930 2737 discessisse

239 2755 331 2799 ed:
366 2753 715 2798 distinctionem
745 2752 836 2795 loci
869 2753 1075 2808 corrupit
1106 2753 1176 2797 ed.
1299 2757 1325 2796 5
1358 2767 1420 2796 an
1443 2751 1486 2795 V
1517 2756 1598 2795 aut
1629 2751 1700 2794 ed.
1745 2752 1749 2809 Ι
1792 2754 1929 2796 amis-

237 2815 362 2858 sione
416 2813 487 2857 ed.
625 2817 650 2856 6
704 2825 916 2868 quaerere
968 2813 1229 2857 viderentur
1270 2810 1314 2855 V
1366 2812 1526 2867 quaeri
1575 2811 1802 2855 videretur
1855 2811 1926 2854 ed.

241 2877 294 2916 10
341 2873 563 2929 quaerula
599 2871 654 2915 V.
786 2875 840 2914 12
888 2871 1011 2926 loqui
1048 2871 1090 2914 V
1135 2871 1332 2928 intelligi
1373 2870 1443 2913 cd.
1567 2873 1620 2912 15
1671 2871 1928 2926 Troiuyeua

239 2945 324 2974 om.
360 2932 430 2976 ed.
533 2935 586 2974 17
613 2935 798 2986 possent
828 2929 900 2974 ed.
1004 2934 1057 2973 19
1090 2935 1218 2975 muta
1247 2931 1355 2986 post
1385 2929 1601 2973 dicautur
1631 2941 1719 2971 om.
1744 2927 1827 2972 ΗΟ
1854 2928 1925 2972 ed.

238 2994 293 3033 20
324 2992 366 3034 si
388 2990 431 3034 V
462 2991 541 3046 qui
572 2989 642 3034 ed.
759 2992 815 3032 24
845 2990 917 3033 his
939 2988 982 3032 V
1011 2990 1071 3033 iis
1103 2990 1174 3033 ed.
1285 2993 1340 3032 29
1373 2992 1620 3032 eventus—
1639 2991 1695 3031 30
1712 2988 1926 3044 plenissi-

235 3063 335 3094 mus
358 3049 400 3092 V
432 3050 606 3094 cunctis
618 3075 675 3080 —
680 3049 951 3105 plenissima
982 3048 1054 3092 ed.
