2050 3226
209 163 318 218 392
680 160 914 206 ΒΟΝΑΤΙ
943 160 1224 205 INTERPR.
1249 160 1429 206 VERG.

205 301 495 364 increpitat:
534 317 730 349 omnem
752 301 856 351 vim
878 302 1096 350 telorum
1123 317 1235 350 cum
1258 300 1546 364 depelleret,
1576 301 1899 352 nihilominus

205 375 495 439 increpabat
516 375 759 436 Lausum,
798 377 892 424 hoc
930 378 1007 424 est
1035 375 1377 437 frequentibus
1416 375 1619 425 vocibus
1660 376 1902 440 arguebat

206 451 256 498 et
284 450 521 498 tendebat
549 452 710 498 minas
742 450 819 498 his
852 449 1036 498 verbis:
1067 463 1173 509 qua
1205 450 1450 506 meritare,
1481 451 1588 498 ruis
1617 451 1902 510 maioraque

203 523 393 572 viribus
427 524 616 572 andes?
661 524 806 585 bene,
844 523 1033 586 inquit,
1071 539 1162 586 pro
1200 524 1359 585 patris
1400 524 1564 573 salute
1604 523 1902 586 succedereS,

204 597 248 647 si
277 614 471 646 mecum
503 613 663 660 aequo
695 598 855 645 Marte
888 600 1076 646 certare
1103 596 1372 660 potuisse53
1410 614 1510 646 non
1539 596 1783 660 victuruS,
1815 599 1902 648 sed

203 673 472 721 moriturus
503 673 608 720 ruis
639 672 693 719 in
716 672 987 734 proelium3
1027 671 1208 720 audere
1233 671 1366 734 quod
1395 670 1586 735 inplere
1617 688 1718 721 non
1741 673 1900 735 possis

150 758 155 762 ’
204 748 452 795 extremae
477 745 752 794 dementiae
784 748 881 808 est,
921 745 1040 793 dum
1070 745 1211 808 cupis
1243 745 1433 810 egregii
1461 745 1534 793 fili
1563 746 1774 809 probare
1797 746 1900 810 pie-

202 821 380 882 tatem,
431 819 502 869 sic
540 821 590 867 et
626 819 738 882 ipsa
780 820 952 868 eadem
989 821 1248 868 incautum
1287 822 1337 868 et
1375 821 1696 882 inprovidum
1727 820 1899 884 decep-

203 896 319 942 tura
359 897 447 942 est.
501 895 595 942 hoc
633 896 709 943 est
755 893 889 956 quod
935 894 1007 942 ait
1052 894 1186 955 fallit
1229 897 1273 941 te
1317 895 1570 942 ineantwm
1598 895 1762 954 pietas
1800 898 1901 944 tna.

203 983 290 1016 nec
319 969 485 1016 minas
514 968 596 1015 ille
620 968 802 1016 exaltat
824 968 1039 1025 demenS,
1073 968 1393 1016 transductus
1422 983 1584 1017 errore
1609 967 1901 1031 dementiae,

204 1042 323 1090 dum
344 1042 550 1090 Aenean
587 1044 727 1090 metu
751 1041 867 1090 duci
895 1041 1219 1105 inprudenter
1251 1042 1523 1104 existimat,
1563 1043 1783 1091 exultare
1813 1059 1900 1106 po-

202 1117 303 1164 tius
342 1117 524 1164 maluit
562 1117 715 1165 saluti
754 1132 872 1166 suae
910 1116 1071 1180 magis
1112 1118 1163 1165 et
1199 1115 1334 1165 vitae
1373 1117 1666 1165 contrarius.
1726 1131 1903 1166 saevae

202 1191 397 1250 iamque
446 1191 596 1239 altius
640 1191 748 1239 irae
791 1191 1056 1239 Dardanio
1111 1194 1319 1252 sumant
1364 1191 1552 1239 ductori
1600 1193 1903 1251 extremaque

101 1272 187 1313 815
203 1265 375 1313 Lauso
402 1265 592 1313 Parcae
627 1265 719 1323 fila
757 1265 941 1326 leywnt:
979 1280 1130 1328 supra
1168 1264 1295 1312 dixit
1331 1265 1455 1312 furit
1484 1265 1679 1314 Aeneas
1717 1267 1902 1314 tectus-

204 1355 300 1402 que
330 1341 469 1387 tenet
499 1354 572 1400 se,
610 1339 788 1387 habuit
818 1355 935 1403 ergo
966 1338 1299 1400 iracundiam,
1333 1339 1466 1402 quod
1488 1339 1702 1387 Mezenti
1734 1354 1903 1388 necem

203 1428 304 1461 non
342 1413 539 1461 sinebat
567 1413 779 1476 inplere,
818 1412 925 1474 sed,
957 1429 1071 1461 cum
1100 1413 1296 1461 Lausus
1328 1413 1595 1462 insultaret
1626 1413 1787 1462 elatus
1819 1413 1900 1461 de-

202 1486 412 1549 mentia,
449 1489 527 1535 ira
550 1486 777 1550 superior
807 1488 1063 1536 cumulata
1086 1489 1174 1535 est.
1226 1489 1559 1536 convenerant
1590 1489 1758 1536 autem
1788 1487 1903 1549 duo,

201 1561 278 1610 ira
308 1559 506 1609 Aeneae
539 1560 804 1610 saevientis
836 1564 887 1609 et
923 1562 1167 1610 inminens
1199 1561 1438 1610 terminus
1463 1561 1629 1610 Lausi.
1679 1561 1902 1610 validwm

199 1649 410 1695 namque
448 1637 592 1696 exiyit
629 1649 790 1684 ensem
816 1649 912 1695 per
942 1635 1156 1683 medinm
1185 1632 1382 1683 Aeneas
1411 1635 1633 1683 iuvenem
1663 1638 1903 1696 totumque

200 1710 438 1758 recondit:
477 1710 719 1772 expressit
755 1709 875 1757 irati
912 1710 1217 1772 percussoris
1256 1711 1474 1757 mentem
1513 1710 1563 1757 et
1602 1708 1901 1758 facilitatem

203 1783 367 1831 caedis
400 1783 640 1844 ostendit3
684 1799 801 1831 nam
835 1784 922 1845 qui
951 1782 1118 1846 potuit
1150 1782 1285 1831 adire
1315 1782 1534 1831 medium
1573 1799 1724 1845 quam
1757 1798 1900 1846 opor-

201 1859 379 1905 tunum
417 1857 595 1905 habuit
626 1873 772 1921 quem
811 1857 1000 1905 feriret!
1041 1856 1129 1919 qui
1165 1872 1283 1906 vero
1321 1858 1485 1906 totum
1524 1857 1749 1921 gladium
1787 1873 1900 1906 con-

203 1931 332 1979 didit
371 1933 615 1994 quantum
653 1932 816 1980 fuerat
856 1931 932 1979 ira
979 1933 1225 1980 crescente
1264 1932 1561 1979 commotus!
1616 1932 1815 1980 transiit
1859 1935 1904 1980 et

192 2019 430 2064 parmam
451 2020 638 2061 mucre,
680 2006 806 2054 levia
837 2020 981 2054 arma
1011 2005 1219 2054 minacis
1243 2008 1286 2052 et
1314 2006 1551 2062 tunicam,
1583 2005 1719 2053 molli
1746 2008 1902 2054 mater

202 2092 350 2138 quam
379 2083 576 2127 neverat
607 2094 753 2127 aaro:
790 2079 994 2127 transiit
1022 2095 1123 2127 non
1154 2079 1305 2127 semel
1336 2078 1677 2142 accipiendum
1708 2083 1804 2140 est,
1841 2081 1902 2127 ut

202 2153 270 2201 sit
298 2153 500 2201 transiit
529 2169 776 2215 parmam,
807 2154 1011 2202 transiit
1033 2154 1164 2202 levia
1198 2168 1355 2215 arma,
1387 2169 1487 2202 non
1512 2153 1673 2201 solida
1696 2154 1901 2216 propter

203 2229 438 2289 aetatem,
478 2226 686 2275 minacis
726 2229 872 2290 quasi
912 2227 975 2275 ad
1013 2229 1252 2275 terrorem
1291 2228 1562 2290 conpositi,
1611 2229 1662 2275 et
1699 2227 1899 2275 tunicae

202 2299 720 2349 commemorationem
752 2302 895 2362 facit,
926 2304 983 2349 ut
1014 2302 1295 2350 ostenderet
1319 2301 1522 2364 pulchre
1546 2299 1713 2364 potius
1745 2302 1894 2349 vesti-

1933 982 1976 1016 10

1934 1350 1976 1384 16

1933 1721 1976 1754 20

1931 2089 1975 2124 25

200 2376 311 2422 tum
350 2391 502 2437 quam
547 2375 696 2423 armis
735 2375 1024 2424 fortioribus
1063 2378 1245 2424 tutum.
1308 2375 1517 2437 denique
1563 2390 1664 2422 non
1702 2377 1897 2423 scutum
1968 2421 1970 2424 .

201 2448 399 2510 habuit,
438 2449 525 2497 sed
554 2464 781 2511 parmam
811 2465 899 2496 nec
936 2450 1164 2509 loricam,
1205 2449 1290 2498 sed
1323 2465 1443 2497 auro
1477 2450 1664 2497 claram
1694 2450 1896 2497 vestem.

202 2525 426 2584 neverat,
457 2523 644 2585 inquit,
676 2537 775 2570 non
804 2523 1009 2583 fecerat,
1043 2523 1176 2586 quod
1200 2524 1360 2586 primo
1391 2523 1468 2571 fit:
1502 2524 1617 2570 ante
1647 2523 1899 2570 texturam

201 2597 294 2645 hoc
332 2596 523 2659 posuit,
562 2599 620 2645 ut
657 2596 926 2659 perfectam
968 2597 1179 2658 speciem
1218 2596 1599 2658 demonstraret,
1649 2595 1895 2657 quomodo

203 2671 332 2718 enim
363 2672 533 2733 posset
569 2669 622 2718 in
659 2686 808 2719 usum
840 2670 1006 2718 venire
1037 2671 1274 2732 hominis,
1312 2670 1410 2719 nisi
1440 2672 1491 2718 et
1520 2672 1690 2717 netum
1723 2686 1899 2719 aurum

323 2801 348 2840 6
396 2797 562 2842 audere
600 2796 642 2840 V
689 2796 830 2841 audes
876 2795 949 2839 ed.
1007 2796 1011 2853 Ι
1075 2810 1225 2852 posses
1258 2796 1300 2840 V
1339 2796 1489 2852 possis
1530 2809 1613 2839 nos
1652 2801 1783 2852 potes
1825 2795 1896 2839 ed.

206 2858 230 2897 9
263 2855 413 2908 fallite
437 2855 491 2899 V.
607 2860 662 2898 12
695 2856 860 2900 salutis
883 2854 925 2897 V
949 2867 1062 2898 corr.
1096 2855 1167 2899 ed.
1283 2860 1339 2898 14
1362 2868 1504 2911 parce
1527 2854 1581 2898 V.
1692 2859 1747 2899 18
1778 2855 1897 2898 irae-

204 2927 314 2957 neae
337 2913 391 2958 V.
497 2919 551 2957 23
584 2916 776 2968 transit,
808 2913 888 2957 sed
919 2913 970 2957 in
999 2914 1190 2969 interpr.
1223 2915 1410 2959 transiit
1431 2913 1485 2956 V.
1590 2917 1646 2956 30
1677 2927 1758 2958 nec
1788 2914 1898 2958 lori-

206 2985 305 3016 cam
329 2972 371 3015 V
401 2986 495 3018 non
527 2975 554 3018 l.
590 2973 660 3018 ed.
698 2973 702 3032 Ι
739 2974 913 3018 clavam
937 2972 991 3016 V.
1086 2978 1140 3016 33
1166 2975 1313 3029 possit
1335 2972 1377 3016 V
1409 2985 1522 3016 corr.
1549 2972 1619 3016 ed.
1656 2972 1660 3030 Ι
1697 2977 1739 3017 et
1767 2977 1898 3017 netu-

1930 2463 1974 2496 30
