2050 3226
801 168 1107 214 AENEmos
1138 168 1181 212 x
1731 171 1838 227 391

142 310 344 360 valebat
367 308 620 358 adsistere.
673 310 799 369 furit
819 307 1014 359 Aeneas
1036 311 1275 370 tectusque
1300 312 1424 358 tenet
1444 323 1520 358 se:
1559 310 1680 372 quid
1710 309 1843 358 enim

142 385 304 434 facere
340 384 588 447 potuisset
626 382 979 432 obsistentibus
1011 384 1169 432 tantis
1198 384 1300 432 nisi
1338 383 1576 433 adversus
1613 384 1842 432 multitu·

143 458 273 508 dinis
311 459 416 507 vim
458 473 562 507 sese
593 457 890 522 contegere?
928 457 1126 507 furebat
1154 459 1346 519 tamen,
1386 457 1519 520 quod
1548 458 1750 520 plenam
1782 458 1842 506 de

141 535 285 582 tanto
309 532 451 581 hoste
482 531 744 581 victoriam
773 535 1028 595 reportare
1051 548 1152 581 non
1174 534 1388 595 poterat.
1439 547 1498 581 ae
1526 532 1656 580 velut
1685 533 1844 591 effusa

39 620 57 648 t
92 621 111 654 5
142 609 188 657 si
211 607 405 667 quamdo
425 606 670 668 yrandine
695 607 851 655 nimbi
872 607 1224 667 praecipitant,
1257 607 1415 654 omnis
1439 607 1626 667 eampis
1649 606 1845 667 diffuyit

143 684 313 730 arator
349 681 508 730 omnis
546 683 590 728 et
626 681 843 741 ayricola
881 684 924 729 et
961 684 1066 730 tuta
1096 681 1211 729 latet
1247 684 1351 729 arte
1386 681 1570 729 viator:
1609 680 1844 743 quemad·
1861 687 1946 729 805

141 755 367 817 modum,
407 770 522 803 cum
553 771 578 801 e
610 754 825 803 nubibus
858 755 1115 819 grandinis
1147 754 1305 803 nimbi
1335 755 1629 816 funduntur,
1662 754 1846 803 cedunt

142 829 329 893 campis
366 831 588 878 aratores
629 831 680 878 et
718 829 967 893 agricolae
1006 832 1058 878 et
1096 831 1269 878 contra
1315 830 1557 878 maiorem
1594 828 1699 878 vim
1737 831 1844 878 arte

142 903 239 953 sibi
268 902 433 953 viator
471 904 703 952 consulit.
742 903 866 952 dicit
903 904 1007 951 iam
1045 904 1168 952 artis
1207 904 1364 967 ipsius
1394 902 1717 953 industriam:
1757 906 1845 951 aut

68 992 112 1024 10
142 979 305 1027 amnis
341 978 488 1039 ripis,
526 977 580 1026 in
610 977 848 1026 lateribus
889 977 1074 1041 quippe
1113 979 1335 1026 amnium
1371 977 1695 1027 inveniuntur
1732 977 1845 1026 loca

142 1068 270 1115 quae
307 1051 559 1101 hominem
594 1054 793 1116 tegant,
836 1055 924 1101 aut
973 1067 1229 1101 exesorum
1265 1053 1479 1100 laterum
1515 1052 1844 1115 receptaculis

142 1129 230 1175 aut
252 1127 339 1175 alti
360 1127 547 1186 fornice
567 1127 701 1188 saxi,
731 1127 827 1175 hoc
850 1128 927 1175 est
949 1128 1039 1175 aut
1068 1125 1283 1190 suffugio
1316 1127 1451 1175 saxei
1481 1126 1683 1175 fornicis
1714 1125 1847 1175 vitat

144 1201 280 1264 quod
318 1201 467 1249 aliter
503 1216 605 1249 non
642 1203 810 1263 potest
847 1201 1075 1249 tolerare.
1135 1199 1348 1249 fornices
1389 1200 1625 1250 dicuntur
1671 1216 1845 1249 curva-

142 1277 287 1323 turae
320 1291 446 1337 quae
486 1277 575 1323 aut
612 1290 754 1324 arcus
795 1277 886 1323 aut
916 1290 1136 1324 cameras
1160 1274 1375 1335 faciunt,
1414 1276 1518 1324 sive
1558 1276 1660 1323 sint
1696 1276 1844 1323 natu·

0 1393 1 1397 ,
68 1361 111 1395 15
142 1349 273 1398 rales
313 1349 418 1398 sive
455 1349 712 1398 hominum
753 1365 906 1398 manu
942 1349 1205 1413 perfectae.
1260 1350 1378 1397 dum
1407 1349 1561 1409 pluit,
1609 1350 1664 1396 in
1702 1350 1845 1397 terris

142 1427 197 1471 ut
217 1424 379 1483 possit
414 1423 513 1472 sole
548 1423 743 1471 reducto
783 1437 998 1472 exercere
1035 1424 1186 1472 diem:
1223 1424 1355 1471 hunc
1385 1423 1550 1471 locum
1589 1438 1701 1471 cum
1732 1438 1845 1486 pro-

142 1497 456 1559 nuntiamuS,
493 1496 566 1545 ibi
601 1512 795 1546 moram
825 1497 987 1546 facere
1018 1497 1251 1546 debemus
1283 1497 1374 1545 ubi
1404 1497 1532 1546 dixit
1562 1496 1682 1545 dum
1712 1498 1847 1560 pluit

143 1574 195 1620 et
232 1574 302 1620 sic
341 1571 521 1620 addere
551 1572 601 1620 in
633 1572 779 1620 terris
810 1573 869 1620 ut
897 1573 1059 1635 possit
1089 1572 1191 1621 sole
1215 1571 1418 1620 reducto
1452 1586 1675 1620 exercere
1700 1571 1845 1632 diem,

142 1648 201 1694 ut
221 1647 438 1695 rusticus
463 1646 543 1695 vel
558 1648 724 1695 viator
745 1646 943 1710 fugiens
970 1646 1263 1712 grandinem
1285 1646 1484 1695 tamdiu
1504 1661 1554 1694 se
1573 1645 1847 1694 abscondat

68 1732 113 1766 to
145 1720 384 1784 quamdiu
422 1720 574 1783 pluit,
613 1720 818 1769 reducto
857 1737 975 1770 vero
1015 1721 1119 1770 sole
1150 1722 1294 1769 exeat
1334 1721 1393 1769 de
1431 1720 1672 1769 lateribus
1704 1721 1755 1768 et
1792 1720 1846 1767 in

141 1795 288 1844 terris
329 1797 553 1843 exerceat
591 1793 743 1856 diem,
784 1795 974 1844 scilicet
1009 1798 1069 1844 ut
1100 1797 1332 1858 operetur
1359 1796 1575 1843 rusticus
1600 1796 1651 1843 et
1680 1793 1846 1843 viator

142 1869 390 1932 reliquum
439 1868 634 1918 itineris
681 1868 1005 1933 adgrediatur
1050 1885 1108 1918 ac
1153 1871 1363 1932 repetat.
1418 1870 1636 1917 ceterum
1681 1869 1726 1917 si
1770 1868 1846 1915 ita

142 1944 542 2006 pronuntiemus,
580 1946 639 1992 ut
675 1943 808 2006 pluit
845 1944 899 1991 in
934 1945 1079 1993 terris
1111 1943 1321 1992 velimus
1362 1959 1488 2002 esse,
1526 1943 1612 1990 fiet
1649 1943 1847 2003 vitium,

143 2032 244 2065 non
280 2019 482 2079 poetae,
521 2017 607 2066 sed
643 2017 775 2066 male
813 2019 1213 2080 pronuntiantis;
1251 2018 1386 2080 pluit
1425 2018 1556 2065 enim
1594 2018 1649 2065 in
1685 2019 1846 2065 terras

68 2102 113 2135 25
145 2091 376 2152 dicimus,
406 2106 506 2139 non
528 2090 662 2154 pluit
682 2092 736 2139 in
757 2093 920 2141 terris.
967 2093 1038 2140 sie
1060 2093 1261 2140 obrutus
1283 2091 1498 2153 undique
1520 2091 1626 2140 telis
1648 2090 1846 2139 Aeneas

143 2166 320 2213 nubem
359 2165 491 2222 belli,
524 2166 642 2213 dum
680 2166 865 2214 detonet
901 2167 1079 2223 omnis,
1119 2166 1325 2214 sustinet
1361 2169 1405 2214 et
1433 2165 1663 2214 Lausum
1691 2166 1847 2213 incre-
1863 2177 1949 2218 810

135 2240 269 2300 pitat
289 2239 555 2299 Lausoque
576 2240 820 2288 minatur:
859 2240 952 2302 sic,
981 2239 1168 2303 inquit,
1201 2255 1251 2288 se
1274 2239 1468 2288 Aeneas
1493 2240 1728 2288 tuebatur
1759 2239 1845 2286 ad-

143 2328 314 2362 versus
360 2313 543 2362 nubem
581 2313 728 2376 belli3
776 2314 896 2376 quia
940 2314 994 2362 in
1039 2314 1282 2377 parabola
1328 2314 1621 2379 grandinem
1671 2313 1846 2361 inferri

144 2387 334 2450 posuit,
381 2403 508 2450 quae
554 2403 654 2436 non
703 2387 873 2436 existit
909 2387 1008 2436 nisi
1046 2389 1313 2438 contractis
1352 2388 1575 2450 undique
1614 2386 1846 2447 nubibus,

70 2473 114 2506 ao
143 2461 326 2510 idcirco
366 2461 539 2511 eadem
571 2464 622 2510 et
650 2461 834 2510 nubem
862 2461 983 2510 belli
1022 2462 1148 2511 dixit
1186 2465 1236 2512 et
1278 2463 1493 2512 detonet.
1545 2463 1595 2510 et
1624 2460 1845 2509 Lausum

265 2577 290 2616 2
322 2574 637 2618 obsistentibus
659 2574 804 2618 tantis
818 2572 861 2616 V
881 2577 946 2618 tot
967 2573 1274 2618 obsidentibus
1298 2574 1369 2619 ed.
1455 2578 1481 2617 6
1507 2572 1734 2630 ayricolae
1749 2570 1805 2615 V.
1834 2571 1840 2630 Ι

146 2637 187 2677 et
224 2637 328 2677 tutu
357 2631 401 2675 V
438 2638 540 2677 tuta
576 2632 745 2677 omisso
777 2637 820 2677 et
850 2632 943 2676 ed.:
989 2634 1260 2678 et—viator
1303 2633 1364 2676 ad
1406 2631 1845 2687 interpretationem

144 2691 291 2735 traxit
320 2690 552 2736 librarius.
677 2695 702 2734 9
734 2692 935 2736 consulet
956 2690 1011 2735 V.
1128 2697 1183 2736 12
1213 2692 1374 2750 sufuyi
1396 2691 1438 2734 V
1470 2705 1584 2734 corr.
1618 2690 1689 2734 ed.
1722 2692 1843 2746 post.

147 2754 202 2793 15
241 2751 422 2806 ei‘tpluit
449 2750 505 2805 V,
546 2750 629 2795 sed
664 2751 715 2794 in
745 2751 937 2807 interpr.
969 2751 1079 2795 dwm
1104 2752 1240 2807 pluit.
1372 2754 1426 2794 16
1465 2751 1644 2807 possint
1678 2749 1720 2793 V
1756 2749 1843 2803 ed.‚

146 2809 228 2854 sed
270 2809 322 2852 in
362 2809 555 2866 interpr.
594 2811 754 2866 possit.
888 2813 944 2853 23
981 2811 1340 2866 pronuntiamus
1383 2809 1454 2853 ed.
1507 2809 1512 2866 Ι
1562 2809 1756 2853 velemus
1789 2807 1844 2852 V.

146 2872 203 2912 25
235 2869 454 2924 obruptus
481 2869 536 2913 V.
660 2874 716 2912 26
749 2882 804 2913 ac
826 2867 869 2911 V
893 2868 980 2924 ed.,
1013 2869 1096 2913 sed
1126 2869 1319 2924 interpr.
1353 2873 1394 2913 et
1423 2867 1569 2911 habet
1599 2869 1654 2911 ut
1685 2880 1844 2911 omnes

145 2925 284 2984 Verg.
316 2926 439 3029 1111111.
562 2932 618 2971 28
658 2927 788 2982 infra
818 2926 861 2971 V
893 2927 963 2972 ed.
1007 2929 1174 2983 inferri
1216 2942 1312 2971 nos,
1436 2931 1492 2970 30
1533 2932 1575 2971 et
1603 2925 1646 2970 V
1681 2940 1736 2971 ae
1775 2928 1845 2983 (ut

147 2987 303 3041 supra)
336 2999 360 3030 e
398 3021 407 3030 .
