2050 3226
764 196 1069 242 AENEIDOS
1093 197 1180 242 VII
1713 202 1818 256 105

124 338 440 388 nobilitatem
477 336 792 387 fortissimus
868 337 955 386 sed
990 351 1090 385 non
1126 335 1424 386 Dardaniae
1460 338 1695 387 medicari
1740 355 1819 388 cu·

123 413 280 473 spidis
316 413 464 460 ictum
509 411 691 460 evaluit
733 425 884 471 neque
931 425 1040 460 eum
1083 411 1250 460 iuvere
1296 412 1352 459 in
1396 412 1603 461 vulnera
1649 417 1820 462 cantus

123 486 377 546 somniferi
415 489 459 534 et
493 486 689 534 Marsis
727 486 974 547 quaesitae
1014 486 1258 534 montibus
1301 485 1502 534 herbae:
1548 486 1666 535 dum
1711 488 1822 536 vult

125 561 394 610 adventum
432 560 561 621 eius,
606 561 849 608 virtutem
886 560 1216 643 peritiamque
1257 559 1554 622 describere,
1600 561 1671 610 sic
1707 577 1820 624 pro-

22 627 36 702 ἷ“
74 647 95 681 ο
124 650 243 698 pera
279 633 521 682 relatione
561 634 747 682 exitum
777 649 979 696 quoque
1019 632 1123 682 eius
1154 634 1515 697 interitumque
1553 636 1820 698 conplexus

125 711 214 758 est.
273 707 359 756 ille
398 709 532 756 enim
569 709 856 771 serpentum
888 707 1104 757 domitor
1135 710 1186 756 et
1215 710 1390 757 contra
1422 724 1594 758 eorum
1626 725 1820 759 morsus

125 785 175 831 et
212 797 402 832 venena
438 781 770 845 peritissimus
809 780 940 831 ictus
970 782 1230 831 Dardania
1268 782 1470 846 cuspide
1510 783 1608 832 sibi
1637 783 1823 832 mederi

24 847 26 884 ³
123 873 223 906 non
260 856 428 920 potuit
464 872 624 919 neque
663 873 776 905 eum
813 856 1050 906 iuverunt
1091 858 1266 906 cantus
1314 857 1592 919 somniferi,
1640 857 1821 921 quibus

23 928 27 988 f
124 933 411 980 servaverat
441 931 699 994 plurimos,
732 933 823 979 aut
851 931 1031 980 Marsis
1057 932 1316 994 quaesitae
1347 931 1602 981 montibus
1626 931 1822 993 herbae,

23 1018 95 1063 ιο
122 1006 215 1054 hoc
255 1007 330 1054 est
359 1005 539 1054 herbae
570 1005 623 1053 in
654 1004 939 1070 regionibus
969 1007 1197 1069 repertae
1227 1005 1521 1054 Marsorum.
1579 1009 1622 1055 te
1651 1021 1823 1054 nemus

22 1094 28 1117 v
122 1078 374 1141 Anyitiae,
417 1080 574 1128 vitrea
611 1083 654 1128 te
691 1077 916 1128 Fucinus
953 1080 1114 1136 unda,
1161 1083 1204 1128 te
1242 1080 1416 1141 liquidi
1452 1081 1624 1139 flevere
1663 1081 1823 1129 lacus:
1841 1092 1925 1132 760

24 1163 27 1220 j
123 1153 413 1215 doluerunt,
451 1154 641 1216 inquit,
689 1155 876 1203 exitum
914 1156 1056 1202 tuum
1094 1154 1206 1203 loca
1245 1170 1460 1217 quorum
1496 1155 1671 1203 incolis
1710 1171 1821 1218 pro-

123 1227 269 1276 fuisti
306 1228 632 1291 frequentius.

241 1302 367 1350 Ibat
410 1305 453 1350 et
497 1302 756 1363 Hippolyti
795 1301 963 1362 proles
1007 1301 1343 1362 pulcherrima
1398 1301 1538 1358 belle,
1601 1303 1823 1351 Virbius:

24 1387 94 1421 ἰε
124 1376 271 1425 homo
310 1375 363 1424 in
402 1374 807 1425 dimicationibus
846 1375 1039 1424 bellicis
1078 1375 1424 1439 probatissimi
1466 1378 1675 1441 generis
1735 1377 1822 1424 In-

123 1450 308 1510 siynem
358 1465 497 1509 quem
547 1453 703 1498 mater
751 1449 927 1498 Aricia
975 1451 1110 1498 misit
1161 1451 1382 1499 eductum
1435 1451 1648 1512 quriae
1702 1451 1824 1499 lucis

123 1524 355 1585 Hymetia
386 1525 567 1572 circium
599 1524 763 1581 litora,
789 1524 994 1586 pinquis
1017 1525 1103 1572 ubi
1127 1527 1171 1572 et
1183 1525 1450 1584 placabilis
1482 1540 1577 1574 ara
1598 1525 1824 1574 Dianae:

124 1613 183 1646 ex
211 1598 383 1647 Aricia
419 1600 579 1647 matre
610 1599 807 1662 genitus
839 1600 1063 1648 nutritus
1096 1601 1173 1647 est
1200 1599 1254 1647 in
1285 1599 1410 1647 lucis
1441 1599 1652 1663 Egeriae
1683 1601 1824 1648 iuxta

122 1671 361 1734 Hymetia
398 1672 570 1734 litora,
615 1671 706 1720 ubi
743 1673 936 1721 Dianae
986 1688 1074 1721 ara
1123 1675 1410 1722 consecrata
1449 1675 1538 1722 est.
1615 1687 1824 1733 namque
1842 1685 1926 1725 765

51 1756 96 1791 so
123 1747 288 1806 ferunt
331 1745 553 1808 [fama].·
609 1747 777 1796 ferunt
825 1748 1013 1811 inquit,
1069 1749 1309 1810 quoniam
1355 1747 1530 1796 audita
1574 1749 1823 1796 relaturus

125 1823 222 1882 est,
267 1823 328 1869 ut
373 1822 509 1884 quod
553 1821 690 1870 fama
735 1821 989 1870 ferebatur
1026 1821 1281 1870 videretur
1318 1821 1502 1883 dicere,
1547 1838 1648 1871 non
1691 1822 1825 1885 quod

124 1893 230 1956 ipse
276 1895 425 1957 plena
471 1896 773 1960 cogitatione
821 1895 1090 1945 didicisset.
1165 1897 1510 1958 Hippolytum,
1565 1899 1825 1957 postquam

127 1971 230 2016 arte
267 1983 499 2018 novercae
535 1970 761 2018 occiderit
790 1972 1080 2031 patriasque
1126 1971 1327 2030 explerit
1363 1971 1605 2032 sanquine
1635 1985 1824 2030 poenas

127 2043 334 2091 turbatis
371 2043 632 2092 distractus
670 2045 825 2103 equis,
874 2045 941 2093 ad
978 2044 1143 2093 sidera
1188 2059 1366 2093 rursus
1412 2045 1626 2093 aetheria
1666 2048 1708 2092 et
1743 2059 1824 2092 su-

53 2126 97 2160 8⁶
120 2130 272 2176 peras
310 2117 431 2165 caeli
468 2118 656 2166 venisse
701 2119 792 2166 sub
839 2133 1015 2175 auras,
1067 2118 1299 2167 Paeoniis
1343 2121 1620 2167 revocatum
1664 2118 1824 2166 herbis

128 2193 171 2238 et
206 2205 370 2239 amore
406 2191 632 2240 Dianae:
669 2191 767 2240 fuit
800 2192 937 2240 fama
969 2192 1186 2242 occisum
1214 2192 1552 2256 Hippolytum
1580 2208 1823 2241 remeasse

126 2263 180 2312 in
232 2264 394 2313 lucem
449 2265 667 2314 remedio
720 2265 901 2315 herbae
954 2266 1202 2315 Paeoniae
1256 2269 1307 2315 et
1359 2267 1552 2316 Dianae
1608 2267 1822 2315 amantis

129 2338 331 2387 auxilio,
377 2342 479 2387 tum
501 2343 648 2400 pater
670 2341 969 2400 omnipotens
1000 2342 1211 2401 aliquem
1240 2341 1527 2402 indiqnatus
1551 2342 1613 2390 ab
1638 2342 1824 2389 umbris
1843 2350 1926 2389 770

127 2413 376 2462 mortalem
413 2414 624 2474 infernis
662 2414 730 2462 ad
768 2415 958 2463 lumina
996 2429 1192 2476 surqere
1229 2416 1358 2463 vitae
1394 2415 1499 2475 ipse
1536 2418 1823 2474 repertorem

56 2496 100 2530 ιο
127 2486 394 2535 medicinae
417 2488 531 2536 talis
563 2492 606 2536 et
636 2489 759 2537 artis
789 2489 996 2548 fulmine
1018 2489 1371 2550 Phoebigenam
1398 2489 1592 2552 Styqias
1623 2489 1826 2536 detrusit

247 2661 274 2701 3
306 2658 414 2702 dum
443 2659 650 2703 vult—9
677 2660 840 2704 herbae
879 2673 967 2704 om.
1001 2658 1073 2703 ed.
1198 2663 1222 2703 7
1263 2660 1520 2704 dardaniae
1551 2659 1745 2714 cupidae
1767 2657 1821 2702 V.

131 2718 158 2758 8
199 2729 282 2761 con
327 2731 411 2772 pro
459 2732 560 2763 eum
598 2718 653 2762 V.
777 2723 832 2762 10
879 2725 963 2763 aut
1006 2719 1169 2763 herbae
1206 2717 1249 2762 V
1289 2719 1360 2763 ed.
1408 2720 1490 2763 hoc
1535 2723 1598 2762 est
1639 2718 1681 2760 h.
1725 2731 1822 2760 nos.

133 2777 184 2816 11
216 2777 356 2820 vitria
379 2775 434 2821 V
522 2782 578 2821 14
607 2778 847 2834 hyppolity
870 2779 1019 2833 prolis
1042 2777 1097 2821 V.
1185 2783 1240 2822 16
1272 2779 1392 2823 arici
1423 2777 1563 2832 (infra
1587 2777 1748 2830 aritia)
1773 2775 1822 2819 V.

132 2837 185 2875 17
217 2834 422 2902 hymeria
452 2835 592 2889 (infra
622 2837 837 2894 hymetia)
861 2836 916 2879 V.
1022 2841 1077 2880 18
1108 2839 1397 2893 nutritusque
1430 2836 1500 2879 ed.
1609 2838 1665 2878 20
1695 2837 1823 2889 fama

133 2891 262 2936 deest
293 2893 343 2936 in
373 2893 429 2948 V,
461 2894 543 2938 sed
574 2895 848 2951 explicatur.
949 2900 1002 2939 21
1037 2897 1157 2952 quod
1179 2896 1222 2939 V
1253 2897 1365 2951 quid
1396 2894 1466 2938 ed.
1568 2898 1622 2937 22
1656 2896 1824 2951 coyita-

131 2951 251 2995 tione
274 2951 315 2995 V
340 2953 410 2996 ed.
437 2955 719 3010 coynitione?
800 2958 855 2998 23
888 2955 1114 2999 occiderat
1134 2955 1177 2998 V
1202 2955 1273 2999 ed.
1310 2955 1315 3011 Ι
1350 2953 1602 3009 expleretV
1627 2959 1728 2999 -rat
1751 2954 1823 2997 ed.

133 3012 190 3052 24
220 3012 321 3066 quis
351 3025 435 3066 pro
469 3014 593 3068 equis
616 3012 670 3056 V.
709 3014 713 3071 ι
750 3013 983 3058 adsiderat
1013 3028 1098 3069 pro
1131 3014 1194 3058 ad
1224 3014 1375 3058 sidera
1400 3012 1454 3055 V.
