2050 3226
777 117 1082 163 AENEmos
1112 117 1176 162 x1
1286 125 1290 129 ²
1713 124 1821 178 467

126 258 446 321 monstravit,
484 260 542 307 ut
579 274 752 307 revera
782 274 882 307 non
921 257 1025 306 odii
1061 257 1140 308 sui
1178 274 1397 320 causam,
1443 259 1531 307 sed
1567 260 1823 322 publicum

28 327 37 355 ‘³
125 334 256 382 tueri
294 332 607 382 commodum
645 332 909 381 videretur.
967 331 1077 395 quis
1117 332 1249 381 enim
1285 333 1339 381 in
1376 333 1465 382 illa
1502 334 1824 384 multitudine

49 943 93 975 10

48 1313 90 1346 15

45 2054 87 2087 25

126 408 227 456 fuit
265 408 352 470 qui
389 422 488 455 non
521 407 710 455 doleret
747 407 1008 469 amissum,
1047 422 1160 456 cum
1198 406 1288 455 alii
1324 408 1515 469 patreS‚
1554 407 1644 455 alii
1679 409 1823 471 filios,

125 481 355 530 nonnulli
398 481 578 530 fratres
625 482 714 530 aut
750 482 1055 544 propinquos
1105 481 1186 531 vel
1234 481 1507 530 familiares
1558 481 1821 532 fidissimos

125 554 416 620 gemerent?
459 554 578 603 dum
611 555 761 603 Troia
797 557 1015 618 temptat
1053 557 1217 604 castra
1251 555 1402 619 fugae
1432 555 1587 604 fidens
1628 558 1679 604 et
1716 572 1821 605 cae-

124 630 228 678 lum
278 629 478 678 territat
524 628 696 678 armis:
746 630 796 678 et
839 630 932 677 hoc
982 629 1214 678 dicebant
1255 629 1524 691 inflictum,
1574 629 1693 678 dum
1736 630 1822 678 ille

125 703 343 753 Troiana
380 705 546 752 castra
582 704 853 766 temptaret
891 706 942 752 et
978 719 1078 752 non
1107 705 1211 752 iam
1232 704 1480 766 homineS,
1518 703 1605 752 sed
1630 704 1822 753 caelum

123 779 322 842 pulsare
354 778 683 828 contenderet.
737 779 974 841 temptat,
1012 777 1200 840 inquit,
1239 793 1338 826 non
1371 780 1646 842 expugnat:
1685 778 1821 827 deni-

125 869 222 916 que
261 852 455 902 addidit
491 853 642 916 fugae
678 851 849 901 fidens.
925 853 1170 915 temptare
1206 853 1390 915 quippe
1430 854 1507 901 est
1545 852 1609 900 ad
1646 869 1823 902 unam-

123 943 375 990 quamque
411 942 517 975 rem
555 926 838 975 diffidenter
876 925 1117 975 accedere.
1170 925 1434 975 videbatur
1472 942 1590 991 ergo
1621 926 1822 976 Turnus

122 1003 391 1064 temptasse
424 1002 674 1050 certamen
709 1003 760 1049 et
790 1000 1005 1050 evasisse
1036 999 1285 1064 fugiendo.
1347 1000 1555 1063 proinde
1586 1000 1822 1051 desertio-

121 1076 200 1123 nis
239 1075 285 1123 ei
331 1076 516 1124 crimen
563 1075 799 1136 obiectat,
851 1075 971 1137 quia
1014 1075 1067 1122 in
1106 1074 1284 1123 decimi
1320 1074 1437 1123 libri
1475 1077 1617 1138 parte
1657 1075 1819 1124 dictus

122 1152 198 1198 est
236 1149 502 1214 aufugisse.
554 1151 740 1198 terrere
779 1150 948 1197 autem
988 1148 1183 1197 caelum
1219 1149 1420 1197 videtur
1451 1150 1538 1212 qui
1575 1150 1629 1198 in
1669 1150 1821 1198 armis

122 1224 315 1272 exultat
352 1226 402 1272 et
439 1239 551 1272 cum
596 1224 737 1272 nullo
781 1222 1112 1287 congreditur.
1188 1224 1469 1286 proprietas
1515 1225 1685 1272 tamen
1730 1223 1821 1272 illa

121 1300 198 1347 est
236 1297 381 1361 dicti,
418 1301 478 1347 ut
508 1297 713 1346 Troiani
751 1297 887 1346 caelo
927 1297 1187 1360 conparati
1223 1297 1511 1359 videantur,
1550 1298 1684 1361 quod
1720 1313 1821 1346 non

119 1374 323 1435 possent
366 1371 657 1420 mortalium
707 1370 1024 1435 adgressione
1070 1372 1260 1420 terreri.
1337 1371 1488 1419 Troia
1539 1373 1703 1421 castra
1750 1373 1821 1421 sic

118 1446 442 1508 pronuntiare
474 1446 729 1508 debemus,
767 1448 827 1494 ut
857 1445 1007 1494 Troia
1037 1461 1138 1493 non
1169 1444 1320 1507 duas,
1359 1445 1446 1494 sed
1475 1445 1567 1494 tris
1599 1445 1818 1508 syllabas

118 1520 297 1582 faciat,
334 1523 413 1569 tro
451 1521 724 1584 separatim
764 1523 814 1568 et
851 1520 1046 1569 vocales
1085 1519 1105 1567 i
1143 1521 1194 1568 et
1232 1536 1262 1568 a
1300 1520 1587 1583 separatim.
1655 1522 1820 1569 castra

121 1610 317 1657 quoque
367 1611 466 1643 non
514 1595 644 1644 solos
694 1595 930 1658 parietes,
981 1593 1067 1644 sed
1117 1594 1386 1642 exercitum
1436 1594 1624 1642 dictum
1674 1594 1821 1644 debet

117 1669 360 1733 intellegi.
412 1669 561 1718 huius
600 1669 701 1718 loci
738 1683 911 1717 sensus
951 1668 1022 1717 sic
1060 1668 1340 1716 ordinatur:
1378 1668 1496 1717 licet
1525 1684 1666 1717 arma
1694 1668 1821 1717 mihi

117 1745 428 1807 mortemque
457 1744 678 1792 minetur
709 1744 848 1792 cuius
874 1742 936 1792 ob
961 1742 1237 1806 auspicium
1259 1742 1536 1791 infaustum
1558 1758 1818 1806 moresque

118 1816 343 1866 sinistros
397 1818 589 1866 lumina
640 1819 719 1866 tot
771 1816 1004 1866 cecidisse
1054 1817 1234 1865 ducum
1283 1817 1543 1879 totamque
1592 1816 1817 1866 videmus

120 1891 397 1940 consedisse
435 1891 608 1940 urbem
645 1892 804 1953 luctu,
857 1891 975 1939 dum
1013 1890 1164 1939 Troia
1201 1892 1419 1954 temptat
1464 1892 1629 1940 castra
1667 1891 1817 1955 fugae

118 1965 272 2014 fidens
320 1967 370 2014 et
415 1966 608 2014 caelum
645 1966 846 2014 territat
889 1966 1054 2014 armiS.
1130 1980 1286 2012 unum
1333 1965 1477 2013 etiam
1515 1965 1657 2013 donis
1693 1966 1815 2022 istis,

118 2054 243 2099 quae
267 2039 490 2100 plurima
517 2040 642 2087 mitti
671 2039 988 2088 Dardanidis
1018 2039 1205 2099 dicique
1235 2040 1392 2096 iubae,
1427 2054 1603 2096 unwm,
1644 2040 1818 2100 optime

117 2128 310 2175 reywm,
350 2114 541 2162 adicias
570 2127 657 2162 nec
686 2116 730 2162 te
758 2114 911 2162 ullius
936 2113 1166 2161 violentia
1195 2114 1382 2162 vincat:
1420 2112 1547 2161 dixit
1568 2114 1815 2177 placuisse

119 2187 348 2236 omnibus
388 2187 686 2236 sententiam
729 2189 886 2252 regis,
936 2187 1021 2236 sed
1068 2186 1263 2236 addidit
1300 2187 1519 2237 Drances
1561 2188 1694 2250 quod
1730 2187 1815 2236 ille

119 2262 344 2311 consulto
383 2264 434 2311 et
464 2261 737 2311 verecunde
768 2261 1132 2324 transmiserat3
1171 2261 1282 2310 finis
1322 2261 1454 2310 enim
1483 2262 1615 2311 bello
1648 2264 1816 2324 posset

119 2337 370 2397 accedere,
410 2335 453 2384 si
481 2336 744 2385 tolleretur
775 2351 922 2384 causa
952 2336 1294 2384 certaminum.
1357 2336 1428 2385 ait
1457 2337 1615 2400 igitur
1645 2352 1814 2398 unum,

119 2410 252 2474 quod
289 2412 485 2459 tantam
521 2410 697 2459 habuit
726 2409 1058 2473 persuadendi
1095 2410 1452 2471 substantiam,
1490 2413 1548 2459 ut
1576 2410 1670 2458 hoc
1707 2426 1813 2457 rur-

119 2500 228 2533 sum
276 2485 550 2534 necessario
604 2485 878 2547 repetisset.
955 2485 1064 2547 qui,
1111 2484 1302 2547 inquit,
1353 2483 1581 2533 Troianis
1630 2483 1815 2532 misisti

238 2646 264 2685 6
310 2641 487 2685 dicebat
531 2640 604 2686 ed.
742 2644 767 2683 9
807 2654 995 2698 puqnae
1038 2654 1123 2697 pro
1168 2642 1307 2698 fugae
1362 2643 1520 2697 (supra
1566 2640 1707 2694 recte)
1755 2637 1811 2685 V.

119 2705 173 2743 11
207 2700 475 2745 desertiones
505 2705 546 2744 et
576 2700 745 2744 crimen
768 2699 811 2743 V
842 2700 885 2744 d.
910 2705 952 2745 et
973 2701 1170 2745 crimina
1195 2701 1265 2744 ed.
1292 2700 1556 2744 desertionis
1578 2700 1620 2742 ei
1643 2700 1812 2742 crimen

118 2773 215 2802 nos.
323 2763 378 2803 13
410 2764 561 2804 autem
593 2773 680 2803 om.
707 2758 781 2803 ed.
890 2763 943 2803 18
974 2764 1045 2804 tro
1067 2759 1110 2803 V
1141 2765 1209 2804 tro
1241 2761 1259 2803 i
1291 2774 1320 2802 a
1352 2759 1423 2802 ed
1538 2762 1590 2801 19
1622 2758 1747 2802 solus
1769 2756 1812 2800 V

118 2819 215 2863 ·los
245 2832 328 2862 nos
367 2819 489 2863 -lum
521 2818 592 2863 ed.
716 2823 772 2862 20
810 2818 932 2862 hanc
971 2832 1132 2864 sensus
1170 2817 1511 2862 ordinationem
1553 2817 1678 2860 omni
1712 2830 1811 2860 ver-

119 2875 282 2920 borum
319 2877 694 2922 collocandorum
726 2877 898 2921 rationi
928 2877 1211 2922 contrariam
1243 2876 1474 2943 lemmatis
1509 2875 1809 2920 distinctione

43 2997 46 2999 Α
120 2936 376 2991 exprimere
407 2951 499 2980 non
530 2937 678 2993 potui.
802 2941 858 2981 30
889 2939 1192 2983 constantiam
1225 2936 1296 2980 ed.

1456 3024 1542 3068 30*
