2078 3260
782 135 1088 181 AENEIDOS
1119 135 1206 180 XII
1733 139 1840 192 607

147 293 378 341 campum
408 279 637 341 apertum
668 276 807 339 dixit,
832 275 950 340 quia
982 276 1137 325 caesis
1159 274 1384 325 hostibus
1408 277 1487 325 vel
1511 279 1670 325 metus
1695 292 1845 340 causa

148 351 333 416 sparsis
379 366 566 400 vacuus
613 350 878 399 videbatur
926 353 976 400 et
1024 352 1223 414 patens3
1274 350 1508 414 rapiebat
1542 349 1675 412 ideo,
1727 353 1845 414 quia

148 426 397 475 volantem
439 441 591 489 supra
630 425 914 490 descripsit,
961 426 1021 473 ut
1057 424 1392 474 mactantibus
1431 425 1590 473 hostis
1628 441 1726 473 non
1766 441 1843 474 oc-

149 501 367 549 curreret
416 500 754 548 resistentium
802 515 955 548 mora.
1010 500 1171 559 qualis
1208 499 1294 548 ubi
1339 499 1406 547 acl
1447 502 1603 547 terras
1642 500 1846 559 abrupto

98 589 118 622 5
148 574 305 623 sidere
341 574 537 622 nimbus
574 574 613 622 it
647 588 785 622 mare
816 588 908 634 per
944 574 1181 622 medium.-
1230 575 1422 636 quanta
1459 573 1535 622 vis
1579 575 1656 622 est
1693 573 1850 621 nimbi

149 663 280 712 quae
319 647 564 697 conflatur
609 664 667 696 ex
715 663 901 712 magna
945 647 1232 710 pluviarum
1280 646 1445 711 copia,
1495 648 1578 696 eui
1615 647 1733 696 licet
1778 648 1848 695 ire

148 739 238 785 per
284 721 503 770 medium
553 738 703 771 mare.
756 722 949 770 miseris
986 722 1079 770 heu
1107 722 1340 783 praescia
1386 721 1522 783 lonye
1570 722 1852 770 horrescunt

149 796 298 845 corda
336 796 586 858 ayricolis:
616 812 715 844 non
754 795 886 845 enim
916 798 1054 859 prius
1092 796 1271 845 fluctus
1310 795 1480 860 pelagi
1509 796 1714 858 scindit,
1753 795 1852 844 nisi

150 871 265 920 ante
303 870 582 934 pervaserit
619 886 842 934 camp08,
881 869 1092 934 denique
1132 871 1358 933 sequitur
1395 871 1532 918 dabit
1560 871 1641 919 ille
1674 871 1851 919 ruinas

77 963 119 996 ιο
150 945 409 994 arboribus
447 949 748 1007 stragemque
792 946 939 993 satis:
988 945 1111 994 satis
1158 945 1283 994 dixit
1328 943 1535 994 diversis
1580 943 1851 993 seminibus

148 1021 310 1067 terrae
348 1018 610 1068 mandatis
671 1022 780 1067 ruet
815 1020 983 1067 ommia
1014 1019 1128 1075 late,
1173 1019 1266 1067 hoc
1304 1021 1380 1067 est
1416 1019 1517 1068 late
1556 1020 1850 1082 prosternet.

156 1097 268 1141 ante
304 1094 471 1142 volant
499 1094 800 1154 sonitumque
829 1095 996 1153 ferunt
1025 1093 1092 1142 ad
1122 1094 1266 1142 litora
1299 1094 1451 1141 venti:
1488 1095 1681 1142 torrens
1720 1094 1852 1141 enim
1867 1104 1954 1144 455

149 1169 265 1230 post
297 1169 487 1232 strages
528 1170 579 1216 et
617 1167 878 1216 arboribus
918 1170 968 1216 et
998 1166 1120 1216 satis
1151 1168 1337 1216 inlatas
1373 1183 1487 1216 cum
1517 1167 1854 1230 propinquare

149 1243 203 1289 in
233 1257 369 1290 mare
403 1242 639 1304 coeperit,
679 1241 933 1304 praecedit
962 1257 1076 1290 eum
1107 1243 1300 1290 sonitus
1332 1257 1575 1305 aquarum
1606 1243 1677 1303 et,
1718 1243 1854 1290 ante-

78 1334 118 1365 15
152 1331 303 1380 quam
341 1317 447 1379 ipse
486 1315 765 1378 perveniat,
816 1315 960 1380 signa
1006 1315 1112 1365 eius
1159 1316 1385 1365 volantes
1432 1316 1666 1364 adferunt
1702 1315 1853 1365 venti.

151 1391 265 1439 talis
294 1391 350 1437 in
381 1390 611 1439 adversos
642 1391 810 1438 ductor
832 1390 1090 1438 Rhoeteius
1127 1390 1276 1439 hostis
1314 1405 1487 1452 aymen
1524 1391 1648 1451 ayit:
1686 1406 1853 1453 quem-

152 1464 415 1513 admodum
476 1480 654 1528 agmen
712 1480 956 1527 aquarum
1017 1464 1322 1513 torrentibus
1382 1465 1746 1528 praecipitatur
1805 1467 1855 1513 et

151 1541 300 1602 urget
322 1538 375 1586 in
399 1554 535 1586 mare
567 1554 666 1586 non
698 1539 803 1587 sine
836 1555 1008 1588 eorum
1038 1539 1253 1602 pernicie
1277 1555 1365 1601 per
1389 1554 1516 1601 quae
1540 1539 1669 1587 forte
1693 1540 1854 1588 trans-

150 1613 286 1674 ierit,
337 1612 407 1662 sic
458 1628 571 1661 cum
617 1611 814 1677 agmine
865 1629 953 1661 suo
1003 1612 1197 1662 Aeneas
1244 1613 1298 1660 in
1343 1612 1556 1662 Rutulos
1604 1612 1855 1661 ferebatur

77 1704 120 1737 so
151 1687 380 1736 infestus,
413 1687 577 1735 elensis
601 1687 766 1735 cuneis
789 1701 839 1735 se
863 1688 1062 1748 quisque
1078 1688 1252 1736 coactis
1269 1687 1624 1748 adqlomerant:
1641 1688 1856 1736 multum

152 1762 284 1810 enim
322 1762 461 1810 valet
490 1761 818 1824 plurimorum
856 1761 910 1809 in
948 1778 1103 1809 unum
1134 1763 1300 1810 artata
1331 1762 1607 1825 congestio,
1645 1761 1854 1824 proinde

150 1835 493 1899 unusquisque
533 1851 583 1884 se
634 1835 858 1899 stipabat
901 1835 954 1883 in
1005 1852 1238 1898 cuneum,
1291 1853 1352 1883 ne
1404 1837 1677 1898 oportunus
1714 1836 1857 1885 fieret

151 1910 315 1958 morti.
378 1911 494 1970 ferit
546 1924 656 1958 ense
705 1924 905 1971 ,oravem
959 1910 1292 1971 Thymbraeus
1347 1909 1550 1966 Osirim,
1604 1911 1856 1958 Areetium

153 1984 458 2040 Mnestheus,
497 1983 774 2044 Epulonem
812 1985 1065 2033 obtruncat
1099 1982 1310 2032 Achates
1349 1984 1662 2044 Ufentemque
1695 1983 1856 2046 Gyas:
1872 1996 1958 2038 460

80 2075 122 2107 25
155 2057 419 2106 obtruncat
450 2057 512 2106 ad
545 2058 704 2107 omnis
735 2074 1047 2121 percussores
1079 2059 1310 2122 pertinet,
1341 2058 1668 2121 Mnestheum,
1695 2058 1856 2107 Acha-

154 2134 260 2193 ten,
293 2130 452 2195 Gyan.
507 2133 638 2181 cadit
665 2133 770 2193 ipse
795 2133 1084 2180 Tolumnius
1115 2148 1289 2194 auyur,
1316 2133 1511 2193 primus
1540 2133 1594 2180 in
1626 2133 1856 2181 adversos

154 2205 301 2255 telwm
338 2207 421 2266 qui
459 2210 663 2255 torserat
699 2207 872 2255 hostis:
923 2207 1057 2269 quod
1103 2206 1175 2255 ait
1218 2207 1348 2270 ipse,
1397 2208 1596 2270 poterat
1634 2206 1857 2255 dubitari

156 2280 276 2344 quid
330 2280 653 2344 significaret,
707 2281 818 2329 ideo
868 2281 962 2330 hoc
1014 2280 1179 2343 ipsum
1230 2281 1367 2344 prior
1416 2282 1647 2345 exposuit
1694 2283 1855 2343 poeta,

156 2354 348 2416 cecidit,
379 2354 560 2417 inquit,
589 2354 696 2419 ipse
733 2371 893 2419 augur
916 2355 1209 2404 Tolumnius
1246 2356 1332 2418 qui
1364 2355 1607 2403 mittendo
1631 2355 1855 2405 iaculum

82 2444 125 2477 30
151 2427 346 2492 primus
385 2428 610 2478 turbavit
647 2429 859 2478 foederis
897 2431 1059 2492 pacta.
1115 2430 1297 2478 tollitur
1333 2430 1388 2477 in
1427 2430 1613 2478 caelum
1651 2430 1856 2478 clamor:

280 2604 302 2642 1
343 2605 486 2645 metus
524 2614 666 2645 causa
697 2600 739 2644 V
778 2605 898 2645 metu
939 2600 1009 2645 ed.
1134 2606 1162 2645 4
1199 2603 1503 2646 resistentium
1530 2601 1572 2643 V
1597 2600 1685 2644 edI
1717 2614 1855 2656 prae-

156 2659 351 2703 sentium
383 2659 441 2703 ed
451 2659 499 2702 F.
611 2663 638 2702 8
670 2665 772 2704 no—is
802 2665 990 2716 anteper
1020 2662 1209 2706 eraserit
1231 2660 1274 2704 V
1304 2662 1398 2705 nisi
1429 2666 1534 2704 ante
1565 2661 1751 2704 eraserit
1782 2659 1854 2703 ed.

161 2723 212 2761 11
254 2719 351 2763 ruit
381 2718 423 2761 V
455 2718 541 2773 ed.‚
582 2718 663 2762 sed
702 2719 751 2762 in
790 2718 982 2775 interpr.
1014 2725 1270 2776 prosternet
1302 2719 1355 2774 V,
1388 2732 1530 2775 quare
1560 2725 1660 2763 ruet
1691 2718 1857 2774 scripsi

151 2778 404 2833 prosternit
441 2778 512 2821 ed.
638 2782 692 2822 18
723 2782 832 2823 sunt
858 2777 900 2821 V
929 2779 1028 2823 sine
1067 2793 1181 2824 corr.
1215 2779 1286 2823 ed.
1412 2782 1466 2822 19
1504 2778 1770 2832 ferebantur
1800 2777 1855 2822 V.

161 2840 216 2879 20
264 2836 415 2881 densis
454 2836 495 2879 V
543 2836 672 2881 densi
717 2837 789 2881 ed.
838 2838 886 2881 et
931 2837 1068 2896 Verg.
1118 2838 1240 2882 libri.
1371 2842 1427 2881 23
1474 2838 1737 2882 Archetium
1783 2837 1854 2882 ed.

161 2899 216 2938 26
248 2897 518 2940 inadversus
541 2895 596 2939 V.
719 2900 775 2940 28
801 2897 937 2953 prius
967 2897 1038 2941 ed.
1162 2901 1217 2941 29
1250 2898 1400 2953 inquit
1431 2908 1520 2940 om.
1553 2896 1623 2940 ed.
1674 2897 1678 2954 Ι
1729 2897 1856 2941 iacu-

162 2955 255 2998 lum
278 2954 319 2998 V
351 2957 487 2999 telum
519 2955 590 3000 ed.

1580 3132 1616 3192 8
