2050 3226
59 2085 100 2120 25

779 151 1084 198 AENmDos
1107 152 1173 197 x1
1714 157 1822 210 407

133 294 294 344 adhuc
339 293 575 358 portabat
619 293 912 356 Mezentius3
958 293 1079 343 item
1125 294 1335 356 possunt
1379 294 1557 342 trunca
1602 293 1827 359 intellegi

23 373 35 437 Ιἴ
133 384 261 431 quae
299 383 390 417 nec
427 368 586 416 hostis
625 383 796 416 necem
834 367 1063 431 perficere
1102 382 1192 416 nec
1231 367 1487 416 dominum
1523 369 1657 415 tueri
1688 370 1827 417 valu-

30 507 33 513 .
132 445 290 491 erunt.
366 445 411 491 et
469 442 543 490 bis
603 455 686 490 sex
747 442 946 491 thoraca
996 441 1204 502 petitum
1255 441 1629 503 perfossumque
1690 443 1828 491 locis:
1860 451 1916 492 10

132 518 323 579 quanta
375 516 451 565 vis
505 515 604 563 fuit
654 515 801 564 istius
858 517 946 579 qui
996 515 1256 564 duodecim
1304 515 1468 579 plagis
1519 515 1677 564 occidi
1728 532 1828 564 non

130 591 318 654 potuit!
396 590 594 638 constat
646 589 778 638 enim
832 589 1009 639 dehinc
1068 590 1243 655 iugulo
1297 590 1581 639 confossum
1635 589 1828 639 dedisse

130 665 397 714 terminum
434 665 583 713 vitae.
661 666 805 726 aptat
844 663 972 713 dixit
1010 666 1126 727 apte
1165 663 1403 727 conponit
1441 665 1491 711 et
1528 664 1622 712 hoc
1660 665 1828 726 ipsum

132 741 276 802 aptat
327 755 427 787 non
477 739 629 787 semel
681 738 1022 802 accipiendum
1073 740 1171 800 est3
1222 738 1418 802 aptavit
1468 739 1601 787 enim
1651 739 1827 788 cristas

131 813 324 877 galeae,
373 813 571 876 aptavit
615 813 742 874 tela,
794 812 990 875 aptavit
1036 814 1086 861 et
1130 813 1349 861 thoraca.
1426 812 1724 873 clipeumque
1772 827 1828 861 ex

131 901 242 935 aere
271 887 502 935 sinistrae
533 886 746 947 subliyat
777 890 918 946 atque
949 901 1110 935 ensem
1141 887 1257 935 cotto
1288 887 1542 946 suspendit
1565 887 1829 935 eburnum:

130 960 353 1025 subligat
391 963 442 1009 et
481 959 761 1023 suspendit:
808 960 970 1010 simile
1008 960 1198 1009 factum
1237 961 1441 1024 pulchre
1479 960 1644 1010 verbis
1684 960 1827 1010 dissi·

129 1035 351 1084 millimis
398 1034 638 1095 variavit,
686 1034 773 1083 sed
819 1037 1015 1083 scutum
1061 1034 1132 1083 sic
1179 1034 1455 1098 apparebat
1503 1036 1647 1098 quasi
1692 1036 1828 1083 tene·

129 1111 288 1169 retur,
336 1111 505 1158 tamen
545 1109 698 1157 etiam
734 1108 900 1171 ipsum
946 1108 1195 1173 pendebat
1233 1110 1466 1158 sinistrae
1506 1109 1827 1172 subligatum.

129 1183 328 1232 hastam
398 1199 597 1246 quoque
667 1182 951 1244 constituit,
1028 1199 1177 1246 quam
1248 1183 1363 1231 vivo
1432 1183 1596 1232 adhuc
1664 1182 1829 1232 Lauso

129 1257 404 1306 Mezentius
450 1257 654 1306 miserat
692 1250 807 1323 (10,
832 1259 861 1305 7
871 1260 899 1306 7
907 1251 977 1325 6).
1055 1261 1157 1305 tum
1203 1257 1355 1305 socios
1402 1257 1634 1318 (namque
1671 1258 1830 1306 omnis

131 1346 240 1380 eum
288 1332 474 1392 stipata
522 1331 705 1393 teyebat
752 1332 898 1380 turba
947 1331 1148 1392 ducum)
1200 1332 1270 1379 sic
1318 1332 1556 1392 incipiens
1608 1331 1830 1380 hortatur

129 1406 346 1454 ovantis:
393 1407 502 1454 tum
539 1405 632 1454 hoc
672 1406 749 1454 est
785 1404 1018 1468 perfectis
1069 1404 1252 1454 divinis
1301 1405 1449 1454 rebus
1501 1406 1659 1454 socios
1711 1420 1828 1454 suos

130 1478 311 1542 incipit
350 1479 579 1542 adloqui3
617 1479 724 1528 illic
755 1480 888 1528 enim
919 1495 1031 1528 cum
1062 1479 1268 1528 ducibus
1301 1479 1571 1528 adfuerunt
1601 1479 1827 1543 frequen-

129 1555 205 1602 tes
229 1570 344 1603 cum
368 1554 519 1616 plena
542 1553 761 1615 laetitia,
793 1553 926 1617 quod
948 1555 1055 1602 tam
1083 1552 1360 1616 pernicioso
1385 1554 1527 1602 hoste
1552 1555 1830 1604 caruissent

130 1630 181 1677 et
232 1629 286 1676 in
342 1644 441 1690 quo
494 1643 612 1690 pars
667 1628 822 1676 Turni
876 1628 1044 1676 fuerat
1105 1627 1281 1676 debilis
1342 1627 1552 1676 reddita.
1637 1629 1829 1677 interea

131 1704 323 1766 quanta
354 1703 548 1751 occasio
579 1702 820 1764 loquendi
857 1701 1002 1751 laetis
1035 1701 1182 1750 rebus
1223 1705 1273 1750 et
1312 1703 1458 1751 sociis
1496 1702 1576 1750 vel
1613 1703 1828 1751 maxime

130 1776 406 1840 potioribus
444 1775 499 1824 in
537 1792 694 1824 unum
734 1777 975 1825 collectis!
1039 1776 1286 1825 sociorum
1325 1775 1688 1840 significatione
1728 1792 1828 1825 non

131 1851 264 1899 solos
303 1850 543 1899 Troianos
591 1851 678 1900 sed
724 1853 775 1899 et
820 1866 902 1900 eos
950 1851 1038 1914 qui
1074 1850 1137 1899 iis
1177 1849 1364 1899 auxilio
1404 1852 1645 1900 venerant
1684 1850 1829 1899 debet

130 1924 359 1988 intellegi
418 1924 520 1973 illis
575 1924 796 1974 coetibus
849 1923 1148 1973 interfuisse.
1238 1925 1459 1973 maxima
1509 1939 1589 1973 res
1643 1926 1825 1985 effecta,

135 1999 249 2055 viri,
296 1998 438 2046 timor
475 1999 633 2047 omnis
672 2000 853 2056 abest0‚
902 1999 1028 2059 quod
1065 2002 1308 2059 superest‚·
1355 1998 1473 2047 haec
1517 2003 1633 2047 sunt
1669 1999 1829 2060 spolia

133 2076 175 2120 et
220 2072 278 2120 de
322 2086 431 2133 reye
476 2073 682 2132 superbo
723 2073 973 2134 primitiae
1018 2073 1339 2132 manibusque
1383 2073 1503 2121 meis
1552 2074 1828 2122 Mezentius

131 2147 207 2195 hic
253 2149 344 2194 est:
391 2145 573 2207 occis0,
618 2146 805 2209 inquit,
850 2147 1094 2195 Mezentio
1140 2147 1356 2195 maxima
1379 2162 1516 2210 ,pars
1555 2147 1676 2195 belli
1714 2163 1826 2196 con-

132 2220 263 2269 fecta
317 2223 413 2282 est,
473 2220 668 2283 reliqua
720 2236 820 2269 non
873 2223 993 2270 sunt
1045 2219 1333 2283 metuenda3
1395 2220 1635 2284 quicquid
1697 2222 1827 2270 enim

133 2297 357 2357 superest
386 2294 518 2342 bello
549 2297 805 2358 perempto
836 2293 934 2343 isto
966 2295 1184 2358 proclive
1215 2295 1491 2358 perfectum
1523 2297 1611 2344 est.
1659 2296 1826 2344 nullus

133 2367 528 2433 congressionem
574 2370 768 2417 metuat
812 2370 866 2416 in
914 2385 1013 2432 qua
1058 2368 1330 2418 Mezentius
1376 2385 1476 2417 non
1523 2371 1597 2418 est
1636 2385 1714 2431 ac,
1765 2385 1826 2416 ne

132 2443 260 2491 forte
311 2442 549 2491 dubitetis
601 2442 838 2504 occisum,
890 2443 998 2505 ipse
1046 2442 1142 2492 iste
1192 2445 1267 2492 est
1316 2442 1375 2491 de
1427 2458 1526 2506 quo
1576 2442 1825 2506 primitias

133 2516 249 2576 feci,
287 2518 394 2580 ipse
434 2520 509 2565 est
541 2516 629 2579 qui
659 2516 843 2579 pendet
875 2516 1063 2565 arboris
1093 2519 1292 2579 trunco,
1331 2518 1448 2566 talis
1489 2519 1564 2565 est
1601 2516 1824 2566 redditus

131 2590 361 2639 manibus
400 2590 522 2640 meis
556 2591 750 2654 qualem
786 2590 951 2640 videre
989 2591 1254 2641 maluistis.
1319 2593 1481 2639 cetera
1520 2590 1616 2639 diis
1655 2591 1825 2639 faven-

252 2737 308 2776 10
339 2732 638 2776 dissimilibus
669 2731 740 2776 ed.
857 2735 912 2775 15
945 2745 1045 2777 eum
1077 2746 1164 2776 om.
1190 2731 1244 2777 V.
1370 2736 1423 2775 17
1455 2732 1552 2775 illic
1575 2730 1616 2774 V
1647 2732 1722 2775 illi
1752 2731 1823 2776 ed.

134 2795 187 2834 21
228 2791 501 2848 siqnisicatio
532 2791 572 2833 V
609 2790 680 2835 ed.
725 2803 837 2835 -one
874 2804 970 2834 nos.
1105 2795 1159 2835 22
1199 2792 1320 2836 solus
1356 2791 1584 2835 Troianus
1607 2789 1649 2834 V
1679 2791 1826 2835 solum

139 2850 360 2894 Troianos
402 2850 474 2894 ed.
538 2850 543 2906 Ι
611 2855 653 2894 et
698 2863 786 2893 om.
827 2849 897 2893 ed.
962 2849 966 2908 Ι
1030 2851 1082 2895 in
1125 2851 1303 2894 auxilio
1338 2849 1380 2893 V
1416 2849 1487 2893 ed.
1534 2850 1594 2894 iis
1635 2864 1677 2893 a.
1726 2863 1823 2894 noe.

135 2912 189 2951 23
231 2909 668 2963 illis—interfuisse
709 2910 883 2952 temere
925 2911 1040 2953 mut.
1081 2909 1152 2954 ed,
1277 2912 1331 2952 28
1375 2909 1486 2953 bello
1519 2907 1562 2951 V
1605 2908 1709 2953 belli
1751 2909 1821 2954 ed.

134 2970 188 3010 31
223 2967 399 3012 arboris
422 2967 463 3011 V
494 2969 546 3011 in
578 2982 619 3012 α.
654 2967 724 3012 ed.

1862 2004 1917 2045 15
