2050 3226
753 176 1059 238 AENEIDos
1083 191 1170 237 vn
1740 197 1811 251 21

113 333 325 394 dapibus
374 347 652 382 consumere
701 346 920 389 mensas,
971 335 1074 380 twm
1125 346 1325 394 sperare
1377 332 1542 381 domos
1595 333 1815 393 defessus

110 408 271 469 ibique
306 410 539 456 memento
574 408 742 468 prima
786 407 944 455 locare
978 421 1136 455 manu
1170 407 1426 467 molirique
1463 420 1634 469 ayyere
1671 410 1791 455 tecta
1800 424 1817 455 .-

113 497 227 531 cum
259 480 322 530 ad
351 482 541 546 ignota,
571 482 752 544 inquit,
782 481 1063 544 perveneris
1094 481 1205 530 loca
1243 484 1293 529 et
1332 483 1602 530 extremam
1632 482 1816 530 famem

112 555 266 604 fueris
311 571 487 618 passus
534 558 585 604 et
629 571 739 603 eam
779 571 906 618 quae
943 556 994 604 te
1033 557 1182 620 cogat
1220 556 1373 603 etiam
1413 571 1578 604 sacras
1617 571 1815 604 mensas

42 641 82 675 ιε
111 629 368 691 invadere,
406 630 511 678 illic
549 645 694 692 spera
731 631 1026 693 perpetuam
1063 628 1307 693 requiem,
1345 629 1451 678 illic
1480 629 1816 678 firmissimam

112 705 298 765 sedem,
344 720 460 752 mox
505 705 717 767 denique
764 703 1030 768 adgredere
1070 702 1512 752 fundamentorum
1550 706 1726 766 coepta
1764 706 1817 752 et

110 779 479 827 institutionem
529 778 790 827 domorum
838 777 1068 826 felicibus
1120 778 1357 840 auspiciis
1406 777 1613 841 suscipe.
1698 778 1815 826 haec

112 856 218 901 erat
252 853 342 901 illa
378 853 558 912 fames,
598 853 716 901 hacc
752 866 842 900 nos
880 867 1112 913 suprema
1143 853 1374 901 manebat
1403 853 1563 901 exitiis
1587 853 1815 914 positura

109 927 332 975 modum:
403 942 589 991 magna
648 926 958 975 confirmatio
1017 927 1318 988 animorum,
1372 927 1575 975 illorum
1626 926 1816 975 scilicet

58 1013 80 1046 o
113 1016 238 1064 quos
287 1002 382 1049 iste
431 1000 727 1050 turbaverat
771 1016 930 1049 casus.
998 1001 1155 1049 fames
1194 1002 1315 1062 ista,
1362 1002 1552 1063 inquit,
1597 1000 1816 1063 optanda

110 1075 281 1138 potius
320 1075 486 1123 fuerat
525 1091 678 1138 quam
714 1074 1006 1137 metuenda3
1052 1076 1192 1124 venit
1238 1075 1369 1123 enim
1416 1091 1528 1123 cum
1564 1075 1814 1123 malorum

112 1151 336 1197 omnium
366 1149 462 1197 fine
502 1152 552 1198 et
589 1165 774 1211 parvae
804 1149 1115 1198 necessitatis
1153 1150 1357 1198 horrore
1389 1149 1609 1198 adversis
1651 1149 1813 1198 solitis

110 1223 378 1272 terminum
417 1223 567 1272 dedit.
643 1224 737 1271 hoc
776 1225 844 1272 sic
883 1225 1106 1285 positum
1145 1225 1241 1285 est,
1295 1226 1355 1271 ut
1402 1224 1600 1288 signum
1645 1223 1813 1286 potius

111 1297 343 1346 videatur
392 1312 496 1346 esse
552 1313 703 1359 quam
755 1313 932 1361 poena.
1026 1297 1136 1361 quis
1187 1313 1288 1345 non
1344 1300 1542 1360 optaret
1592 1298 1814 1346 inediam

37 1382 80 1416 15
110 1373 287 1433 talem,
345 1387 471 1434 quae
523 1372 798 1433 praeterita
851 1372 985 1420 mala
1037 1371 1342 1435 propeHeret
1395 1374 1445 1420 et
1498 1372 1815 1420 securitatem

110 1446 311 1509 plenam
365 1446 630 1508 sponderet
686 1445 739 1493 in
798 1445 1090 1509 posterum?
1174 1461 1326 1506 quare
1380 1447 1506 1508 ayite
1560 1450 1603 1494 et
1650 1447 1813 1507 primo
1832 1456 1920 1496 130

113 1521 226 1569 laeti
272 1535 381 1568 cum
427 1520 609 1568 lumine
655 1521 772 1568 solis
825 1534 950 1580 quae
997 1520 1103 1569 loca
1149 1521 1289 1580 quive
1335 1521 1547 1570 habeant
1582 1521 1812 1576 homines,

34 1620 38 1636 ι
110 1595 196 1643 ubi
232 1595 426 1643 moenia
460 1595 617 1655 ⁸qentis
662 1596 947 1656 vestiyemus
987 1598 1030 1642 et
1068 1610 1100 1643 a
1130 1598 1281 1654 portu
1326 1594 1523 1643 diversa
1565 1598 1815 1655 petamus:

34 1668 38 1702 ἵ
112 1669 272 1718 securi
310 1669 368 1717 de
407 1670 649 1731 perpetua
696 1670 892 1731 requie,
941 1684 1057 1716 mox
1095 1672 1154 1717 ut
1193 1669 1268 1717 sol
1314 1669 1560 1718 crastinus
1600 1669 1814 1730 fulserit,

59 1753 81 1786 ο
111 1744 232 1792 haec
281 1758 507 1808 agamus:
557 1743 868 1806 exploremus
910 1745 1073 1807 primo
1114 1759 1241 1806 quae
1281 1744 1390 1792 loca
1430 1746 1568 1805 sunt,
1606 1744 1701 1792 hoo
1740 1746 1816 1791 est

32 1831 34 1834 ⁴
113 1818 306 1880 qualia,
359 1819 508 1880 quive
558 1817 746 1866 habent
792 1818 1040 1879 homines,
1089 1818 1298 1866 humani
1349 1817 1540 1866 scilicet
1591 1833 1656 1865 an
1705 1817 1814 1879 feri,

111 1894 319 1954 propter
363 1891 603 1940 novitatis
653 1892 866 1953 ineerta,
916 1892 996 1941 vel
1032 1892 1119 1939 ubi
1159 1893 1260 1940 sint
1297 1892 1519 1955 ipsorum
1555 1892 1815 1940 hominum

113 1966 332 2026 moenia,
377 1981 474 2028 quo
522 1967 769 2029 possimus
818 1982 848 2014 a
894 1968 1047 2029 portu
1094 1966 1362 2015 deflectere.
1439 1981 1572 2014 nunc
1612 1969 1816 2026 pateras

115 2041 260 2088 libate
297 2040 409 2088 Iovi
439 2041 760 2100 precibusque
797 2044 961 2089 vocate
1002 2039 1252 2089 Anchisen
1295 2042 1557 2101 yenitorem
1609 2044 1652 2088 et
1695 2041 1815 2088 vina

18 2121 83 2155 ηε
114 2115 328 2174 reponite
380 2115 586 2162 mensis:
644 2115 857 2176 interea,
923 2118 1196 2178 antequam
1258 2114 1357 2162 diei
1412 2115 1618 2163 alterius
1673 2117 1814 2163 actus

26 2245 30 2254 θ
115 2189 407 2250 adventent‚
446 2203 577 2236 nunc
615 2190 787 2237 vinum
825 2189 1091 2238 fundamus
1130 2189 1318 2252 pateris
1357 2188 1467 2238 Iovi
1498 2190 1579 2237 vel
1616 2188 1815 2236 honori·

28 2267 37 2318 ’,
113 2263 232 2311 ficas
270 2278 437 2325 preces
469 2263 606 2325 patri
636 2279 761 2324 meo,
800 2262 990 2311 duobus
1023 2263 1215 2311 scilicet
1247 2263 1531 2311 auctoribus
1563 2262 1696 2326 signi
1726 2279 1816 2324 per

25 2327 36 2403 1
116 2336 251 2398 quod
290 2336 449 2385 securi
487 2353 656 2385 sumus
696 2338 880 2399 effecti3
911 2353 1028 2385 nam
1067 2340 1117 2385 et
1156 2337 1243 2399 qui
1279 2337 1431 2386 iussit
1469 2339 1518 2385 et
1548 2353 1637 2400 per
1667 2353 1815 2399 quem

24 2403 35 2447 ἶ
114 2411 249 2459 iussa
278 2411 389 2473 ipsa
419 2412 615 2473 perlata
638 2413 755 2460 sunt
783 2411 837 2459 in
867 2412 1053 2459 honore
1076 2412 1292 2459 maximo
1317 2411 1468 2474 primi
1492 2426 1595 2460 esse
1620 2410 1813 2458 debent.

14 2449 86 2546 ³¹³⁰
117 2487 167 2533 et
203 2484 377 2533 vinum
422 2485 604 2533 mensis
644 2486 890 2548 reponite:
929 2487 989 2533 ut
1026 2487 1261 2547 potarent
1290 2486 1342 2533 in
1381 2485 1494 2548 ipsa
1530 2486 1726 2533 laetitia
1766 2487 1816 2531 et

117 2561 280 2607 essent
318 2559 424 2608 solo
462 2560 666 2607 interim
703 2560 820 2608 vino
859 2560 969 2622 ipso
1009 2559 1251 2620 contenti,
1289 2560 1525 2622 quoniam
1557 2559 1702 2621 panis
1734 2558 1814 2605 de·

237 2719 263 2758 2
297 2729 482 2759 manum
504 2714 560 2759 V.
648 2720 702 2758 12
734 2716 916 2760 horrore
938 2714 980 2759 V
1011 2716 1051 2759 h.
1079 2721 1121 2759 et
1152 2715 1223 2759 ed.
1306 2720 1362 2759 20
1386 2720 1494 2760 sunt
1518 2717 1564 2758 et
1587 2715 1750 2758 habent
1773 2713 1815 2757 V

119 2773 189 2817 ed..
237 2787 331 2817 non
377 2774 574 2828 correxi,
623 2787 907 2830 quamquam
953 2775 1049 2819 sint
1096 2775 1327 2830 sequitur,
1378 2776 1570 2830 propter
1615 2773 1814 2816 similem

118 2831 271 2875 locum
303 2837 344 2887 9,
371 2837 470 2876 667.
579 2838 631 2877 21
666 2835 815 2889 quivel
844 2833 886 2877 V
919 2847 1033 2877 corr.
1067 2834 1139 2877 ed.
1247 2838 1302 2877 23
1331 2846 1565 2890 possemus
1595 2831 1636 2874 V
1670 2834 1815 2889 possi-

119 2905 220 2935 mus
254 2891 326 2935 ed.
448 2896 504 2935 24
540 2894 767 2937 anchisem
798 2891 854 2946 V,
895 2893 976 2936 sed
1007 2893 1132 2936 infra
1163 2895 1210 2936 et
1242 2891 1358 2935 alibi
1389 2892 1438 2935 in
1469 2891 1660 2946 interpr.
1695 2905 1812 2936 -sen.

122 2953 178 2992 26
208 2964 333 2994 nunc
361 2949 404 2994 V
434 2952 516 2995 hoc
550 2951 621 2995 ed.
674 2951 679 3009 Ι
735 2953 803 2995 vel
834 2951 875 2995 V
908 2951 980 2996 ed.
1022 2954 1104 2995 aut
1144 2957 1184 2996 et
1223 2950 1548 3007 corrigendum
1583 2952 1666 2994 aut
1696 2950 1814 2995 Don.

117 3009 378 3063 precibusve
407 3008 577 3066 legisse
607 3010 845 3066 putandus
877 3012 961 3055 est.
