2050 3226
783 162 1087 208 AENEmos
1117 162 1160 206 x
1710 167 1817 222 359

130 303 423 353 occidendus
462 303 562 351 fuit
600 305 715 351 ante
756 304 914 352 omnis
955 302 1042 367 qui
1077 303 1167 351 1110
1205 306 1428 366 tempore
1476 320 1649 354 causas
1688 306 1820 354 tanti

60 420 61 427 ,
130 378 313 428 doloris
352 377 614 426 inflixerat.
675 376 798 426 bene
832 376 1052 440 positum
1082 393 1347 440 quaerens:
1386 394 1498 427 cum
1529 380 1658 426 enim
1689 379 1820 428 inter

128 453 345 516 plurima
384 452 517 515 quod
554 452 715 515 magis
754 451 1085 500 necessarium
1124 454 1200 500 est
1238 453 1518 514 quaeritur,
1551 454 1818 517 neglegun-

19 1028 24 1039 .
45 986 96 1033 2¹⁰

14 1355 94 1414 “15

0 1727 94 1777 ζ110

13 2097 91 2150 ,25

127 530 211 575 tur
249 529 412 574 cetera
449 528 499 574 et
535 527 852 575 removentur
884 526 937 574 in
972 528 1188 589 partem,
1225 528 1285 574 ut
1320 525 1383 574 ad
1417 525 1468 574 id
1502 528 1821 589 perveniatur

32 613 57 675 ³³
126 600 472 664 investigando
512 598 562 648 et'
600 599 868 648 scrutando
909 601 1041 662 quod
1086 601 1431 649 necessitatem
1474 601 1819 664 inquisitionis

126 675 328 724 invexit.
406 673 679 736 quaerebat
723 673 882 738 igitur
919 674 1143 722 Turnum
1191 676 1340 724 occisi
1378 674 1623 724 Pallantis
1671 691 1820 724 causa

127 751 176 797 et
224 749 355 797 hunc
405 749 552 797 caede
601 763 733 797 nova
781 749 874 797 1100
927 751 1003 797 est
1055 748 1300 811 exquisito
1354 750 1590 812 supplicii
1644 766 1819 814 genere

126 822 360 886 cupiebat
397 822 695 887 extinguere.
749 823 943 879 Pallas,
976 822 1242 879 Euander,
1273 824 1328 871 in
1357 824 1481 883 ipsis
1512 825 1677 872 omnia
1708 828 1823 872 sunt

125 897 297 954 oeuliS,
336 911 533 945 mensae
571 911 694 957 qaas
733 897 925 945 advena
964 898 1160 958 primas
1204 900 1319 946 tune
1366 898 1490 946 adiit
1534 898 1821 958 dextraeque

125 971 296 1019 datae:
343 970 579 1020 volvebat
627 972 824 1019 Aeneas
874 970 1042 1020 omnia
1090 973 1143 1019 in
1195 971 1361 1020 animo
1409 987 1520 1033 suo,
1560 974 1676 1021 ante
1715 974 1820 1021 eius

126 1045 295 1094 oculos
335 1045 539 1094 stabant
583 1045 840 1107 universa,
886 1046 1076 1108 primus
1115 1045 1307 1107 Pallas,
1358 1062 1504 1108 quem
1553 1046 1697 1096 bellis
1746 1047 1820 1094 in-

123 1122 317 1169 mature
354 1120 660 1169 miserrimus
700 1120 978 1168 crediderat
1015 1121 1179 1182 pater,
1225 1122 1364 1168 aetas
1404 1120 1730 1170 adolescentis
1771 1125 1822 1169 et

126 1209 258 1256 31103,
308 1195 388 1243 vel
438 1194 571 1258 quod
619 1193 796 1243 unicus
846 1194 973 1256 seni,
1025 1193 1259 1242 Euander
1304 1196 1469 1257 pater,
1516 1194 1705 1244 scilicet
1744 1211 1818 1244 or·

124 1267 272 1317 batus
324 1268 451 1329 filio,
497 1269 642 1331 pater
685 1269 740 1316 in
790 1268 995 1317 occidua
1041 1269 1207 1317 aetate
1255 1268 1512 1330 deceptuS‚
1559 1269 1819 1318 benivolus

123 1342 324 1405 hospeS,
370 1342 637 1405 humanus,
682 1342 848 1404 utilis,
895 1342 1209 1404 commodus,
1250 1342 1461 1407 largitor
1507 1343 1820 1403 auxiliorum,

122 1417 175 1464 in
214 1415 377 1464 dando
416 1416 602 1478 facilis,
640 1417 693 1464 in
731 1417 1036 1480 providendo
1075 1417 1400 1480 praecipuus3
1449 1433 1647 1466 mensae
1696 1434 1817 1480 quas

124 1489 317 1539 advena
354 1490 541 1554 primas
579 1493 701 1540 tunc
739 1490 866 1539 adiit
903 1491 1203 1554 dextraeque
1236 1491 1404 1553 datae,
1436 1492 1817 1541 communicatio

121 1581 426 1626 mensarum,
473 1581 597 1628 quas
646 1565 833 1628 primas
884 1565 931 1614 ei
979 1565 1204 1615 exhibuit
1250 1566 1304 1613 in
1342 1566 1599 1615 Herculeis
1652 1567 1819 1627 sacriS,

124 1655 247 1701 quas
298 1639 424 1688 adiit
472 1641 682 1702 primas,
732 1639 794 1687 ad
845 1652 969 1703 quas
1019 1641 1158 1689 venit
1205 1640 1489 1704 incognitus
1537 1640 1819 1703 quibusque

124 1714 338 1775 advena,
377 1729 488 1762 cum
527 1714 741 1776 veniret,
781 1717 1014 1777 exceptus
1047 1716 1134 1763 est.
1196 1715 1372 1762 harum
1404 1718 1594 1777 quanta
1624 1714 1818 1779 religio,

125 1803 275 1851 quam
297 1789 480 1836 mensis
513 1789 688 1837 ceteris
718 1789 900 1851 potior,
933 1805 1145 1851 quarum
1174 1790 1504 1838 reverentiam
1533 1789 1817 1838 humanitas

123 1861 336 1911 hominis
376 1865 427 1910 et
464 1862 545 1910 dei
582 1862 856 1926 praesentis
894 1864 1237 1912 testimonium
1276 1863 1643 1926 duplicaverat,
1681 1865 1817 1912 iunc-

122 1939 289 1984 tarum
327 1936 479 1985 etiam
518 1937 833 1985 dexterarum
869 1937 1012 1999 fides,
1049 1937 1161 1985 iura
1198 1937 1354 1986 initae
1394 1938 1647 1986 societatis
1696 1939 1816 1986 ami-

125 2010 370 2073 citiaeque
410 2011 515 2058 sine
555 2010 852 2059 difficultate
891 2012 1173 2075 susceptae!
1256 2012 1378 2060 haec
1425 2011 1591 2061 omnia
1631 2012 1817 2074 divisit,

122 2101 183 2132 ne
223 2084 516 2133 continuata
553 2085 812 2134 foedarent
849 2085 1082 2135 dictionis
1123 2087 1378 2148 ornatum,
1425 2088 1474 2134 et
1518 2087 1819 2149 interposuit

121 2158 174 2206 in
223 2158 346 2222 ipsis
398 2158 565 2207 omnia
615 2161 733 2208 sunt
783 2160 955 2209 0011113.
1031 2176 1122 2209 1103
1161 2161 1253 2208 hoc
1291 2161 1458 2223 ipsum
1495 2162 1725 2223 ponimus
1765 2160 1817 2208 in

122 2233 307 2296 capite,
353 2235 413 2282 ut
459 2233 710 2282 ordinatio
755 2235 1095 2283 inlustriorem
1145 2235 1296 2283 faciat
1343 2235 1676 2296 intellectum,
1725 2236 1818 2283 1100

121 2308 291 2356 modo:
321 2309 373 2356 in
403 2307 526 2370 ipsis
561 2307 727 2356 omnia
759 2309 875 2357 sunt
906 2308 1076 2370 oculis,
1108 2309 1292 2370 Pallas,
1325 2309 1574 2370 Euander,
1605 2324 1817 2369 mensae,

241 2454 267 2492 2
306 2451 542 2505 inflixerat
572 2449 657 2492 VR
694 2450 930 2495 invexerat
968 2450 1038 2495 ed.
1163 2455 1187 2495 7
1221 2451 1355 2495 caede
1384 2464 1503 2495 nova
1534 2451 1575 2493 R
1614 2451 1668 2494 de
1698 2463 1817 2494 nova

122 2507 291 2552 VHOU
329 2509 383 2553 de
417 2522 532 2553 novo
567 2508 638 2553 ed.
688 2509 692 2566 Ι
741 2510 851 2554 haee
889 2515 953 2554 est
989 2510 1043 2553 R.
1093 2510 1097 2568 Ι
1148 2511 1375 2566 exquesito
1398 2509 1440 2553 V
1472 2510 1730 2566 exquaesoeto
1761 2509 1814 2552 R.

122 2571 148 2610 8
180 2569 438 2625 extinyuere
467 2568 510 2611 R
541 2582 596 2612 eae
626 2582 783 2625 yenere
807 2567 935 2612 VHU
967 2570 1172 2613 invenire
1204 2569 1275 2613 ed.
1378 2573 1403 2612 9
1430 2570 1612 2624 primus
1634 2568 1719 2611 VR
1744 2567 1815 2611 ed.

122 2641 178 2671 ex
215 2627 406 2696 interpr.
441 2627 631 2671 correxi.
683 2627 688 2685 Q
746 2627 932 2672 deaetrae
966 2642 1081 2684 quae
1107 2627 1206 2673 VR.
1332 2634 1382 2671 11
1416 2629 1711 2672 immaturum
1743 2627 1814 2671 ed.

124 2690 177 2729 13
209 2687 309 2730 seni
330 2686 415 2730 VR
445 2688 564 2731 seuit
592 2700 676 2742 pro
707 2688 827 2731 senis
859 2686 930 2731 ed.
962 2688 1086 2731 unde
1118 2688 1212 2742 fait
1243 2687 1315 2731 ed.
1339 2689 1459 2742 post.
1557 2691 1609 2729 17
1637 2688 1817 2742 primas

122 2750 230 2789 tunc
253 2745 338 2788 VR
361 2747 544 2802 primus
574 2752 605 2790 t.
638 2746 709 2790 ed.
835 2750 889 2789 18
922 2761 1034 2803 quas
1059 2749 1238 2803 primas
1261 2746 1345 2789 VR
1376 2760 1490 2800 quas
1520 2746 1591 2789 ed.
1641 2752 1644 2802 Ι
1693 2746 1815 2791 Her-

122 2805 236 2848 culis
268 2804 339 2848 ed.
456 2809 509 2848 19
534 2807 715 2862 primas
745 2805 795 2848 in
826 2819 908 2850 -us
939 2819 1052 2850 corr.
1078 2806 1120 2848 V
1147 2807 1327 2861 primus
1358 2805 1400 2847 R
1432 2804 1502 2848 ed.
1530 2806 1708 2860 primas
1738 2805 1814 2848 hic

123 2877 306 2919 quoque
346 2862 532 2920 scripsi,
571 2878 680 2908 nam
719 2865 977 2922 imoynitus
1007 2879 1099 2909 non
1132 2864 1309 2917 obstat,
1351 2864 1462 2919 quia
1493 2863 1608 2907 Don
1637 2865 1816 2919 primas

123 2935 212 2966 non
251 2922 428 2978 primas
466 2923 515 2966 in
554 2923 709 2975 Latio,
743 2923 824 2967 sed
855 2923 1056 2979 primum
1087 2923 1334 2979 intellegit.
1457 2926 1513 2965 20
1544 2924 1706 2967 harum
1731 2923 1815 2966 VR

122 2981 280 3026 horum
311 2981 382 3026 ed.
431 2984 435 3039 Ι
485 2984 649 3041 releyio
672 2959 769 3026 VR.
893 2987 947 3027 21
981 2997 1116 3039 quam
1141 2983 1224 3025 VR
1256 2987 1477 3039 quantum
1511 2982 1581 3027 ed
