2050 3226
248 144 356 199 516
716 141 950 186 DONATI
982 141 1262 186 INTERPR.
1289 140 1469 185 VERG.

250 281 402 331 fuisse
447 281 679 344 bellanti,
725 298 786 331 ne
832 282 1160 345 exponeretur
1201 279 1413 328 Camilla
1459 281 1518 329 de
1566 280 1735 343 sociis,
1782 280 1826 329 si
1870 281 1944 329 in-

249 373 395 420 pares
434 359 598 406 essent
633 356 686 404 in
727 371 877 404 causa
917 355 1264 416 certaminum,
1311 356 1400 402 aut
1443 354 1555 418 ipsa
1601 370 1728 418 quae
1774 355 1946 404 lauda-

250 431 399 479 batur
451 433 579 480 esset
631 430 858 490 inferior,
920 430 963 477 si
1025 428 1373 477 exercitatione
1434 428 1552 477 illae
1612 430 1947 492 praestarent3

250 507 419 553 tamen
467 505 688 568 ipsarum
737 502 1021 566 praesentia
1070 519 1169 550 non
1218 518 1376 552 vacua
1425 502 1544 564 fuit,
1592 502 1852 565 quoniam,
1890 505 1948 551 ut

252 579 442 627 dictum
473 580 561 639 est,
593 578 870 626 ministerio
901 576 1148 626 iuvabant
1171 593 1420 640 operaque
1443 577 1726 626 bellantem.
1782 577 1948 637 quales
2001 590 2021 624 5
2045 590 2050 621 ε

150 664 235 704 660
254 654 502 701 Threiciae
563 667 670 699 cum
729 652 940 710 flumina
995 651 1389 699 Thermodooutis
1441 652 1648 711 pulsant
1708 654 1751 699 et
1799 652 1976 711 pictis·

253 728 495 776 bellantur
531 723 812 774 Amazones
851 725 1025 782 armiS,
1066 739 1154 773 seu
1186 726 1366 774 circum
1395 726 1694 786 Hippolyten
1724 739 1810 774 seu
1841 740 1950 774 cwm

252 815 303 849 se
354 801 550 848 Martia
613 814 762 848 curru
822 799 1126 847 Penthesilea
1195 801 1345 859 refert
1402 814 1671 860 maynoque
1730 799 1951 848 ululante

253 874 460 922 tumultu
496 874 709 934 feminea
748 874 966 921 exultant
1003 873 1186 921 lunatis
1226 874 1426 935 aymina
1463 874 1635 934 peltis:
1678 874 1829 935 tales,
1875 874 1949 921 in-

256 949 386 1011 quit,
438 947 750 1010 apparebant
798 947 976 996 Italiae
1016 948 1236 1011 virgines
1287 948 1458 1011 quales
1509 949 1626 996 sunt
1675 947 1949 996 Amazones
1983 964 1999 994 1
2048 968 2050 983 ι

254 1038 427 1084 verae,
467 1038 579 1070 cum
618 1022 812 1084 aliquos
851 1023 1056 1084 pulsant
1093 1022 1224 1069 bello
1265 1024 1354 1070 aut
1391 1023 1529 1085 ipsae
1568 1021 1833 1084 pulsantur
1865 1023 1953 1070 aut

255 1112 366 1144 cum
414 1112 464 1144 se
510 1099 626 1158 post
663 1095 926 1145 victoriam
972 1097 1125 1144 refert
1162 1095 1476 1144 Penthesilea
1522 1111 1667 1143 curru
1713 1098 1856 1144 vecta
1902 1097 1952 1143 et

253 1170 529 1219 ululatibus
567 1171 712 1219 laetis
753 1172 1058 1233 superiorem
1089 1185 1139 1218 se
1171 1170 1323 1232 plena
1354 1170 1692 1234 gratulatione
1723 1171 1951 1218 testatur.

153 1256 237 1295 665
255 1259 394 1305 quem
431 1245 519 1292 telo
552 1246 792 1305 primum,
833 1259 972 1306 quem
1003 1247 1323 1305 postremum,
1365 1258 1544 1304 aspera
1581 1245 1738 1305 viryo,
1771 1244 1950 1292 deicis?

256 1322 341 1367 aut
392 1322 504 1378 quot
550 1319 686 1367 humi
733 1319 991 1367 morientia
1041 1333 1246 1378 corpora
1293 1319 1498 1379 fundis?
1575 1318 1800 1367 confecta
1838 1333 1950 1366 con·
1984 1333 2025 1366 15

255 1394 517 1456 paratione
579 1392 709 1441 redit
769 1392 833 1440 ad
897 1392 1162 1441 Camillam
1217 1392 1469 1441 admirans
1522 1393 1576 1440 in
1630 1409 1688 1440 ea
1741 1391 1953 1440 feriendi

257 1466 559 1516 celeritatem
598 1469 649 1515 et
686 1467 909 1515 susorum
941 1466 1357 1515 inaestimabilem
1388 1482 1668 1529 numerum3
1706 1481 1824 1514 nam
1855 1465 1951 1513 dis-

258 1542 391 1590 cerni
429 1557 529 1588 non
567 1542 763 1604 poterat
802 1557 949 1603 quem
988 1541 1149 1603 primo
1189 1541 1320 1602 loco,
1361 1557 1508 1603 quem
1539 1542 1788 1603 postremo
1821 1555 1951 1588 mac-

257 1616 434 1678 tasset3
484 1617 629 1663 tanta
679 1615 862 1678 quippe
911 1615 1171 1678 pugnandi
1221 1630 1300 1663 ars
1352 1616 1402 1662 et
1451 1614 1676 1662 celeritas
1727 1614 1845 1674 fuit,
1894 1615 1954 1662 ut

258 1706 416 1752 neque
472 1690 590 1737 ordo
640 1706 801 1751 neque
855 1704 1087 1737 numerus
1143 1688 1415 1738 occisorum
1477 1688 1575 1736 dici
1635 1690 1805 1751 posset
1866 1689 1954 1736 aut
1984 1704 2004 1735 2

260 1763 441 1827 colligi.
498 1766 587 1812 aut
619 1766 741 1826 quot
770 1764 910 1811 humi
933 1764 1199 1811 morientia
1225 1778 1430 1825 corpora
1455 1761 1655 1810 fundis?
1687 1761 1953 1811 morientia

261 1838 401 1898 dixit,
440 1853 540 1885 non
578 1839 793 1899 mortua,
831 1840 888 1885 ut
927 1837 1207 1885 ostenderet
1236 1838 1432 1884 tantam
1463 1836 1616 1885 fuisse
1650 1836 1954 1885 celeritatem

261 1911 450 1972 caedis,
489 1913 548 1960 ut
585 1912 834 1961 innumeri
873 1913 1037 1959 essent
1075 1911 1174 1960 fusi
1219 1927 1308 1959 nec
1353 1913 1522 1959 tamen
1569 1910 1730 1959 adhuc
1770 1909 1952 1973 aliquis

262 1985 479 2033 animam
516 1985 825 2035 reddidisset.
877 1985 1142 2033 Eunaeum
1184 1983 1335 2046 Clytio
1367 1986 1587 2045 primum
1609 1988 1775 2044 patre,
1816 1985 1955 2032 euius

262 2063 484 2120 apertum
515 2060 709 2107 adversi
741 2061 885 2120 louya
915 2060 1277 2107 transverberat
1307 2059 1458 2107 abiete
1480 2063 1674 2120 peetus:
1705 2074 1818 2106 cum
1848 2059 1954 2120 ipse
1985 2072 2035 2105 252

261 2132 512 2181 laudantis
563 2133 730 2181 studio
782 2133 988 2182 dixisset
1038 2133 1250 2181 discerni
1303 2149 1403 2181 non
1456 2148 1599 2196 posse
1653 2148 1799 2195 quem
1852 2132 1954 2180 telo

262 2209 498 2270 primum,
560 2224 707 2269 quem
768 2209 1071 2269 postremum
1127 2206 1338 2256 Camilla
1399 2206 1638 2255 dimicans
1699 2205 1956 2254 deiecisset

265 2282 549 2344 quantaque
588 2281 906 2328 morientium
938 2297 1146 2344 corpora
1176 2280 1474 2343 reliquisset,
1506 2297 1566 2328 ne
1597 2282 1704 2342 ipse
1736 2279 1832 2328 sibi
1862 2280 1955 2327 hoc

264 2371 440 2419 genere
491 2354 740 2403 videretur
787 2354 1024 2404 indixisse
1075 2356 1331 2404 silentium
1381 2357 1469 2403 aut
1521 2356 1574 2402 in
1627 2354 1954 2418 generalitate

267 2428 504 2477 Camillae
542 2429 725 2492 glorias
767 2429 1026 2491 minuisse,
1064 2429 1230 2493 tangit
1261 2429 1543 2491 specialiter
1574 2427 1632 2476 de
1664 2427 1953 2475 fortioribus
1987 2442 2034 2474 eo

266 2504 484 2565 aliquos,
523 2505 580 2550 ut
618 2518 675 2550 ex
713 2502 835 2564 ipsis
877 2506 1117 2565 appareat
1157 2502 1403 2566 quomodo
1443 2502 1593 2551 ceteri
1623 2501 1809 2549 fuerint
1839 2502 1954 2550 fusi.

264 2578 446 2639 primo,
478 2577 659 2638 inquit,
691 2576 950 2624 Eunaeum
984 2577 1163 2626 stravit
1195 2594 1219 2624 e
1255 2576 1418 2639 Clytio
1450 2578 1591 2639 patre
1622 2575 1955 2639 progenitum,

266 2651 404 2699 cuius
445 2652 672 2713 apertum
711 2650 906 2699 adversi
951 2651 1102 2714 longa
1146 2651 1515 2700 transverberat
1561 2649 1720 2699 abiete
1767 2650 1953 2712 pectus.

385 2839 411 2878 4
443 2838 658 2891 quoniam
681 2835 723 2879 V
753 2849 891 2891 quum
922 2835 992 2879 ed.
1118 2841 1142 2880 9
1183 2837 1358 2881 exultat
1396 2835 1467 2880 ed.
1599 2838 1653 2878 10
1693 2835 1842 2878 Italae
1881 2834 1952 2877 ed.

270 2900 324 2938 16
355 2895 473 2940 redit
495 2895 536 2938 V
568 2900 651 2939 aut
681 2895 751 2939 ed.
785 2896 853 2939 ait
883 2894 952 2938 ed.
986 2897 1103 2950 post.
1236 2900 1289 2938 17
1330 2896 1574 2950 effusorum
1605 2893 1647 2937 V
1679 2898 1719 2938 et
1748 2893 1955 2948 susorum

269 2967 351 2997 nos
383 2959 423 2999 et
454 2955 578 3008 effus.
613 2954 685 2998 ed.
