2050 3226
228 174 301 228 48
703 171 938 216 DONATI
966 171 1248 216 INTERPR.
1274 171 1455 216 VERG.

227 311 503 361 inimicitiis
546 311 737 361 scilicet
773 311 876 361 suis
918 311 1162 360 excidium
1200 312 1377 361 Troiae
1414 311 1646 374 prodesse
1676 311 1929 375 nequisse,

231 385 365 450 quod
417 402 529 435 cum
582 389 712 436 esset
762 403 938 448 unum,
991 387 1085 434 hoc
1132 387 1272 435 misit
1321 388 1373 435 in
1423 386 1604 449 partiS‚
1657 388 1717 434 ut
1767 387 1930 435 multa

229 476 442 524 gemere?
473 460 739 509 videretur.
816 462 964 523 capta
1013 463 1109 522 est,
1157 461 1347 523 inquit,
1393 460 1544 508 Troia
1592 461 1643 508 et
1692 475 1929 524 oppressa

228 534 493 584 hostilibus
543 535 721 598 copiis,
778 535 910 599 ignis
957 533 1180 597 additus,
1232 537 1291 583 ut
1343 534 1585 598 quicquid
1641 535 1792 583 armis
1844 535 1928 583 ab·

229 609 359 658 sumi
396 625 496 658 non
534 612 702 671 posset
740 609 960 657 aboleret
1003 608 1310 657 incendium:
1355 609 1441 657 sed
1478 609 1593 657 illos
1631 624 1722 657 nec
1758 624 1928 657 mucro

163 717 167 720 ψ
228 684 411 746 pressit
458 698 548 731 nec
597 683 863 745 captivitas
914 683 1096 745 vinxit,
1142 699 1232 731 nec
1275 683 1408 747 ignis
1453 683 1657 749 invenit.
1740 683 1929 731 medias

230 758 358 805 acies
395 758 669 817 mediosque
700 771 792 816 per
829 758 958 818 iynis
993 758 1219 805 invenere
1255 758 1412 806 viam:
1466 757 1600 819 quod
1640 756 1800 820 magis
1844 756 1928 804 do-

229 831 431 879 lendum
479 833 555 880 est
602 831 746 891 mihi,
798 832 915 893 quia
962 847 1052 892 per
1099 830 1289 880 medias
1341 832 1469 880 acies
1516 846 1701 894 perque
1739 830 1928 880 medias

228 905 475 966 flammas,
525 907 786 967 tamquam
834 905 962 953 nihil
1011 905 1284 966 obstiterit,
1333 905 1435 952 tuti
1473 906 1728 967 securique
1765 906 1928 953 trans-

227 979 392 1027 ierunt
427 995 613 1044 magna
650 980 850 1028 virmte.
920 979 1047 1027 dixit
1086 980 1316 1028 invenere
1354 980 1510 1028 viam:
1549 980 1681 1028 inter
1718 979 1928 1043 gladios,

228 1053 415 1116 inquit,
455 1056 505 1102 et
541 1054 793 1102 flammam
831 1053 976 1116 quasi
1014 1069 1102 1116 per
1139 1054 1275 1101 viam
1312 1053 1456 1102 liberi
1487 1069 1544 1101 ac
1576 1053 1737 1102 securi
1765 1055 1927 1102 trans-

227 1128 413 1189 ierunt,
454 1127 587 1190 quod
624 1128 724 1175 fuit
760 1127 1015 1176 felicitatis
1052 1128 1296 1190 ipsorum,
1334 1129 1395 1175 ut
1433 1127 1725 1176 abscessisse
1758 1128 1927 1189 potius

230 1201 380 1250 otiosi
425 1217 579 1263 quam
623 1202 813 1266 fugisse
861 1201 1027 1249 territi
1072 1202 1374 1250 viderentur.
1458 1203 1722 1249 evaserunt
1769 1202 1929 1265 igitur

229 1275 453 1338 pericula
491 1276 613 1338 duo,
654 1275 832 1338 quibus
872 1277 1075 1339 gravius
1113 1276 1242 1324 nihil
1280 1278 1376 1337 est,
1406 1276 1586 1338 ruptae
1625 1277 1745 1323 sunt
1783 1276 1928 1337 acieS,

227 1350 459 1398 incendia
497 1352 799 1411 vanuerunt,
842 1351 1072 1398 inventus
1113 1352 1189 1398 est
1227 1351 1387 1398 exitus
1426 1350 1816 1398 conservationis
1854 1350 1928 1412 ip-

228 1439 399 1472 sorum
442 1423 531 1471 ubi
576 1424 872 1486 sperabatur
912 1424 1154 1472 interitus
1233 1424 1368 1486 quod
1406 1424 1532 1472 dixit
1567 1423 1756 1472 medias
1797 1425 1926 1472 acies

230 1500 281 1546 et
309 1497 498 1547 medias
528 1497 767 1559 flammas,
790 1498 863 1546 ibi
892 1498 1129 1546 maiorem
1160 1499 1416 1546 cumulum
1446 1497 1632 1546 doloris
1663 1497 1927 1560 expressit3

229 1587 467 1635 magnum
516 1573 647 1620 enim
697 1588 797 1620 non
848 1574 976 1620 esset
1023 1573 1336 1620 flammarum
1386 1573 1624 1620 terminos
1676 1573 1765 1620 aut
1811 1571 1925 1619 finis

230 1647 471 1694 exercitus
522 1645 757 1707 evasisse,
808 1662 834 1694 e
879 1646 1041 1695 medio
1093 1648 1260 1694 autem
1306 1646 1512 1695 evadere
1559 1645 1925 1694 difficillimum.

229 1724 300 1776 at,
342 1720 501 1775 crede,
540 1734 648 1768 mea
689 1721 898 1768 numina
939 1721 1134 1768 tandem
1170 1721 1305 1780 fessa
1341 1721 1519 1776 iacent,
1560 1719 1685 1768 odiis
1724 1723 1811 1768 aaz}
1848 1734 1925 1767 ex-

230 1797 430 1842 atwrata
475 1794 656 1852 quievi:
715 1795 827 1856 ipsa
873 1794 970 1842 sibi
1014 1796 1278 1857 proposuit
1323 1794 1501 1856 quibus
1548 1809 1598 1842 se
1645 1795 1803 1857 magis
1848 1810 1925 1842 ac-

231 1867 471 1916 cenderet.
550 1867 783 1916 defecisse
825 1884 926 1929 me,
971 1868 1159 1931 inquit,
1206 1868 1457 1931 quispiam
1499 1867 1631 1916 dicet
1678 1869 1769 1916 aut
1807 1869 1925 1916 sati-

231 1944 368 1990 atam
406 1941 531 1989 odiis
572 1941 837 2004 quievisse:
877 1958 964 1990 nec
1003 1942 1189 1991 satiata
1220 1958 1330 1991 sum
1360 1958 1449 1990 nec
1481 1942 1673 2004 quievi3
1713 1941 1925 2003 denique

230 2018 346 2078 post
391 2015 636 2063 excidium
676 2016 853 2064 Troiae
902 2032 1050 2079 passa
1099 2033 1199 2065 non
1249 2032 1360 2064 sum
1409 2017 1539 2064 ullas
1590 2015 1766 2064 cineris
1817 2017 1923 2064 eius

231 2105 485 2152 superesse
530 2089 782 2151 reliquias
860 2092 978 2149 quin
1017 2092 1162 2138 etiam
1195 2092 1365 2150 patria
1404 2105 1650 2138 excussos:
1696 2105 1923 2138 excussos

232 2163 591 2211 admirabiliter
622 2165 861 2226 positum,
902 2165 1140 2227 quicquid
1179 2165 1312 2212 enim
1350 2165 1600 2213 excutitur
1636 2163 1738 2212 vim
1771 2165 1922 2211 testa-

230 2240 317 2285 tur
355 2253 506 2300 quam
543 2237 671 2285 ferre
710 2254 809 2286 non
848 2238 1015 2300 potuit
1053 2241 1103 2286 et
1142 2239 1206 2286 ad
1251 2240 1345 2287 hoc
1392 2239 1660 2298 excutitur,
1707 2238 1764 2284 ut
1811 2252 1923 2284 cum

233 2327 322 2359 sua
361 2312 578 2374 pernicie
626 2311 788 2360 cadat.
865 2312 1071 2361 Excussi
1117 2328 1222 2373 eos,
1272 2313 1462 2375 inquit,
1507 2310 1688 2359 finibus
1729 2310 1922 2372 Troiae,

129 2395 215 2435 300
231 2387 413 2445 infesta
445 2399 536 2446 per
565 2386 728 2433 undas
768 2401 895 2434 ausa
932 2388 1067 2445 sequi
1106 2390 1149 2434 et
1180 2387 1407 2448 profayis
1445 2389 1536 2434 toto
1573 2399 1649 2432 me
1686 2398 1923 2444 opponere

226 2464 398 2518 ponto:
443 2459 638 2508 saevior
675 2462 845 2507 secuta
883 2475 994 2508 sum
1032 2461 1319 2524 navigantis
1358 2462 1408 2508 et
1444 2461 1497 2507 in
1535 2459 1711 2522 pelago
1746 2458 1920 2520 positis

232 2550 310 2581 me
350 2534 632 2596 frequenter
670 2533 846 2594 obieci,
898 2534 1062 2582 nullus
1109 2535 1245 2582 locus
1294 2536 1369 2582 est
1412 2533 1563 2580 maris
1601 2531 1653 2579 in
1700 2547 1797 2594 quo
1842 2548 1921 2579 me

233 2623 332 2655 non
371 2607 612 2655 senserint
647 2607 912 2655 inimicam.
976 2610 1259 2667 absumptae
1289 2609 1341 2655 in
1375 2608 1584 2655 Teucros
1613 2606 1740 2652 vires
1779 2606 1921 2653 caeli-

353 2813 377 2850 2
411 2809 536 2852 misit
557 2806 601 2851 V
624 2807 694 2851 ed.
727 2807 917 2851 divisit?
1017 2813 1041 2850 3
1074 2809 1336 2852 viderentur
1358 2806 1400 2849 V
1424 2806 1494 2850 ed.
1597 2809 1651 2848 10
1681 2818 1917 2860 mayna—

237 2872 288 2909 11
323 2869 607 2912 transierunt
636 2880 723 2910 om.
750 2866 821 2909 ed.
867 2866 870 2924 ff
917 2867 1119 2910 invenire
1150 2866 1192 2910 V
1223 2869 1428 2911 invenere
1458 2879 1554 2908 noe.
1678 2866 1734 2906 20
1765 2868 1848 2906 aut
1877 2862 1919 2903 V

231 2926 360 3040 122}ng
364 2926 490 3029 ΟΣΞίὁδ
521 2984 561 3027 V
584 2930 639 2968 22
671 2926 888 2970 satiatam
918 2924 960 2966 V
990 2930 1247 2970 saturatam
1278 2925 1350 2970 ed.
1458 2928 1512 2967 26
1543 2921 1814 2966 mirabiliter
1846 2921 1916 2964 ed.

1961 993 2004 1025 10

1959 1363 2001 1396 15

1957 1734 2001 1766 20

1955 2102 1997 2135 25

1953 2470 1996 2502 30
