2050 3226
27 491 35 518 z

22 525 38 583 ἲ

16 1076 27 1111 't

54 1385 96 1418 15

51 1755 95 1788 20

11 2125 94 2177 ι25

755 192 1062 238 AENEmos
1086 193 1195 238 vm
1717 197 1820 251 141

133 337 372 386 venerant
394 335 613 396 Troiani,
637 336 725 382 aut
747 333 948 382 sublata
971 333 1204 382 satietate
1225 333 1599 382 interveniente.
1649 336 1824 384 deinde

22 421 36 478 ’1
132 410 239 472 ipse
279 409 440 458 officio
471 408 591 456 boni
619 407 832 470 hospitis
863 408 1062 456 functus
1096 407 1377 457 conlocavit
1407 409 1564 456 omnis
1596 409 1650 456 in
1681 410 1826 458 sedili

132 483 403 548 gramineo,
479 498 588 531 6006
626 498 727 530 11011
763 482 873 530 fieri
909 483 1166 545 praecepit
1202 483 1262 530 ut
1309 482 1582 546 longaevus
1630 484 1681 530 et
1724 500 1824 545 rex,

132 557 218 606 sed
239 558 345 621 ipse
368 573 457 620 per
480 572 530 605 se
553 556 882 604 humanitatis
905 556 1195 618 plenissima
1216 556 1330 603 iura
1354 557 1619 619 conplevit.
1664 558 1825 619 sedili,

17 589 45 809 ‘t
79 644 101 678 ⁶
130 632 316 695 inquit,
366 632 643 696 gramineo,
694 629 931 693 quoniam
968 630 1022 677 in
1060 646 1258 679 nemore
1297 630 1583 680 convivium
1629 631 1730 679 fuit
1775 633 1826 678 et

129 707 260 754 ratio
291 705 416 754 ritus
446 705 605 768 ipsius
637 704 840 754 sedendi
870 721 1020 766 quam
1059 704 1382 753 accumbendi
1418 705 1827 753 consuetudinem

16 803 38 865 '2⁴
129 780 328 828 fecerat.
415 781 633 828 testatur
679 780 774 827 hoc
825 779 991 842 ipsum
1046 780 1199 826 etiam
1252 779 1352 827 alio
1398 779 1507 828 loco
1557 779 1825 844 VergiliuS,

131 854 341 916 denique
379 855 433 902 in
465 855 675 916 septimo
714 853 841 901 libro
884 846 1040 920 (174)
1079 854 1208 901 hanc
1246 853 1417 917 tetigit
1453 855 1672 916 partem,
1711 870 1825 902 cum

16 918 34 993 ἐξ
129 927 365 988 diceret,
369 929 483 990 ‚hoc
518 927 621 976 illis
661 927 799 975 curia
836 928 1094 990 templum,
1131 928 1225 975 hae
1265 927 1417 976 sacris
1464 927 1602 977 sedes
1649 929 1824 1026 epulis,

14 996 100 1049 (⁸10
127 1003 210 1051 hic
248 1002 401 1050 ariete
439 1018 581 1050 caeso
620 1001 874 1064 perpetuis
914 1001 1052 1050 soliti
1089 1004 1257 1064 patres
1297 1001 1550 1050 considere
1587 1001 1809 1051 mensis“

129 1092 238 1125 ecce
275 1076 378 1125 11118
409 1076 660 1124 nobilibus
693 1092 889 1138 quoque
919 1092 1020 1124 non
1052 1075 1234 1124 licebat
1265 1076 1565 1124 accumbere.
1619 1079 1825 1140 propter

16 1160 28 1173 ''
127 1151 348 1213 hospites
393 1151 552 1215 igitur
596 1152 748 1198 iussit
791 1150 966 1212 reponi
1011 1151 1185 1212 epulas
1225 1152 1275 1198 et
1311 1151 1515 1212 pocula,
1561 1150 1667 1213 ipse
1706 1167 1822 1200 vero

129 1226 410 1274 conlocavit
460 1225 618 1273 omnis
658 1224 898 1272 Troianos
946 1224 1182 1273 sedilibus
1230 1225 1432 1272 structis
1479 1240 1537 1272 ex
1582 1226 1823 1288 gramine.

120 1301 537 1360 praecipuamque
583 1302 683 1347 toro
731 1302 774 1346 ct
816 1299 977 1346 villosi
1019 1299 1150 1359 pelle
1198 1298 1349 1346 leonis
1399 1299 1575 1358 accipit
1617 1298 1822 1347 Aenean

127 1374 339 1433 solioque
386 1375 563 1421 invitat
612 1387 814 1421 acerno:
865 1375 924 1421 ut
976 1371 1179 1421 sedendi
1230 1374 1409 1421 merito
1465 1372 1824 1421 discerneretur

127 1447 322 1496 Aeneas
373 1447 461 1510 qui
510 1447 683 1495 ceteris
733 1447 899 1495 fuerat
947 1447 1136 1510 potior,
1186 1449 1236 1495 et
1274 1447 1534 1495 sublimem
1573 1448 1737 1496 locum
1777 1449 1823 1496 ei

127 1521 267 1570 dedit
304 1525 354 1570 et
393 1521 655 1570 cultiorem
692 1522 844 1584 atque
884 1522 1118 1569 ornatum
1155 1521 1312 1570 leonis
1350 1523 1508 1585 tergo,
1541 1523 1676 1583 quod
1708 1538 1821 1570 con-

125 1596 356 1645 veniebat
378 1596 608 1644 Herculis
634 1595 803 1658 sacris,
826 1596 1081 1659 egregiam
1111 1611 1309 1658 quoque
1341 1596 1516 1644 sellam
1539 1598 1589 1644 et
1610 1596 1823 1645 materia

125 1671 344 1733 pretiosa
382 1670 667 1733 perfectam,
708 1686 836 1732 quae
876 1671 981 1718 eius
1021 1670 1258 1734 dignitati
1296 1672 1602 1734 congrueret.
1679 1687 1820 1733 prae-

126 1745 328 1807 cipuum
366 1744 491 1792 dixit
529 1745 837 1808 singularem
876 1747 926 1792 et
963 1745 1139 1792 solum.
1202 1748 1305 1792 tam
1344 1745 1449 1793 lecti
1486 1745 1684 1792 iuvenes
1723 1759 1819 1792 ccr-

125 1820 263 1867 tatim
302 1833 511 1878 araeque
548 1819 774 1867 sacerdos
811 1820 1000 1867 viscera
1038 1822 1162 1867 tosta
1198 1820 1365 1878 ferant
1410 1822 1665 1866 taurorum
1711 1833 1819 1867 one·
1838 1823 1922 1864 180

124 1896 330 1951 rantqac
398 1894 626 1941 canistris
695 1893 826 1941 dona
895 1893 1145 1941 laboratae
1217 1892 1406 1941 Cereris
1474 1893 1820 1952 Bacchwmqae

124 1968 431 2015 ministrant:
476 1967 575 2014 fuit
624 1967 823 2030 quidem
873 1967 1095 2015 ciborum
1141 1967 1343 2029 copiosa
1388 1966 1694 2029 substantia,
1735 1969 1821 2016 sed

127 2040 315 2088 bubula
368 2057 505 2102 caro,
553 2043 698 2104 panis
748 2043 798 2089 et
846 2041 1033 2091 vinum.
1116 2042 1238 2090 haec
1282 2041 1553 2104 portabant
1601 2042 1819 2103 iuvenes,

126 2116 220 2182 qui*
248 2115 524 2178 plurimum
561 2115 789 2177 plurimis
830 2116 1149 2178 adponerent.
1204 2115 1380 2164 aderat
1409 2115 1561 2163 etiam
1593 2117 1818 2165 sacerdos

122 2190 230 2251 ipse
269 2191 474 2252 propter
512 2190 683 2251 epulas
722 2205 911 2251 sacras,
947 2190 1055 2252 ipse
1103 2206 1299 2252 quoque
1344 2189 1662 2252 aliquantum
1708 2206 1820 2238 cum

122 2263 385 2312 iuvenibus
424 2266 640 2327 gestans.
709 2264 848 2312 nulla
885 2263 1075 2313 interea
1111 2266 1170 2312 ut
1208 2264 1343 2326 apud
1379 2281 1548 2328 regem
1587 2263 1816 2312 ambitio:

123 2337 389 2386 sedebatur
436 2339 575 2386 nullo
620 2337 838 2386 vestium
884 2338 1108 2386 adhibito
1155 2339 1314 2400 cultu,
1361 2354 1476 2387 caro
1525 2338 1820 2400 portabatur

122 2412 376 2473 manibus,
428 2412 650 2474 copiosa,
689 2412 775 2461 sed
812 2411 1023 2474 bubula,
1069 2428 1183 2461 assa
1220 2412 1274 2460 id
1312 2415 1388 2461 est
1424 2429 1524 2460 non
1563 2412 1818 2474 aliquibus

122 2485 341 2548 inpensis
374 2489 588 2548 excocta,
618 2487 763 2548 panis
795 2502 894 2535 non
919 2489 1125 2550 argento
1149 2487 1438 2548 vehebatur,
1463 2486 1546 2535 sed
1572 2486 1822 2547 canistris,

123 2559 295 2608 vinum
333 2561 566 2609 similiter
602 2560 983 2608 ministrabatur
1019 2560 1262 2610 ministris
1301 2561 1439 2609 nullo
1487 2561 1628 2609 cultu
1675 2560 1816 2608 ador-

123 2636 270 2682 natis.
345 2635 467 2682 haec
505 2651 605 2683 non
644 2634 935 2697 simpliciter
982 2634 1267 2698 accipienda
1314 2637 1431 2683 sunt
1478 2629 1639 2701 (nam,
1687 2635 1817 2682 sicut

242 2837 268 2876 2
299 2834 484 2879 iunctas
505 2832 549 2877 V
580 2847 693 2878 corr.
727 2833 799 2878 ed.
898 2837 924 2877 5
957 2834 1044 2890 quo'
1065 2833 1108 2878 V
1139 2833 1355 2890 quomodo
1387 2833 1458 2877 ed.
1556 2837 1581 2876 6
1614 2846 1750 2888 quam
1773 2831 1815 2876 V

115 2893 274 2948 potius
298 2906 336 2949 q.
362 2892 436 2938 ed.
520 2897 547 2936 8
575 2894 630 2937 in
660 2907 751 2938 om.
775 2892 848 2937 ed.
933 2896 990 2936 14
1020 2894 1192 2949 accepit
1213 2892 1268 2938 V.
1354 2897 1408 2936 17
1434 2897 1568 2948 atque
1591 2905 1679 2936 om.
1704 2890 1776 2935 ed.

124 2965 226 3007 erqo
249 2950 291 2994 V
323 2957 443 3009 teryo
473 2965 558 2995 nos
588 2966 691 3009 erqo
715 2953 880 3008 pellem
912 2951 984 2997 ed.
1114 2957 1168 2995 27
1199 2957 1380 3010 qestans
1403 2950 1444 2994 V
1474 2951 1665 3008 yet-tiens
1696 2950 1766 2995 ed.

13 3008 43 3032 ’·
124 3010 311 3055 ambitio
332 3010 375 3055 V
406 3011 650 3057 ambitione
681 3011 753 3056 ed.
876 3015 932 3055 28
963 3011 1122 3056 nullus
1143 3011 1185 3055 V
1218 3025 1332 3055 corr.
1365 3010 1436 3055 ed.
