2050 3226
33 991 79 1024 10

733 168 1039 214 111111111Βο3
1062 169 1171 214 vm
1695 172 1802 226 163

109 314 400 359 memorant:
438 310 584 372 quasi
614 308 834 372 quodam
864 305 1085 357 transitu
1114 310 1323 359 novavit
1352 309 1704 371 narrationem,
1741 326 1802 358 ne

110 385 346 434 continua
375 385 572 447 pareret
601 383 915 445 foeditatem3
945 383 1150 446 pulchre
1181 384 1311 432 enim
1345 382 1648 432 ambulantis
1674 383 1802 433 senis

109 458 412 522 interposuit
454 473 647 506 moram
684 459 890 520 propter
927 456 1162 506 audiendi
1198 457 1434 506 taedium.
1511 473 1802 521 progressus

110 549 227 597 ergo
265 532 565 582 monstravit
603 533 655 580 et
690 534 910 594 portam,
955 531 1170 580 materni
1213 531 1381 580 meriti
1418 533 1618 592 testem,
1665 547 1804 579 aram

111 623 331 670 quoque,
390 607 450 654 ut
503 622 562 653 ex
613 606 708 654 hac
761 605 997 668 probaret
1050 606 1206 655 deam.
1295 606 1538 666 nymphae
1584 606 1805 667 priscum

112 679 386 730 Carmentis
405 681 656 728 honorem:
692 680 822 728 hanc
846 695 984 728 aram
1006 680 1089 728 vel
1111 680 1240 728 hanc
1262 683 1460 743 portam
1481 678 1666 728 idcirco
1692 695 1805 728 0011-

109 755 383 803 stituerunt
420 756 470 803 et
506 753 616 802 ideo
655 754 749 802 1100
794 754 993 802 nomine
1041 753 1289 817 appellari
1333 754 1620 816 voluerunt,
1671 754 1806 816 quod

108 830 161 877 in
199 828 276 877 his
315 829 475 877 honor
512 828 762 891 nymphae
800 827 1033 877 videatur
1071 843 1175 877 esse
1219 829 1536 877 constitutus.
1612 829 1805 876 interea

110 904 260 952 etiam
296 903 392 951 1100
428 902 672 965 pertinuit
704 901 767 951 ad
798 918 953 965 supra
983 903 1170 951 dictam
1199 918 1413 964 moram,
1451 904 1510 950 ut
1541 902 1803 951 ambulans

108 992 283 1040 sparsa
312 993 402 1040 per
432 992 628 1025 omnem
651 978 787 1026 viam
818 978 1075 1038 monstret,
1098 993 1199 1025 non
1221 993 1321 1025 uno
1344 978 1398 1024 in
1421 977 1530 1026 1000
1555 978 1805 1040 congesta,

108 1054 166 1100 ut
204 1067 347 1099 omne
385 1051 484 1100 iter
520 1051 728 1100 haberet
764 1050 1052 1100 fabularum
1084 1050 1396 1100 diversarum
1432 1050 1805 1112 recreationem,

0 1158 18 1162 ψ
109 1142 223 1174 011111
261 1126 498 1174 Euander
540 1125 702 1174 multa
752 1127 946 1189 gereret
991 1125 1157 1173 animo
1205 1141 1332 1187 quae
1376 1127 1680 1174 monstraret
1718 1127 1806 1174 aut

35 1361 76 1394 15

35 1731 79 1765 80

109 1199 308 1248 diceret.
369 1201 498 1248 vatis
534 1199 793 1260 fatidicae:
831 1202 882 1248 et
920 1200 1064 1248 deam
1102 1198 1229 1247 dixit
1267 1202 1316 1248 et
1352 1201 1564 1248 matrem
1603 1201 1653 1248 et
1691 1199 1803 1247 fati·
1822 1200 1908 1240 340

109 1274 273 1322 dicam
310 1274 466 1322 fuisse
506 1274 767 1323 confirmat
803 1274 926 1322 haec
974 1273 1222 1322 addendo:
1274 1275 1443 1321 cecinit
1480 1288 1604 1333 quae
1635 1274 1805 1334 prima

108 1349 303 1408 futuros
324 1347 590 1396 Aeneadas
619 1362 823 1408 magnos
847 1351 891 1395 et
911 1348 1069 1396 nobile
1091 1348 1428 1395 Pallanteum:
1464 1347 1591 1410 ipsa,
1622 1348 1804 1409 inquit,

109 1424 272 1484 prima
309 1438 518 1486 magnos
564 1422 760 1470 futuros
810 1422 864 1469 in
912 1422 990 1470 his
1041 1421 1188 1470 terris
1227 1421 1488 1470 Aeneadas
1541 1424 1591 1470 et
1639 1422 1805 1470 nobile

107 1496 425 1544 Pallanteum
463 1497 653 1545 cecinit.
715 1511 824 1544 ecce
856 1498 1086 1559 apertum
1116 1495 1467 1544 documentum
1499 1495 1632 1559 quod
1664 1496 1806 1544 deam

108 1573 159 1618 et
199 1571 472 1634 nympham
511 1572 562 1618 et
603 1570 863 1619 fatidicam
901 1570 1137 1618 Euander
1176 1570 1354 1619 habuit
1394 1573 1628 1632 matrem,
1672 1571 1806 1632 quod

106 1645 274 1707 ipsum
322 1646 491 1707 potuit
534 1644 730 1694 Aeneas
780 1645 992 1694 libenter
1038 1644 1230 1706 audire,
1281 1645 1425 1692 deam
1472 1661 1598 1707 quae
1644 1645 1806 1707 prima

107 1720 484 1782 pronuntiasset
542 1719 737 1768 futuros
797 1734 1006 1783 magnos
1067 1718 1344 1767 Aeneadas.
1444 1718 1577 1781 quod
1638 1722 1803 1767 autem

58 1856 60 1858 Ι
107 1794 269 1856 prima
305 1794 399 1842 1100
435 1794 602 1856 ipsum
641 1793 776 1842 dicta
814 1796 890 1842 est
928 1793 1184 1855 cecinisse,
1229 1793 1359 1842 hanc
1395 1793 1548 1842 habet
1586 1792 1805 1857 gratiam

35 2101 77 2134 25

110 1869 159 1915 et
195 1867 364 1929 fidem,
401 1884 463 1915 ne
502 1867 851 1930 praecedentia
887 1883 1125 1930 responsa
1163 1870 1334 1916 secuta
1372 1867 1616 1916 videatur.
1693 1868 1806 1915 hinc

110 1942 272 1989 lucum
319 1943 579 2002 inqentem,
635 1957 774 2002 quem
822 1942 1064 1990 Romulus
1115 1956 1227 1990 acer
1274 1942 1485 2002 Asylum
1533 1941 1715 1989 rettulit
1764 1945 1806 1989 et

105 2015 269 2076 yelicla
306 2019 544 2064 monstrat
581 2017 671 2064 sub
709 2030 832 2077 rupe
869 2016 1143 2076 Impereal:
1192 2016 1493 2065 monstravit
1532 2018 1582 2063 et
1619 2016 1805 2076 lucum,

110 2089 198 2152 qui
235 2091 410 2151 postea
449 2105 479 2137 a
516 2090 730 2138 Romulo
761 2090 910 2153 Asyli
946 2106 1127 2138 nomen
1166 2090 1378 2153 accepit,
1417 2090 1719 2138 monstravit
1756 2093 1806 2138 et

108 2163 354 2226 Lupercal
400 2164 490 2212 sub
540 2180 663 2227 rupe
713 2163 893 2228 gelida.
975 2179 1127 2227 rupes
1181 2164 1416 2213 dicuntur
1468 2179 1589 2213 saxa
1635 2164 1804 2212 incon-

109 2239 276 2300 posita
321 2239 371 2286 et
415 2241 688 2301 praerupta
734 2240 785 2286 et
829 2240 993 2287 erecta
1038 2239 1337 2287 naturaliter
1384 2238 1437 2286 in
1488 2238 1805 2287 altitudinem

108 2313 407 2374 inmensam3
455 2311 703 2374 Lupercal
740 2327 857 2361 vero
902 2313 1031 2361 illud
1069 2312 1288 2361 ostendit
1332 2312 1463 2360 unde
1503 2311 1718 2375 Luperci
1756 2314 1805 2359 et

7 2398 12 2407 ·
108 2385 408 2448 Lupercalia
456 2388 775 2449 sumpserunt
822 2402 1015 2435 nomen.
1099 2387 1368 2435 Parrhasio
1414 2387 1595 2434 dietum
1638 2387 1805 2434 Panos

2 2448 79 2515 2⁴3⁰

110 2461 168 2508 de
212 2474 344 2508 more
381 2460 591 2522 Iajcaei:
643 2460 970 2509 Parrhasium
1014 2463 1235 2510 montem
1281 2476 1385 2509 esse
1429 2463 1708 2509 memorant
1755 2461 1805 2507 et

112 2533 174 2582 ab
206 2550 263 2582 eo
294 2534 485 2583 incolas
508 2535 804 2583 Parrhasios
836 2534 1011 2596 dictos,
1033 2534 1283 2597 Lycaeum
1315 2535 1538 2597 adaeque
1570 2536 1803 2594 montem,

110 2695 309 2744 morant,
348 2690 474 2746 quod
513 2704 618 2734 011111
658 2690 871 2747 sequenti
908 2690 1129 2735 lemmate
1170 2690 1410 2735 coniunxit
1440 2690 1495 2745 V,
1531 2690 1622 2733 huc
1652 2691 1803 2733 trans-

110 2749 247 2805 posui
270 2750 480 2795 Romano
511 2750 583 2794 ed.
670 2755 695 2793 2
728 2751 850 2794 senis
872 2748 915 2793 V
937 2750 1159 2795 Euandri
1184 2756 1321 2806 poeta
1338 2750 1408 2794 ed.
1507 2754 1532 2792 ὂ
1565 2749 1698 2793 deu-m
1729 2748 1800 2793 ed.

113 2813 166 2852 12
207 2810 445 2865 animoque
474 2808 517 2853 V
552 2809 624 2854 ed.
749 2813 803 2853 13
841 2808 955 2863 fatis
984 2808 1039 2853 V.
1092 2809 1097 2868 Ι
1155 2815 1196 2854 et
1234 2811 1344 2853 ante
1382 2814 1568 2853 matrem
1607 2821 1695 2851 om.
1730 2807 1801 2851 ed.

113 2871 167 2910 19
200 2868 362 2913 audire
392 2868 479 2913 dea
508 2867 551 2912 V
590 2868 709 2925 quod
745 2868 967 2923 interpos.
1001 2868 1071 2912 ed.
1112 2883 1155 2912 a.
1187 2869 1317 2913 deam
1355 2882 1453 2911 nos,
1583 2871 1637 2910 22
1681 2867 1802 2911 vide-

111 2931 252 2971 antur
282 2926 354 2971 ed.
465 2932 521 2971 23
552 2928 762 2972 rumulus
790 2940 918 2972 sacer
939 2925 995 2970 V.
1107 2932 1163 2971 26
1194 2928 1442 2983 composita
1473 2926 1544 2971 ed.
1656 2930 1709 2970 31
1744 2927 1801 2970 ab

30 3027 34 3030 .
113 2998 162 3029 eo
184 2984 228 3028 V
258 2987 354 3031 eius
385 2986 455 3031 ed.
509 2986 514 3045 Ι
562 2987 795 3044 Lycaeum
827 2986 1028 3043 adaeque
1058 2992 1249 3031 montem
1281 3000 1370 3030 om.
1396 2985 1466 3029 ed.

1450 3073 1535 3117 11*
