2050 3226
241 273 344 326 198
706 270 939 315 DONATI
968 270 1035 314 IN
1037 270 1250 315 TERPR.
1276 269 1458 316 VERG.

238 425 342 458 esse
389 409 677 473 parentibus
729 426 840 459 cum
888 409 1082 472 aliquid
1128 409 1324 472 iubent,
1375 412 1563 473 quanto
1610 409 1773 474 magis
1819 425 1931 459 cum

236 486 431 549 rogant.
503 501 678 534 verum
727 485 847 546 quia
897 487 1014 533 sunt
1067 487 1297 547 parentes
1346 485 1432 548 qui
1481 484 1606 532 nihil
1653 484 1712 532 de
1761 483 1930 534 liberis

235 560 534 620 mereantur,
573 557 769 607 addidit
807 574 943 607 cara:
984 558 1116 621 quod
1155 559 1342 606 dictum
1372 560 1636 622 utramque
1666 573 1931 621 personam

235 632 424 697 tangit,
469 634 528 680 ut
567 632 635 681 sit
674 632 738 680 da
775 632 973 695 parenti
1011 648 1162 694 quam
1201 632 1370 696 diligis
1410 634 1460 680 et
1506 648 1634 695 quae
1679 634 1730 681 te
1778 634 1929 682 amat.

234 707 354 755 fecit
392 722 509 770 ergo
550 708 801 755 attentum
838 706 1123 755 necessario·
1154 722 1212 755 ex
1244 707 1519 755 abundanti
1549 708 1600 754 et
1629 706 1931 769 benivolum,
1983 719 2004 753 5

235 780 368 843 quod
398 797 499 829 non
530 780 654 829 facit
682 779 780 829 nisi
811 780 900 843 qui
928 779 1217 843 expediendi
1238 780 1532 829 necessitate
1556 780 1930 845 constringitur.

235 853 408 903 debuit
430 855 606 917 procul
630 854 777 902 dubio
809 854 1067 917 principiis
1100 853 1388 903 subnectere
1416 855 1646 903 desiderii
1669 869 1932 917 summam,

159 920 164 923 ⁷
235 928 322 978 sed
373 944 474 977 non
526 926 667 990 fecit3
721 930 946 991 oportuit
1000 927 1131 976 enim
1183 930 1243 976 ut
1293 945 1400 977 rem
1454 929 1663 977 arduam
1708 928 1931 992 petitura

234 1003 396 1065 primo
436 1017 609 1051 causas
648 1003 887 1051 insereret
915 1004 1079 1051 iustae
1110 1002 1391 1064 petitionis,
1430 1005 1488 1051 ut
1521 1002 1700 1051 mereri
1731 1003 1929 1052 facilius

233 1078 415 1139 posset.
487 1077 620 1138 quod
659 1076 1021 1125 observandum
1059 1079 1158 1138 est,
1197 1077 1423 1140 quotiens
1461 1076 1515 1124 in
1551 1076 1774 1125 materiis
1812 1077 1930 1126 talis
1961 1088 2005 1122 ιο

234 1151 371 1199 locus
412 1151 701 1213 occurrerit3
749 1152 792 1199 si
830 1152 962 1199 enim
1006 1152 1168 1213 primo
1209 1149 1390 1199 dixeris
1439 1150 1561 1213 quid
1606 1152 1771 1213 petas,
1821 1167 1930 1214 per·

233 1224 407 1273 turbas
441 1223 725 1273 audientem
754 1225 1012 1287 petitionis
1043 1225 1254 1274 forsitan
1288 1224 1572 1287 iniquitate,
1610 1226 1670 1272 ut
1697 1224 1801 1272 iam
1830 1240 1931 1273 non

235 1298 472 1347 admittat
510 1314 685 1348 causas
724 1298 1032 1348 adserentem
1076 1299 1236 1362 ipsius
1283 1298 1536 1348 desiderii:
1587 1298 1820 1361 quocirca
1855 1299 1930 1346 in-

235 1373 358 1435 cipit
388 1371 548 1421 dicere
580 1389 666 1422 cur
695 1375 838 1435 petat
868 1376 919 1422 et
948 1373 1206 1435 petitionis
1238 1374 1450 1436 speciem
1481 1374 1648 1421 servat
1675 1372 1739 1421 ad
1768 1373 1930 1422 finem.

161 1453 217 1493 85
227 1448 383 1508 pinea
421 1447 548 1495 silva
583 1447 704 1494 mihi
743 1447 919 1495 maltos
957 1448 1130 1495 dilecta
1166 1461 1262 1507 per
1308 1461 1486 1504 annos,
1536 1448 1675 1494 lacus
1719 1447 1774 1494 in
1820 1460 1931 1495 arce
1962 1458 2004 1492 ιε

233 1522 332 1582 fait
370 1535 586 1578 samma,
627 1535 718 1580 qao
748 1535 895 1570 saera
923 1522 1165 1581 ferebant,
1204 1522 1423 1582 niqranti
1444 1522 1590 1582 picea
1620 1522 1931 1580 trabibusque

235 1596 468 1643 obscuras
521 1595 736 1643 acernis:
791 1595 908 1643 dum
959 1595 1112 1644 refert
1163 1596 1330 1643 lucum
1383 1610 1434 1644 se
1487 1594 1739 1656 habuisse,
1794 1594 1930 1657 quod

233 1668 413 1717 merita
463 1670 565 1717 eius
616 1668 855 1730 ostendit,
904 1671 963 1718 ut
1010 1685 1111 1718 non
1160 1671 1359 1717 tantum
1407 1669 1514 1732 ipse
1559 1684 1731 1717 verum
1777 1669 1929 1717 etiam

236 1743 474 1806 quicquid
512 1759 571 1791 ex
609 1758 665 1791 eo
697 1743 886 1791 factum
918 1744 992 1791 est
1022 1742 1327 1792 iudicaretur
1358 1742 1565 1806 dignum
1596 1743 1928 1804 veneratione,

233 1818 409 1879 habui,
452 1817 641 1880 inquit,
679 1817 850 1865 lucum
888 1819 1087 1880 gratum
1126 1833 1184 1865 ex
1221 1817 1318 1865 loci
1355 1818 1603 1880 positione
1650 1812 1792 1882 (nam
1830 1817 1930 1865 fuit
1959 1828 2004 1862 80

232 1890 285 1938 in
318 1906 512 1940 summa
548 1883 683 1958 arce)
715 1891 802 1954 qui
833 1891 1094 1939 constabat
1124 1907 1182 1939 ex
1215 1890 1474 1939 arboribus
1506 1890 1690 1939 diversi
1720 1890 1928 1955 generis,

232 1966 326 2013 hoe
352 1968 427 2013 est
450 1965 571 2028 pini,
594 1964 778 2028 piceae,
803 1965 973 2026 aceris,
999 1981 1127 2028 quae
1150 1965 1326 2013 merito
1359 1965 1423 2012 ad
1454 1964 1696 2013 fabricam
1725 1965 1928 2014 navium

233 2040 539 2088 necessariae
578 2040 751 2103 negari
788 2055 888 2087 non
926 2041 1142 2102 possent.
1203 2039 1342 2087 lucus
1382 2040 1482 2087 fuit
1513 2039 1707 2088 dilectis
1741 2039 1926 2087 arbori-

233 2113 324 2161 bus
355 2129 443 2175 per
466 2113 651 2162 multos
685 2128 855 2175 annos,
887 2112 1026 2161 cuius
1061 2113 1313 2161 adfectum
1342 2114 1589 2161 nutrierat
1620 2113 1926 2161 diuturnitas

232 2188 512 2250 temporum
544 2190 594 2236 et
617 2186 827 2235 dilectus
857 2186 1045 2250 iugiter
1076 2187 1368 2248 custoditus,
1398 2203 1555 2250 usque
1587 2187 1710 2235 adeo
1742 2188 1927 2235 honore
1957 2197 2002 2231 25

232 2263 513 2323 praestans,
547 2263 605 2309 ut
635 2261 765 2309 hunc
797 2261 949 2310 sacris
980 2261 1172 2309 incolae
1206 2261 1523 2310 celebrarent.
1577 2276 1635 2309 ex
1666 2277 1722 2309 eo
1754 2260 1926 2324 igitur,

234 2335 368 2397 quod
412 2350 573 2396 meus,
621 2334 766 2382 debet
810 2335 990 2383 habere
1031 2352 1088 2383 ex
1126 2352 1238 2384 mea
1282 2335 1543 2384 maiestate
1590 2334 1925 2398 privilegium,

234 2409 369 2471 quod
407 2411 581 2473 gratus
622 2424 679 2456 ex
719 2409 1041 2470 amoenitate,
1090 2410 1223 2471 quod
1261 2409 1448 2457 nullius
1486 2424 1727 2471 umquam
1770 2424 1926 2456 manu

235 2485 514 2544 contactus,
554 2483 687 2544 quod
726 2484 951 2532 servatus
990 2483 1298 2545 temporibus
1337 2482 1532 2544 multis,
1574 2482 1708 2545 quod
1738 2483 1924 2531 incola-

231 2574 343 2604 rum
380 2557 580 2621 iugibus
619 2556 891 2605 honoratus
932 2557 1192 2619 obsequiis.
1263 2573 1371 2606 ecce
1416 2557 1607 2618 quanta
1652 2557 1924 2619 praemisit,
1955 2567 1999 2600 80

232 2635 291 2679 ut
331 2630 462 2693 quod
502 2629 814 2679 desiderabat
860 2631 1038 2679 mereri
1083 2630 1342 2693 potuisset.
1411 2631 1501 2678 has
1541 2645 1621 2691 eqo
1659 2630 1923 2678 Dardanio

231 2706 425 2752 iuveni:
478 2704 663 2768 grande
713 2703 904 2766 pondus
955 2706 1007 2752 in
1054 2722 1152 2754 uno
1204 2705 1402 2753 nomine
1449 2706 1499 2752 et
1546 2704 1922 2766 pronominibus

353 2851 378 2889 6
417 2847 678 2891 necessitate
717 2859 803 2889 om.
842 2845 957 2899 edF,
998 2859 1142 2902 quare
1181 2846 1437 2902 expedienti
1472 2844 1658 2900 scripsit
1696 2844 1767 2888 ed.
1800 2847 1919 2900 post.

234 2909 287 2947 11
321 2907 517 2950 occurrit
547 2905 618 2948 ed.
666 2904 671 2963 Ι
721 2905 833 2960 quid
859 2904 901 2948 V
933 2906 1052 2961 qaod
1085 2906 1155 2949 ed.
1278 2909 1333 2948 12
1364 2905 1459 2948 iam
1482 2903 1524 2947 V
1555 2918 1692 2960 qaum
1722 2905 1816 2947 iam
1849 2904 1919 2947 ed.

231 2969 284 3006 ut
313 2965 406 3007 iam
444 2978 541 3008 noe.
666 2968 718 3007 13
758 2977 943 3008 eausam
975 2965 1233 3019 afferentem
1272 2963 1343 3007 ed.
1375 2964 1494 3019 post.
1617 2967 1672 3006 15
1713 2963 1835 3007 lacos
1864 2962 1919 3006 V.

235 3027 287 3065 17
314 3024 460 3066 cernis
483 3022 537 3065 V.
624 3026 678 3066 18
710 3024 868 3067 merito
900 3023 971 3066 ed.
1057 3028 1112 3066 22
1145 3029 1185 3067 et
1208 3024 1354 3067 aceris
1376 3022 1447 3067 ed.
1529 3025 1584 3064 29
1616 3026 1824 3066 servatur
1847 3021 1917 3065 ed.

234 3085 288 3123 30
320 3082 566 3126 honoratus
598 3087 662 3126 est
692 3082 762 3126 ed.
886 3086 939 3125 31
973 3082 1293 3126 desiderabant
1323 3081 1393 3125 ed.
1442 3081 1446 3139 1
1489 3082 1746 3137 potuissent
1775 3080 1848 3124 ed.
