2050 3226
246 152 355 206 328
623 166 626 168 ’
720 148 953 194 DONATI
981 148 1262 193 INTERPR.
1286 148 1466 194 VERG.

247 290 501 338 clamorem
533 289 599 337 ad
628 289 794 337 sidera
823 290 995 337 tollunt
1015 289 1346 336 Dardanidae
1376 303 1400 336 e
1429 290 1598 346 muris,
1631 303 1741 348 spes
1765 289 1935 338 addita

245 365 447 412 suscitat
483 365 613 412 iras:
661 363 813 411 erecti
862 365 979 411 sunt
1029 362 1116 424 qui
1162 362 1391 411 iacebant
1435 365 1485 412 et
1523 363 1764 427 gaudium
1801 363 1935 425 quod

245 454 303 485 ex
343 438 560 487 adventu
591 437 722 501 regis
756 438 833 485 sui
865 438 1096 499 ceperant
1127 436 1424 485 clamoribus
1457 437 1794 498 testabantur3
1823 440 1933 485 tan-

243 514 352 560 tum
391 514 558 560 autem
597 510 765 574 potuit
803 512 909 573 spei
946 510 1163 559 melioris
1209 511 1460 572 hortatus,
1504 513 1563 560 ut
1606 513 1936 559 irascerentur

243 585 377 635 hosti
408 601 532 650 quos
564 586 723 633 metus
754 585 905 647 paulo
939 586 1054 632 ante
1086 584 1343 633 deiecerat.
1404 585 1499 634 tela
1535 601 1689 634 manu
1726 586 1935 633 iaciunt:
1987 599 2008 632 5

244 660 455 723 denique
494 662 545 708 et
581 659 684 707 tela
723 658 975 707 audebant
1010 659 1183 707 iacere.
1238 659 1405 718 quales
1442 661 1532 707 sub
1570 660 1782 707 nubibus
1813 659 1935 708 atris

140 742 226 782 265
242 734 547 795 Strymoniae
597 733 719 781 dant
762 734 905 794 siyna
950 747 1097 794 yrues
1147 736 1287 792 atque
1337 733 1531 782 aethera
1580 737 1782 781 tranant
1826 748 1935 781 cwm

242 810 404 856 sonitu
451 808 740 867 fuyiuntque
788 811 924 855 notos
973 807 1180 855 clamore
1233 807 1465 855 secundo:
1518 807 1934 869 quemadmodum

168 902 172 904 ·
242 883 405 931 solent
457 896 602 945 grues
656 898 680 928 e
734 881 895 929 medio
951 883 1174 929 atrarum
1226 880 1432 929 nubium
1491 881 1731 930 liberatae
1793 897 1935 930 suam

241 957 464 1005 volentes
518 956 751 1004 nuntiare
797 955 1065 1016 laetitiam,
1121 954 1191 1003 sic
1245 954 1450 1004 Troiani
1495 956 1806 1019 gratulantes
1853 972 1931 1002 ex·
1966 969 2009 1001 m

241 1031 592 1079 clamaverant.
680 1033 732 1078 at
768 1030 951 1077 Rutulo
1005 1029 1107 1090 reyi
1156 1030 1451 1088 ducibusque
1500 1044 1558 1078 ea
1605 1030 1735 1078 mira
1779 1029 1935 1077 videri

239 1102 502 1152 Ausoniis:
542 1104 660 1167 quia
690 1104 868 1152 Rutuli
898 1104 952 1151 in
982 1104 1133 1165 plano
1165 1104 1385 1165 fuerant,
1416 1103 1703 1152 nesciebant
1733 1117 1934 1152 causam

240 1178 414 1243 gaudii
436 1178 764 1227 Troianorum
795 1179 844 1226 et
875 1177 1144 1226 admodum
1173 1178 1484 1226 mirabantur
1512 1177 1643 1226 unde
1673 1177 1776 1225 illis
1807 1180 1936 1226 esset

238 1252 498 1315 repentina
543 1253 751 1300 laetitia.
830 1253 978 1300 donec
1013 1266 1183 1300 versas
1221 1253 1288 1300 ad
1327 1252 1469 1300 litora
1506 1253 1694 1312 puppis
1738 1252 1934 1313 respici-

238 1330 330 1375 unt
371 1331 610 1387 totumque
647 1327 817 1375 adlabi
855 1326 1092 1374 classibus
1132 1340 1333 1387 aequor:
1386 1326 1503 1374 dum
1541 1325 1719 1374 Rutuli
1757 1340 1933 1374 causas
1965 1336 2007 1371 1⁶

239 1403 448 1464 cupiunt
491 1415 635 1449 nosse
680 1400 902 1449 laetitiae
941 1400 1290 1461 Troianorum,
1335 1402 1538 1463 repente
1575 1399 1810 1449 viderunt
1845 1416 1935 1462 per

238 1478 401 1524 totum
441 1490 629 1537 aequor
666 1474 808 1524 navis
848 1475 913 1522 ad
950 1474 1071 1523 litus
1112 1474 1352 1523 accedere.
1421 1474 1676 1522 moraliter
1714 1475 1933 1536 positum

237 1552 501 1612 totumque
542 1549 710 1598 adlabi
749 1549 988 1597 classibus
1029 1564 1235 1611 aequ0r3
1274 1548 1488 1597 turbatis
1530 1549 1714 1612 quippe
1759 1563 1930 1610 repen—

237 1625 345 1673 tino
383 1626 572 1672 terrore
610 1624 723 1686 plus
764 1623 1038 1685 apparebat
1077 1639 1227 1685 quam
1266 1622 1546 1671 testabatur
1593 1623 1712 1671 fides
1751 1637 1931 1670 rerum.

239 1702 456 1747 ceterum
497 1698 694 1760 quando
732 1698 840 1745 fieri
876 1697 1044 1760 potuit
1080 1699 1140 1745 ut
1175 1713 1264 1759 per
1301 1699 1467 1745 totum
1506 1712 1691 1759 aequor
1727 1697 1932 1760 navigia
1961 1707 2007 1740 20

134 1780 221 1821 270
237 1771 571 1820 haberentur?
637 1772 775 1820 ardet
813 1786 938 1831 apex
975 1772 1124 1831 capiti
1162 1772 1412 1831 cristisque
1451 1786 1483 1818 a
1520 1772 1692 1818 vertice
1729 1772 1932 1829 flamma

236 1847 464 1906 funditur
515 1850 557 1893 et
603 1850 766 1894 vastos
815 1847 958 1894 umbo
995 1845 1143 1893 vomit
1180 1860 1360 1893 aureus
1397 1846 1550 1906 tynis:
1587 1846 1693 1907 ipse
1734 1860 1931 1907 quoque

237 1920 433 1969 Aeneas
487 1922 540 1967 in
593 1919 705 1982 ipsa
759 1920 1046 1968 venientum
1097 1919 1418 1967 multitudine
1472 1918 1737 1968 videbatur
1790 1920 1929 1981 apice

237 1995 417 2058 capitis
472 1993 668 2042 ardenti
721 1996 772 2042 et
821 2009 1050 2043 coruscus
1100 1994 1335 2055 umbone,
1383 1995 1458 2041 ita
1508 1995 1568 2042 ut
1617 2009 1674 2040 ex
1724 2009 1781 2041 eo
1830 2008 1929 2040 non

236 2069 430 2132 fulgur,
470 2068 556 2117 sed
593 2068 794 2116 flamma
832 2069 1083 2116 videretur
1121 2069 1265 2116 exire.
1333 2082 1433 2116 non
1471 2082 1606 2115 secus
1646 2081 1704 2115 ac
1743 2067 1929 2126 liquida
1959 2075 2002 2110 2⁵

236 2143 281 2191 si
312 2143 506 2202 quando
537 2145 670 2189 nocte
700 2146 906 2190 cometae
936 2143 1196 2203 sanyuinei
1227 2142 1427 2203 luyubre
1456 2143 1630 2189 rubent
1659 2144 1745 2189 aut
1765 2140 1928 2188 Sirius

133 2226 219 2265 275
239 2217 402 2274 ardor,
449 2217 530 2264 ille
575 2216 705 2264 sitim
749 2217 1030 2276 morbosque
1074 2217 1237 2276 ferens
1281 2217 1568 2264 mortalibus
1615 2215 1774 2275 aeyris
1812 2229 1927 2262 nas-

237 2292 361 2338 citur
411 2294 453 2338 et
502 2291 635 2338 laevo
687 2291 935 2338 contristat
985 2291 1165 2338 lumine
1216 2290 1425 2338 eaelum:
1475 2290 1595 2351 quia
1645 2290 1836 2337 scutum
1878 2291 1927 2336 et

237 2365 339 2412 alia
386 2379 512 2428 quae
551 2363 746 2412 Aeneas
797 2364 1100 2413 liberalitate
1138 2363 1354 2412 Vulcani
1402 2366 1651 2412 meruerat
1698 2362 1752 2409 in·
1799 2363 1924 2409 mul-

235 2440 402 2487 torum
441 2438 646 2486 exitium
685 2439 883 2485 fuerant
921 2439 1077 2500 facta,
1119 2439 1455 2501 conparantur
1490 2438 1568 2486 his
1617 2436 1800 2497 sidera,
1848 2451 1925 2484 co·
1956 2446 1999 2478 8⁰

235 2515 388 2561 metes
452 2515 501 2561 et
564 2511 743 2573 Sirim,
807 2527 954 2575 quae,
1017 2528 1129 2560 cum
1191 2512 1442 2572 oriuntur,
1503 2511 1718 2578 morbos
1761 2510 1926 2558 ferunt

355 2673 379 2712 3
412 2673 655 2724 caeperunt
675 2667 731 2711 V.
824 2672 851 2710 4
883 2673 1034 2712 autem
1064 2669 1106 2711 R
1137 2682 1223 2712 om.
1251 2666 1293 2711 V
1315 2667 1387 2711 cd.
1481 2670 1535 2710 10
1567 2667 1818 2711 voluntates
1841 2664 1924 2708 VR

233 2729 427 2772 volentes
458 2743 481 2771 r
511 2727 582 2771 ed.
699 2731 751 2770 11
785 2740 884 2771 eam
914 2729 988 2771 ira
1011 2727 1107 2771 VR.
1224 2731 1278 2770 16
1310 2731 1457 2770 nosset
1480 2725 1532 2770 V.
1643 2730 1696 2768 17
1721 2726 1924 2781 positum

234 2792 297 2830 est
327 2787 398 2831 ed.
522 2792 575 2830 21
608 2787 835 2842 tristisque
858 2785 942 2828 VR
973 2786 1097 2830 idem
1129 2799 1256 2830 error
1283 2800 1323 2829 v.
1352 2789 1450 2828 701.
1573 2789 1627 2828 22
1660 2789 1803 2828 vomet
1824 2783 1920 2826 VR.

235 2850 292 2888 24
323 2859 558 2891 corruscus
589 2845 630 2888 R
661 2846 924 2890 corruschus
948 2844 999 2886 V.
1102 2850 1157 2889 26
1190 2845 1374 2889 lucubre
1395 2843 1493 2887 VR.
1594 2848 1647 2887 27
1681 2844 1817 2887 arbor
1838 2841 1924 2886 VR

235 2918 347 2948 corr.
373 2920 407 2949 r.
513 2909 568 2948 30
600 2906 779 2948 comites
800 2903 885 2947 VR
917 2917 1029 2948 corr.
1055 2919 1090 2948 r.
1184 2908 1238 2947 31
1269 2904 1423 2960 syrius
1445 2901 1487 2946 V
1517 2903 1671 2959 siryus
1693 2902 1735 2945 R
1766 2903 1922 2958 (supra

233 2965 388 3020 recte).
431 2965 433 3020 j
477 2965 820 3008 conmoriuntur
843 2962 884 3006 V
916 2965 1232 3008 cumoriuntur
1262 2962 1304 3005 R
1334 2962 1515 3018 quando
1547 2963 1759 3005 oriwntur
1789 2960 1859 3004 ed.
