2050 3226
746 119 1052 165 AENEIDos
1083 119 1169 163 ΧΠ
1697 122 1805 176 549

110 260 302 324 nuptiis
350 250 618 323 non'ipse,
669 260 754 309 sed
799 258 1085 309 certaminis
1132 260 1294 308 exitus
1343 258 1609 322 iudicaret3
1659 263 1709 308 et
1753 260 1807 308 in

109 338 275 398 ipsum
305 334 504 397 oblique
535 335 629 383 hoc
662 335 850 383 dictum
881 336 971 396 est,
1002 334 1192 383 scilicet
1215 335 1375 396 quasi,
1407 335 1451 382 si
1480 334 1586 396 ipse
1611 334 1807 383 Turnus

111 409 391 470 cecidisset,
429 409 581 473 digno
613 409 808 472 perdito
847 409 1035 458 invitus
1075 408 1341 458 sortiturus
1373 410 1502 456 esset
1531 407 1807 472 indignum.

233 482 328 531 Olli
379 483 544 531 sedato
593 483 842 543 respondit
893 483 1033 531 corde
1081 483 1322 534 Latinus:
1374 485 1426 530 et
1472 482 1555 530 hie
1603 482 1806 531 modum

57 574 78 606 5
109 558 308 606 futurae
347 556 587 605 orationis
628 557 847 606 ostendit
882 559 1156 619 maturum,
1201 558 1553 640 temperatum,
1601 555 1808 605 consilio

108 631 318 681 rectiore
357 632 662 693 conceptum.
722 632 916 692 sedate,
953 631 1140 694 inquit,
1179 630 1345 692 corde,
1385 631 1504 694 quia
1543 630 1601 678 de
1642 631 1809 679 Turno

110 705 238 755 dixit
260 706 448 789 „atque
472 705 548 753 ita
569 704 800 754 turbidus
823 703 987 754 infit“.
1042 705 1330 769 adsignavit
1354 706 1512 769 igitur
1534 705 1810 754 orationem

108 779 295 829 turbidi
332 779 549 841 iuvenis,
588 782 908 842 prosequitur
936 779 1176 843 sapientis
1216 781 1266 827 et
1296 781 1441 828 senis.
1492 794 1519 828 o
1541 783 1809 839 praestans

110 854 267 903 animi
302 854 513 910 iuvenis,
562 857 798 913 quantum
845 855 950 914 ipse
986 854 1137 914 feroci
1180 854 1356 902 virtute
1400 867 1638 915 eaeuperas
1675 856 1808 902 tanto

16 947 80 979 ιιο
108 942 185 976 me
220 929 476 988 inpensius
514 942 722 988 aeqwum
761 931 830 976 est
867 928 1112 976 consulere
1151 931 1292 988 atque
1332 929 1490 975 omnis
1525 931 1809 976 metuentem

20 1011 23 1014 ⁴
111 1003 375 1064 expendere
429 1015 598 1050 casus:
650 1019 708 1050 ex
756 1001 927 1050 Latini
971 1017 1182 1064 persona
1234 1001 1565 1050 necessarium
1618 1001 1808 1050 cunctis

108 1076 304 1125 inducit
348 1078 497 1139 poeta
545 1078 838 1125 tractatum:
890 1078 1131 1139 conparat
1176 1075 1308 1123 enim
1356 1076 1490 1124 mala
1534 1076 1810 1125 iuventutis

111 1152 162 1199 et
209 1151 476 1199 senectutis
521 1150 665 1198 bona.
742 1150 795 1198 in
843 1149 1044 1211 iuvene,
1092 1149 1280 1212 inquit,
1332 1152 1577 1212 quantum
1626 1150 1813 1198 eminet

111 1224 330 1287 corporis
369 1226 530 1274 virtus
569 1226 768 1273 tantum
809 1224 862 1272 in
909 1225 1068 1272 omnis
1108 1239 1251 1273 casus
1290 1223 1573 1273 inconsulta
1611 1225 1811 1272 temeri-

37 1315 78 1348 15
109 1301 216 1348 tate
253 1301 506 1362 raptatur,
556 1299 664 1348 sola
712 1298 977 1346 meliorum
1020 1314 1106 1361 spe
1143 1297 1335 1347 iuvenis
1375 1298 1596 1360 ducitur,
1647 1301 1810 1347 totum

111 1373 217 1422 fore
255 1389 548 1436 prosperum
596 1375 744 1436 putat
791 1388 881 1421 nec
924 1373 978 1420 in
1028 1375 1210 1421 eventu
1258 1373 1504 1421 factorum
1552 1372 1812 1436 praevidet

111 1447 382 1510 quicquam
419 1449 500 1496 vel
538 1447 720 1496 metuit
766 1446 1042 1497 adversum.
1118 1448 1173 1495 in
1219 1462 1332 1495 sene
1380 1447 1544 1494 minor
1589 1448 1808 1509 corporis

109 1523 293 1583 virtus,
341 1521 425 1570 sed
472 1523 634 1570 maior
679 1522 967 1570 consulendi
1013 1521 1316 1582 substantia,
1363 1522 1531 1569 omnia
1577 1521 1812 1585 expendit

111 1598 162 1644 et
199 1597 315 1644 ante
348 1597 508 1645 omnis
547 1597 739 1644 incerta
767 1597 1044 1658 pertractat
1073 1595 1311 1659 longique
1343 1595 1581 1658 temporis
1613 1595 1811 1645 casibus

37 1687 81 1718 80
111 1669 332 1719 eruditus
365 1671 479 1718 tuta
508 1670 704 1719 invenit
733 1670 978 1719 volvendo
1010 1669 1238 1732 consilia3
1278 1669 1420 1719 abest
1454 1686 1484 1718 a
1515 1685 1628 1718 sene
1660 1672 1810 1718 teme-

6 1736 12 1754 '
108 1745 256 1806 ritaS,
307 1744 446 1793 cuius
492 1745 627 1793 mala
674 1746 763 1793 aut
808 1745 862 1792 in
909 1743 1022 1793 aliis
1068 1743 1197 1793 vidit
1247 1746 1334 1792 aut
1383 1744 1488 1807 ipse
1539 1744 1811 1806 aliquando

110 1819 376 1882 persensit,
417 1819 690 1867 cavendum
730 1818 984 1867 existimat
1013 1818 1306 1882 prudentior
1336 1833 1483 1866 senex
1512 1819 1812 1881 tempusque

110 1893 190 1941 vel
226 1892 440 1941 maxime
478 1893 716 1942 formidat
753 1895 804 1941 et
833 1894 1021 1954 locum,
1061 1894 1111 1940 et
1148 1891 1309 1956 magis
1347 1891 1437 1940 ubi
1473 1907 1606 1940 mors
1643 1892 1814 1941 media

111 1969 188 2016 est
224 1967 508 2029 ferrumque
547 1969 808 2016 tractatur.
882 1967 1141 2015 redeamus
1178 1966 1336 2030 igitur
1373 1966 1438 2014 ad
1474 1967 1811 2030 praepositam

0 2104 1 2107 Ἴ
37 2055 80 2089 25
111 2041 324 2103 speciem
347 2043 398 2090 et
428 2041 551 2103 quid
583 2042 704 2090 artis
728 2041 912 2090 habeat
935 2056 1250 2103 exponamus,
1299 2056 1328 2087 o
1358 2043 1620 2103 praestans
1654 2042 1812 2089 animi

110 2114 327 2164 iuvenis:
377 2115 554 2164 laudat
599 2115 705 2164 eius
750 2115 1060 2164 iuventutem
1106 2117 1156 2163 et
1202 2115 1422 2163 animum
1467 2116 1688 2178 praefert
1725 2115 1812 2178 qui

112 2204 348 2239 suasurus
399 2189 567 2238 fuerat
611 2205 672 2237 ne
718 2192 967 2253 pugnaret
1011 2188 1145 2250 ideo,
1197 2189 1340 2251 quia,
1391 2190 1434 2238 si
1483 2190 1615 2237 inter
1663 2190 1811 2237 initia

112 2263 297 2312 diceret
326 2278 379 2311 se
411 2264 561 2312 armis
593 2265 698 2312 eius
730 2263 965 2325 diffidere,
989 2264 1253 2326 propterea
1280 2263 1415 2326 quod
1439 2266 1568 2312 esset
1590 2265 1811 2323 inferior,

113 2339 278 2387 cetera
314 2353 414 2386 non
452 2337 665 2386 libenter
704 2337 912 2385 audiret.
978 2339 1198 2386 senserat
1235 2339 1402 2386 tamen
1442 2354 1552 2385 eum
1591 2340 1809 2385 metuere

39 2426 82 2458 so
112 2413 367 2476 singulare
414 2413 662 2460 certamen
709 2413 760 2459 et
805 2412 898 2459 hoc
944 2410 1256 2461 dissimulato
1306 2411 1453 2475 fingit
1502 2411 1702 2460 laudem
1753 2427 1810 2459 ac

114 2486 475 2535 dissuasionem
530 2501 673 2534 suam
727 2485 965 2534 adscribit
1011 2485 1238 2547 incertis,
1293 2502 1391 2548 quo
1440 2485 1655 2533 hominis
1708 2501 1809 2533 non

113 2562 346 2624 properet
395 2561 633 2608 iniuriam
678 2562 729 2608 et
765 2559 818 2607 id
865 2560 1166 2608 consulentis
1215 2560 1380 2608 anim0
1422 2575 1572 2620 quam
1620 2559 1809 2607 obtrec—

113 2635 270 2682 tantis
316 2635 478 2682 facere
524 2633 789 2682 videretur.
866 2636 1107 2696 quantum
1148 2634 1255 2696 ipse
1301 2633 1452 2681 feroci
1498 2634 1681 2681 virtute
1730 2650 1808 2680 ex-

234 2766 263 2804 4
293 2761 381 2805 soli
409 2773 494 2816 pro
527 2760 608 2804 olli
630 2758 687 2803 V.
794 2763 819 2802 9
850 2760 943 2816 ipsi
966 2759 1021 2803 V.
1126 2764 1180 2803 13
1211 2761 1263 2803 in
1293 2760 1453 2803 iuvene
1476 2757 1518 2801 V
1549 2760 1705 2803 iuveni
1736 2759 1807 2803 ed.

118 2823 172 2863 19
204 2825 311 2865 ante
333 2821 480 2864 omnis
502 2818 544 2862 V
567 2833 609 2863 a.
635 2819 790 2863 omnia
813 2818 886 2862 ed.
977 2823 1033 2862 25
1065 2820 1196 2863 habet
1219 2817 1261 2859 V
1287 2831 1399 2861 corr.
1417 2818 1498 2869 ¹ed.
1583 2822 1639 2861 28
1668 2832 1810 2874 prop-

116 2879 513 2933 terea—inferior
534 2877 578 2921 V
607 2879 782 2921 temere
812 2879 926 2922 mut.
952 2878 1023 2923 ed.
1133 2882 1188 2920 30
1220 2878 1358 2932 finxit
1388 2877 1458 2921 ed.
1563 2881 1617 2920 31
1652 2890 1808 2932 quo——

119 2941 173 2981 32
200 2943 410 2994 properet
432 2937 475 2980 V
505 2939 680 2981 temere
710 2938 824 2981 mut.
850 2936 921 2981 ed.
1046 2941 1099 2980 32
1133 2951 1268 2993 quam
1292 2935 1334 2979 V
1358 2937 1517 2992 potius
1549 2950 1619 2992 qu.
1654 2936 1724 2980 ed.

1840 861 1899 901 20
