2078 3260
785 189 1091 235 AENEIDOS
1122 190 1208 235 XII
1735 195 1841 248 617

152 331 369 380 accendit
403 331 608 379 maioris
645 331 830 392 imago:
869 330 1013 394 quasi
1048 331 1152 379 iam
1188 330 1330 379 fieret
1359 330 1495 392 quod
1530 333 1694 380 mente
1733 348 1844 381 con-

151 407 370 468 ceperat,
423 405 494 453 sio
544 420 777 454 accensus
828 408 917 454 est.
993 405 1251 454 Mnesthea
1299 403 1663 465 Seryestwuque
1710 410 1848 454 vocat

147 480 412 539 fortemque
447 478 692 527 Serestum
736 479 979 527 ductores:
1026 494 1125 527 non
1165 477 1415 528 Serestum
1461 477 1711 541 ductoreS,
1760 481 1847 528 sed

148 553 475 614 Mnestheum,
501 552 752 601 Serestum
775 555 827 602 et
850 551 1152 618 Sergestum,
1177 552 1336 602 omnis
1360 553 1604 602 ductores.
1647 553 1846 613 idcirco,

98 640 118 673 5
148 627 336 690 inquit,
387 627 478 675 hos
528 627 749 688 vocavit,
799 628 1036 690 quoniam
1086 628 1315 676 ductores
1370 628 1610 676 exercitus
1650 628 1848 676 fuerant

149 703 200 750 et
238 700 463 765 oportuit
500 717 581 750 eos
619 701 750 765 regis
802 702 1063 750 consilium
1100 717 1258 751 nosse.
1333 701 1666 761 tumulumque
1703 704 1846 763 capit,

148 775 279 824 unde
316 775 477 838 possit
507 791 538 824 a
569 775 881 824 circumfusis
920 774 1095 824 audiri.
1158 790 1250 836 quo
1281 779 1436 824 cetera
1467 776 1710 824 Teucrum
1740 791 1848 824 con-

149 850 303 898 emrit
340 850 487 911 le9i0‚·
525 850 799 898 constituto
839 851 970 898 enim
1008 866 1124 914 rege
1162 850 1216 898 in
1256 850 1389 899 edito
1420 850 1529 899 loco
1569 851 1620 898 et
1657 851 1846 899 vocatis

134 923 436 972 ductoribus
475 923 826 973 intellexerunt
863 939 1030 973 omnes
1063 924 1285 986 aliquem
1314 939 1405 987 pro
1437 923 1688 973 communi
1719 939 1847 973 com-

75 1012 119 1044 ιο
147 998 295 1046 modo
334 998 559 1046 futurum
602 1014 706 1047 esse
744 1000 1028 1047 tractatum.
1084 1012 1172 1046 nec
1200 1001 1340 1046 scuta
1374 1002 1461 1046 aut
1488 998 1680 1059 spimaela
1710 999 1849 1047 densi

149 1073 418 1132 deponunt:
457 1074 609 1136 atque
640 1072 715 1120 ita
744 1075 803 1120 ut
834 1073 1016 1121 armati
1046 1072 1246 1120 fuerant
1275 1074 1585 1135 manserunt3
1625 1074 1849 1136 oportuit

149 1147 337 1209 quippe
366 1146 567 1210 plenam
598 1162 703 1196 esse
734 1147 982 1195 cautelam
1011 1146 1102 1194 ubi
1123 1149 1296 1196 tantus
1327 1147 1494 1195 fervor
1523 1147 1848 1196 certaminum

148 1220 449 1269 vertebatur.
514 1221 635 1269 celso
672 1221 862 1268 medius
899 1224 1038 1269 stans
1076 1235 1247 1282 aqyere
1283 1221 1446 1280 fatur:
1497 1221 1643 1270 facile
1682 1221 1849 1270 audiri

148 1294 318 1358 potuit
355 1296 445 1357 qui
485 1294 538 1342 in
589 1310 780 1343 summo
832 1295 1131 1344 constitutus
1181 1295 1280 1343 fuit
1329 1297 1380 1343 et
1424 1295 1593 1344 stabat
1640 1295 1846 1345 medius.

76 1383 118 1416 15
149 1371 288 1418 stans
338 1369 647 1418 intellectum
697 1369 998 1418 latissimum
1051 1369 1210 1431 tenet3
1262 1369 1315 1416 in
1368 1369 1664 1418 necessitate
1718 1371 1848 1417 enim

147 1445 294 1492 tanta
324 1442 490 1492 sedere
520 1458 620 1492 non
652 1443 843 1506 debuit,
882 1443 995 1492 dein
1028 1444 1148 1505 quia
1178 1443 1344 1492 decuit
1378 1443 1706 1493 honorificum
1743 1459 1847 1493 esse

147 1517 446 1580 principem,
495 1520 555 1565 ut
601 1517 850 1566 stantibus
896 1518 1143 1566 universis
1190 1517 1338 1566 etiam
1387 1519 1494 1580 ipse
1540 1521 1719 1580 staret,
1768 1519 1849 1566 vel

149 1591 269 1654 quia
301 1592 448 1639 aliter
477 1591 635 1640 videri
667 1593 717 1640 et
747 1591 911 1640 audiri
941 1607 1040 1640 non
1070 1594 1284 1654 poterat,
1323 1591 1421 1641 nisi
1451 1592 1660 1642 vidisset
1689 1593 1848 1642 omnis

149 1667 200 1714 et
240 1665 491 1715 videretur
537 1665 599 1713 ab
650 1665 889 1714 omnibus.
968 1665 1039 1714 sic
1088 1682 1205 1731 ergo
1256 1682 1402 1716 suum
1452 1669 1616 1730 coepit
1667 1667 1848 1715 referre

76 1755 120 1788 ιο
150 1740 433 1789 consilium:
471 1754 533 1788 ne
567 1754 663 1800 qua
701 1741 822 1788 meis
861 1743 956 1788 esto
995 1741 1135 1788 dictis
1172 1754 1333 1796 mora,
1365 1741 1588 1801 Iuppiter
1616 1741 1709 1789 hac
1738 1743 1847 1798 stat,
1866 1750 1951 1791 565

149 1828 245 1862 neu
283 1815 392 1875 quis
429 1815 486 1862 ob
524 1815 768 1874 inceptum
805 1815 1020 1862 subitum
1056 1815 1176 1862 mihi
1212 1815 1405 1875 sequior
1441 1815 1520 1863 ito.
1574 1815 1735 1876 nulla,
1773 1815 1847 1862 in-

151 1888 282 1952 quit,
331 1903 472 1936 mora
521 1889 872 1951 interponatur
908 1891 1023 1951 post
1069 1905 1126 1937 ea
1166 1905 1292 1950 quae
1333 1889 1500 1937 dixero
1551 1905 1639 1938 nec
1677 1905 1849 1952 repen-

149 1962 311 2010 tinum
362 1978 662 2024 quemquam
711 1963 974 2011 consilium
1019 1963 1207 2024 turbet3
1258 1965 1361 2012 stat
1410 1964 1543 2011 enim
1590 1963 1850 2012 nobiscum

149 2037 398 2099 Iuppiter,
438 2037 578 2085 cuius
618 2037 789 2086 favore
829 2036 1035 2085 confido.
1089 2036 1269 2099 incipit
1304 2036 1407 2085 iam
1446 2037 1606 2086 dicere
1644 2037 1849 2087 inventa

77 2124 120 2156 25
151 2126 242 2159 sua
295 2113 346 2158 et
391 2111 455 2159 ad
509 2109 814 2159 celeritatem
868 2110 1006 2174 prius
1056 2110 1312 2160 instructis
1362 2111 1619 2175 proprium
1667 2113 1848 2160 referre

149 2186 437 2233 tractatum.
490 2186 659 2233 urbem
694 2185 854 2240 hodie,
902 2199 1104 2233 eausam
1144 2186 1273 2242 belli,
1319 2199 1472 2247 reyna
1508 2187 1621 2246 ipsa
1659 2186 1847 2242 Latini,

150 2260 205 2306 m'
241 2261 438 2318 frenum
476 2260 690 2318 accipere
729 2262 773 2306 et
800 2260 913 2307 vieti
935 2273 1115 2319 parere
1143 2259 1374 2319 fatentur,
1416 2274 1585 2308 eruam
1621 2263 1663 2307 et
1693 2274 1850 2321 aequa

150 2333 250 2380 solo
288 2334 537 2392 fumantia
575 2334 791 2381 culmina
821 2347 1032 2393 ponam:
1071 2333 1180 2395 diu,
1218 2334 1407 2397 inquit,
1447 2334 1719 2383 erravimus
1759 2349 1848 2382 nec

151 2407 396 2455 malorum
441 2408 661 2455 omnium
708 2423 835 2470 quae
886 2410 1016 2455 esset
1059 2407 1348 2470 principalis
1398 2423 1550 2457 causa
1594 2408 1847 2470 potuimus

79 2494 122 2525 30
152 2495 374 2529 noscere:
412 2481 502 2529 fiat
539 2496 656 2545 ergo
693 2480 899 2529 celerius
938 2481 1073 2544 quod
1110 2481 1304 2530 tardius
1342 2483 1505 2531 visum
1544 2485 1631 2531 est.
1687 2483 1848 2530 excin-

153 2553 317 2602 denda
353 2556 428 2602 est
465 2554 611 2603 hodie
650 2556 850 2615 civitaS,
890 2554 1029 2604 cuius
1061 2555 1220 2605 adhuc
1252 2556 1597 2605 incolumitate
1636 2557 1848 2604 victoria

153 2631 325 2677 nostra
364 2629 611 2690 differtur,
661 2629 922 2677 delendum
961 2628 1131 2678 Latini
1174 2631 1460 2693 imperium,
1511 2630 1607 2678 nisi
1646 2629 1846 2692 adquie-

152 2703 317 2751 verint
354 2702 722 2751 condicionibus
762 2702 966 2764 nostris‚
1012 2704 1107 2752 nisi
1154 2719 1205 2752 se
1252 2703 1399 2752 iussis
1438 2705 1690 2766 parituros
1728 2703 1848 2752 Itali

276 2892 295 2930 1
332 2888 506 2933 accedit
528 2886 570 2930 V
594 2887 681 2941 ed„
714 2888 796 2932 sed
818 2887 924 2932 vide
947 2888 1395 2944 interpretationem.
1449 2911 1453 2914 ·
1489 2893 1512 2932 7
1538 2889 1686 2944 possit
1708 2887 1750 2931 V
1774 2887 1844 2932 ed.

148 2951 332 3002 posset?
446 2951 501 2990 22
527 2952 688 3003 postea
718 2961 834 3003 quae
856 2946 899 2990 V
928 2948 999 2992 his
1029 2962 1144 3004 quae
1167 2954 1327 3004 postea
1358 2947 1429 2991 ed.
1552 2952 1608 2991 32
1639 2948 1734 2992 nisi
1763 2947 1847 2991 ad-

157 3006 408 3060 quieverint
430 3005 472 3049 V
502 3020 643 3062 neque
673 3007 957 3062 acquiescent
986 3007 1057 3051 ed.
