2050 3226
68 1018 111 1050 10

68 1393 109 1425 15

65 1763 109 1796 20

67 2132 108 2165 85

65 2502 109 2534 30

797 193 1102 240 AENEmos
1132 194 1175 239 x
1724 199 1833 253 383

142 338 288 386 tanta
326 338 516 399 quanta
561 334 780 384 esuriens
819 336 896 384 Ieo
935 336 989 384 in
1027 351 1227 385 cervum
1265 336 1354 383 aut
1391 350 1623 398 capream
1660 337 1833 399 fertur,

141 412 196 459 in
234 411 331 459 duo
369 410 558 460 scilicet
588 410 881 458 animalium
913 426 1095 474 genera
1134 425 1258 474 quae
1296 424 1386 458 nec
1415 425 1639 474 pugnare
1669 412 1834 460 sciunt

142 500 233 534 nec
281 484 467 534 habent
514 483 738 547 aliquam
782 484 834 532 in
879 483 1155 533 resistendo
1213 483 1465 532 virtutem.
1554 486 1718 533 cetera
1769 486 1834 533 ad

141 575 377 623 pompam
415 557 761 621 descriptionis
799 558 1072 621 pertinent,
1117 559 1175 606 ut
1212 558 1369 607 leonis
1416 557 1630 607 aviditas
1670 560 1832 608 osten-

142 634 312 695 datur,
351 632 438 696 qui
467 635 588 682 tunc
626 633 814 696 gaudet
852 648 964 681 cum
1002 632 1107 681 eius
1147 648 1235 681 ora
1266 632 1410 695 copia
1447 633 1604 680 nimia
1643 633 1833 682 cruoris

140 708 443 756 horrescunt.
519 706 639 755 licet
686 706 823 755 illius
874 722 1022 756 causa
1071 707 1161 770 qui
1208 708 1345 755 veste
1395 722 1452 755 ac
1500 707 1668 769 pinnis
1720 723 1833 756 con-

141 782 342 844 spicuus
390 782 488 830 fuit
535 781 808 830 Mezentius
864 780 1169 843 advolasset,
1215 783 1405 843 tamen,
1457 782 1693 844 quoniam
1736 797 1834 845 >per

142 857 271 904 acies
310 855 376 910 ad
414 872 529 904 eum
564 856 822 918 pervenire
861 857 1119 918 potuerat,
1156 855 1341 904 multos
1381 871 1440 903 ex
1478 871 1537 904 ea
1575 857 1832 905 occasione

139 931 428 993 prostravit.
490 931 723 978 sternitur
758 930 933 990 infelix
963 929 1156 978 Acron:
1191 929 1315 978 bene
1354 928 1481 978 dixit
1517 929 1716 992 infelix,
1754 932 1832 979 ut·
1852 939 1935 979 730

139 1005 256 1068 pote
297 1004 384 1067 qui
422 1004 669 1053 derelicta.
698 1005 971 1052 otiosarum
1009 1003 1302 1052 deliciarum
1339 1005 1482 1066 parte
1520 1004 1740 1066 perrexit
1770 1005 1835 1053 ad

141 1081 390 1127 certamen
425 1078 686 1140 Martium,
726 1078 861 1141 quod
898 1077 1088 1141 inplere
1119 1094 1219 1126 non
1256 1080 1477 1140 poterat,
1516 1080 1567 1126 et
1603 1078 1720 1128 inde
1757 1078 1833 1127 in-

140 1153 282 1214 felix,
333 1154 418 1216 qui
468 1169 559 1202 nec
607 1153 797 1215 nuptiis
846 1168 1005 1201 novae
1056 1151 1279 1216 coniugis
1329 1153 1482 1215 potiri
1530 1154 1699 1215 potuit
1743 1169 1835 1202 nec

141 1227 319 1275 salute.
382 1231 426 1276 et
462 1228 674 1276 calcibus
704 1231 867 1276 atram
896 1227 1058 1275 tundit
1083 1227 1287 1274 humum
1324 1227 1558 1287 expirans
1593 1228 1834 1287 infracta-

141 1315 230 1362 que
267 1301 362 1350 tela
400 1304 643 1350 cruentat:
687 1300 916 1364 expirans
960 1300 1207 1350 tundebat
1251 1300 1468 1350 calcibus
1508 1303 1715 1363 terram,
1762 1303 1833 1351 sic

141 1377 274 1423 enim
326 1375 520 1424 faciunt
571 1375 720 1424 occisi
779 1375 1034 1423 tundendo
1094 1377 1282 1424 terram
1341 1375 1549 1438 pedibus
1613 1376 1834 1424 dolorem

138 1451 474 1499 monstrantes
515 1466 661 1512 quem
698 1449 899 1498 interim
937 1450 1182 1511 sentiunt,
1222 1449 1456 1513 quoniam
1498 1449 1599 1498 alia
1637 1450 1832 1499 ratione

138 1539 239 1572 non
275 1526 499 1587 possunt.
561 1524 803 1589 sanguine
835 1525 1003 1572 autem
1040 1523 1243 1587 proprio
1274 1525 1377 1572 tela
1406 1523 1622 1572 infracta
1660 1540 1833 1573 cruen-

139 1597 303 1647 tabat:
347 1598 564 1647 infracta
609 1614 710 1647 non
755 1599 917 1647 fracta
956 1597 1191 1646 debemus
1238 1598 1484 1661 accipere3
1534 1599 1659 1647 alias
1700 1600 1833 1647 enim

138 1672 407 1721 infractum
460 1675 583 1722 satis
638 1673 853 1722 fractum
906 1673 1034 1721 solet
1094 1672 1386 1737 significare.
1486 1676 1628 1732 atque
1687 1673 1830 1730 idem,

138 1747 230 1795 hoc
284 1749 361 1796 est
411 1747 707 1809 Mezentius,
759 1748 1023 1809 fuyientem
1070 1747 1191 1795 haut
1238 1750 1308 1795 est
1358 1747 1589 1808 eliquatus
1641 1745 1833 1795 Oroden

139 1824 373 1869 sternere:
439 1838 539 1871 non
601 1821 806 1886 dignum
869 1821 1140 1870 arbitratus
1211 1824 1287 1870 est
1347 1819 1545 1870 Oroden
1613 1822 1831 1870 sternere

140 1894 438 1958 fugientem,
499 1898 718 1958 quantae
781 1895 913 1943 enim
974 1895 1162 1960 gloriae
1223 1910 1328 1944 esse
1381 1896 1551 1958 potuit
1604 1911 1832 1944 aversum

139 1967 320 2017 ferire?
388 1984 476 2018 nec
521 1971 652 2018 iacta
698 1984 893 2019 caecum
937 1970 1058 2018 clare
1103 1970 1301 2030 cuspide
1344 1970 1549 2018 vulnus:
1599 1973 1687 2018 aut
1731 1986 1831 2018 non

139 2042 332 2091 videnti
379 2043 528 2092 letale
574 2045 754 2092 vulnus
798 2045 996 2092 inferre.
1073 2043 1195 2106 quid
1240 2045 1398 2108 igitur
1446 2042 1597 2092 fecit?
1661 2045 1831 2093 obvius

141 2117 435 2177 adversoque
465 2118 695 2166 occurrit:
732 2117 855 2167 vicit
885 2118 989 2166 eius
1020 2118 1196 2182 fugam
1235 2121 1286 2166 et
1323 2119 1368 2166 ei
1408 2118 1644 2167 adversus
1677 2135 1830 2182 appa·

139 2191 242 2239 ruit
279 2191 369 2254 qui
398 2192 552 2254 paulo
592 2194 707 2240 ante
738 2193 985 2254 posterior
1023 2193 1134 2240 fuit.
1195 2207 1337 2252 seque
1373 2193 1479 2240 viro
1517 2192 1595 2240 vir
1634 2194 1831 2241 contulit
1849 2203 1931 2242 735

139 2266 259 2313 haut
300 2266 433 2325 furto
478 2266 668 2322 melior,
714 2266 800 2314 sed
843 2267 1052 2326 fortibus
1098 2267 1275 2315 armis:
1319 2267 1507 2316 virtute
1545 2266 1715 2329 potius
1753 2267 1831 2315 vir

142 2339 247 2388 viro
286 2339 461 2388 melior
506 2356 657 2402 quam
695 2340 829 2388 furto
876 2340 1091 2389 contulit
1126 2357 1332 2389 manum
1372 2343 1423 2389 et
1460 2343 1634 2403 aperto
1675 2343 1828 2389 certa-

139 2414 271 2461 mine
304 2415 559 2477 superavit
598 2430 710 2462 eum
749 2414 836 2477 qui
874 2430 925 2463 se
963 2414 1201 2479 fugiendo
1234 2417 1521 2479 speraverat
1551 2430 1828 2463 evasurum.

140 2490 242 2534 tuxm
278 2502 425 2548 super
463 2489 699 2536 abiectum
730 2489 889 2548 posito
922 2489 1045 2549 pede
1080 2490 1230 2537 nixus
1268 2493 1312 2538 et
1347 2490 1515 2538 kasta:
1553 2503 1680 2549 pars
1719 2489 1828 2537 belli

139 2561 258 2609 haut
294 2562 571 2619 temnenda,
611 2562 729 2617 viri,
768 2562 892 2610 iacet
929 2563 1058 2611 altus
1098 2562 1294 2611 Orodes
1371 2563 1675 2611 conclamant
1711 2563 1829 2610 socii

141 2635 319 2683 laetum
362 2650 562 2696 paeana
616 2636 789 2683 secuti:
839 2636 989 2685 huius
1041 2653 1174 2687 mors
1228 2653 1466 2701 magnum
1519 2652 1639 2684 suae
1693 2637 1828 2698 parti

259 2780 285 2819 3
315 2778 536 2822 virtutum
559 2777 601 2821 V
632 2791 747 2821 corr.
772 2777 844 2821 ed.
967 2782 991 2821 7
1024 2780 1308 2834 quoniam—
1327 2782 1352 2821 8
1371 2783 1586 2834 potuerat
1614 2780 1728 2822 mut.
1755 2778 1825 2823 ed.

142 2838 196 2878 16
219 2849 389 2879 cum—
409 2841 462 2880 17
479 2838 660 2893 possint
682 2836 753 2880 ed.
843 2840 899 2880 20
930 2843 1079 2882 autem
1108 2851 1193 2894 pro
1224 2839 1337 2882 haut
1366 2842 1438 2881 est.
1452 2836 1506 2881 V.
1594 2841 1647 2880 22
1681 2851 1829 2893 quan-

140 2898 190 2937 ta
220 2895 339 2939 enim
368 2896 541 2952 yloriae
562 2895 605 2939 V
635 2910 674 2952 q.
701 2910 735 2940 e.
759 2896 909 2952 yloria
932 2896 1004 2940 ed.
1097 2901 1152 2940 26
1183 2897 1346 2954 qotulit
1368 2895 1410 2938 V
1441 2896 1489 2939 in
1520 2896 1683 2940 obtulit
1713 2910 1827 2941 corr.

140 2966 201 2995 m.
235 2953 290 2996 H.
424 2959 478 2998 27
516 2955 673 3011 potius
712 2956 791 2999 via
831 2956 930 2999 viro
963 2955 1006 2999 V
1041 2970 1130 3000 om.
1164 2955 1234 2999 ed.
1369 2959 1424 2998 29
1466 2954 1712 3012 fugientem
1755 2956 1826 3001 ed.

142 3015 198 3054 30
225 3013 423 3067 penixus
445 3012 500 3057 V.
624 3018 679 3057 32
712 3015 846 3058 letum
869 3013 925 3058 V.
