2050 3226
247 165 351 217 122
718 160 950 206 DONATI
980 161 1260 205 INTERPR.
1285 160 1466 205 VERG.

245 300 479 350 adversus
525 301 773 350 undarum
822 317 991 350 cursus
1030 303 1178 349 remis
1225 316 1425 363 superes
1473 303 1522 349 et
1573 301 1708 349 omni
1743 304 1934 350 remoto

243 375 512 424 luctamine
568 375 631 423 ad
687 375 938 423 destinata
993 375 1269 437 pervenias
1358 375 1565 424 dicendo
1612 378 1786 424 contra
1833 391 1935 424 am-

243 466 355 498 nem
398 465 502 498 esse
540 449 843 497 tendendum
882 449 1081 514 edocuit
1117 450 1171 496 in
1211 464 1269 496 ea
1315 451 1457 511 parte
1505 450 1804 499 constitutos
1842 450 1934 498 Ar·

244 523 387 572 cades
439 539 566 586 quae
615 524 811 571 flumini
860 525 1010 585 caput
1061 525 1110 571 et
1147 524 1390 587 originem
1428 522 1594 571 dabat.
1670 539 1731 571 ne
1771 525 1938 572 autem

244 614 300 646 eo
331 600 440 660 ipso
471 599 740 646 terreretur
763 597 971 659 Aeneas,
994 597 1081 645 ille
1111 598 1217 659 ipse
1242 613 1293 645 se
1319 597 1574 660 pollicitus
1605 599 1681 646 est
1710 598 1939 646 futurum
1992 610 2012 642 5
2049 608 2050 658 1

245 671 418 720 ducem
458 675 509 719 et
541 671 767 720 difficilia
798 674 964 720 omnia
994 674 1315 719 remoturum.
1370 685 1516 732 snrye
1547 686 1647 732 aye,
1680 675 1793 719 nate
1823 673 1939 720 dea:

245 762 390 810 surge
430 748 480 794 et
519 762 610 810 age
648 746 897 793 hortantis
933 747 1048 793 sunt
1078 745 1245 807 potius
1279 761 1429 807 quam
1459 745 1690 794 iubentis.
1738 746 1938 806 primis-

156 823 161 826 ’
245 835 335 879 que
391 820 673 868 cadentibus
731 821 900 876 astriS,
957 820 1051 867 hoc
1108 821 1184 868 est
1237 822 1507 882 antequam
1560 819 1686 867 lucis
1740 822 1938 868 exortus

172 904 227 943 60
246 895 413 942 omnia
474 895 609 942 astra
668 896 941 955 removeat,
999 894 1186 941 Iunoni
1235 894 1312 953 fer
1355 894 1446 941 rite
1487 908 1683 953 preces:
1730 895 1940 943 noverat

245 971 376 1016 enim
413 969 590 1031 utpote
631 968 750 1016 deus
789 970 951 1030 ipsam
990 967 1218 1016 Troianis
1257 967 1408 1015 fuisse
1437 968 1694 1016 infestam:
1732 969 1938 1030 proinde
1971 981 2013 1013 10

243 1041 540 1105 placandam
580 1041 776 1090 dicebat
815 1044 866 1090 et
898 1043 1152 1105 potentem
1180 1041 1435 1089 inimicam
1467 1042 1656 1091 devotis
1691 1042 1936 1104 obsequiis

244 1116 539 1164 leniendam.
593 1131 700 1164 ecce
734 1117 784 1162 et
813 1118 907 1164 iste
938 1116 991 1163 in
1023 1132 1082 1163 ea
1113 1115 1361 1164 sententia
1393 1117 1469 1163 est
1497 1115 1551 1163 in
1587 1132 1687 1178 qua
1717 1116 1936 1164 Helenus

244 1192 363 1252 fuit,
399 1190 485 1239 sed
516 1190 810 1252 oportunius
848 1191 930 1238 hic
968 1190 1144 1238 suadet
1180 1190 1478 1253 rogandam,
1511 1191 1747 1252 quoniam
1785 1206 1939 1253 supra

246 1264 372 1312 dixit
418 1269 621 1326 „tumor
667 1263 825 1312 omnis
873 1266 922 1312 et
967 1264 1071 1312 irae
1117 1280 1399 1312 concessere
1446 1263 1642 1312 deum“.
1718 1266 1939 1324 iramque

243 1340 500 1397 minasque
536 1339 838 1398 supplicibus
875 1353 1055 1398 supera
1093 1340 1240 1386 votis:
1279 1339 1387 1386 sola
1423 1339 1610 1386 mansit
1654 1339 1706 1386 in
1744 1342 1939 1387 tumore
1971 1349 2013 1382 15

246 1412 421 1472 animi,
469 1412 715 1475 placanda
763 1412 857 1460 tibi
905 1415 1000 1473 est,
1046 1415 1104 1460 ut
1151 1412 1324 1461 ceteris
1371 1412 1482 1475 ipsa
1530 1428 1726 1475 quoque
1773 1415 1938 1460 animo

243 1486 548 1549 promptiore
580 1487 871 1534 consentiat.
921 1489 970 1534 et
999 1487 1296 1548 placandam
1320 1486 1559 1534 Iunonem
1593 1487 1761 1535 docuit
1791 1487 1939 1536 sacri-

243 1561 469 1608 ficiorum
516 1560 764 1622 obsequiis
813 1563 863 1608 et
907 1562 1210 1610 matutinum
1258 1563 1454 1622 tempus
1499 1561 1717 1609 ostendit
1756 1561 1937 1610 divinis

243 1635 513 1683 honoribus
554 1635 830 1695 convenire,
868 1636 926 1681 ut
963 1634 1083 1682 fecit
1129 1635 1229 1682 alio
1275 1636 1384 1682 loco
1423 1635 1640 1696 Aeneas;
1688 1636 1759 1683 sic
1807 1636 1939 1683 enim

243 1710 463 1770 positum
514 1710 589 1756 est
636 1701 844 1774 (11,4):
895 1711 1044 1770 „vota
1094 1708 1241 1756 deum
1290 1710 1452 1771 primo
1503 1710 1664 1757 victor
1714 1709 1939 1758 solvebat
1970 1720 2014 1752 20

243 1781 401 1830 Eoo“.
457 1782 788 1844 supplicibus,
817 1783 1004 1844 inquit,
1037 1783 1166 1831 votis
1200 1798 1401 1844 superat,
1439 1784 1720 1846 potentium
1752 1785 1936 1846 quippe

243 1856 536 1904 inimicitiae
576 1855 887 1918 obsequendo
927 1856 1094 1918 potius
1135 1873 1287 1918 quam
1316 1856 1590 1906 resistendo
1622 1857 1936 1920 franguntur.

243 1931 363 1978 mihi
401 1931 549 1978 victor
587 1931 813 1978 honorem
847 1931 1114 1990 persolves:
1153 1947 1264 1978 cum
1303 1932 1513 1979 senseris
1546 1931 1782 1979 beneficia
1811 1947 1938 1993 mea,

246 2021 355 2052 cum
394 2005 557 2052 laetus
598 2003 657 2052 de
697 2004 949 2052 effectibus
989 2005 1167 2065 fueris,
1213 2007 1332 2053 tunc
1380 2005 1504 2053 mihi
1543 2005 1935 2067 repraesentabis

246 2094 373 2140 quae
411 2093 602 2126 mereor
638 2080 843 2140 propter
879 2079 1007 2126 hanc
1047 2094 1261 2127 causam.
1333 2079 1556 2141 oportuit
1592 2079 1797 2127 Aenean
1837 2079 1936 2127 evi·
1970 2089 2012 2122 25

244 2153 439 2200 dentius
479 2167 621 2200 nosse
669 2152 778 2214 quis
824 2152 909 2199 ille
954 2155 1081 2201 esset
1119 2155 1169 2200 et
1208 2153 1330 2200 scire
1370 2154 1450 2201 cui
1487 2169 1576 2215 per
1612 2155 1756 2202 tanta
1793 2153 1936 2201 bene-

243 2226 355 2274 ficia
405 2226 568 2274 faetus
612 2227 741 2274 esset
790 2226 1051 2286 obnoxius,
1102 2227 1193 2274 sub
1246 2243 1346 2289 qua
1394 2227 1648 2275 occasione
1694 2229 1744 2275 et
1790 2227 1936 2275 deum

245 2301 524 2349 adverteret
560 2301 858 2347 monitorem
897 2302 947 2348 et
983 2300 1155 2348 fideret
1195 2301 1327 2363 quod
1366 2318 1455 2364 per
1493 2301 1598 2349 eius
1639 2317 1834 2349 amnem
1874 2301 1936 2349 ad

246 2376 420 2436 optata
471 2374 656 2422 auxilia
704 2376 871 2435 posset
919 2375 1196 2436 pervenire:
1248 2389 1328 2435 690
1379 2390 1508 2431 suni,
1561 2376 1747 2438 inquit,
1789 2376 1935 2436 pleno

245 2463 382 2507 quein
431 2449 631 2506 flamine
688 2449 845 2495 cernis
893 2449 1201 2509 stringentem
1256 2450 1395 2508 ripas
1450 2453 1492 2496 et
1535 2451 1749 2510 pin-qaia
1808 2450 1936 2497 calta
1967 2457 2011 2490 30

365 2565 388 2602 3
433 2574 522 2604 esse
556 2559 599 2602 V
641 2561 777 2603 etiam
825 2559 895 2603 ed.
956 2560 960 2617 Ι
1018 2564 1294 2604 constructos
1327 2558 1370 2603 V
1409 2559 1479 2603 ed.
1528 2562 1793 2604 constitutos
1837 2573 1933 2604 nos.

245 2623 270 2662 5
314 2620 391 2663 ille
433 2621 528 2674 ipse
561 2618 605 2661 V
642 2620 672 2662 i.
706 2620 735 2661 i.
772 2632 817 2662 36
855 2632 938 2661 1103
981 2619 1054 2662 illi
1091 2620 1183 2674 ipsi
1221 2619 1292 2662 ed.
1424 2622 1448 2660 9
1492 2624 1747 2663 removeant
1782 2618 1823 2662 V
1862 2619 1933 2662 ed.

247 2684 298 2721 11
340 2680 575 2722 inimicam
614 2678 782 2721 devotis
817 2676 858 2718 V
897 2678 1026 2721 deam
1062 2679 1156 2733 piis
1194 2678 1264 2721 ed.
1395 2682 1450 2720 15
1490 2691 1656 2732 supera
1685 2679 1821 2732 votis,
1853 2678 1934 2722 sed

243 2738 366 2780 infra
396 2739 512 2781 vot-is
541 2751 708 2793 supera
730 2736 785 2780 V.
823 2737 827 2794 Ι
862 2738 1082 2780 remansit
1111 2736 1201 2780 ΗΟ
1235 2736 1305 2780 ed.
1415 2741 1469 2779 16
1504 2738 1651 2780 animi
1672 2736 1714 2779 V
1745 2751 1787 2779 a.
1813 2738 1935 2780 Iano

245 2811 358 2851 quae
391 2796 461 2840 ed.
501 2797 504 2854 y
540 2798 704 2852 11636-
725 2801 778 2838 17
805 2797 1081 2839 consentiam
1114 2796 1184 2839 ed.
1220 2809 1334 2839 corr.
1367 2795 1437 2838 ed.
1470 2796 1590 2850 post.
1702 2799 1756 2837 19
1788 2796 1934 2839 sicon-

240 2857 440 2910 positnm
487 2861 551 2899 est
587 2854 628 2898 V
673 2856 739 2899 sic
785 2856 903 2898 enim
947 2856 1143 2910 positum
1191 2869 1225 2898 6.
1273 2867 1356 2897 nos
1410 2855 1491 2898 ubi
1536 2854 1707 2898 dictum
1753 2859 1817 2898 est
1861 2854 1933 2897 ed.

246 2919 297 2956 21
332 2916 449 2958 votis
478 2928 644 2970 supera
670 2913 712 2956 V
743 2927 842 2969 sup.
877 2915 992 2958 votis
1027 2915 1096 2969 (ut
1131 2914 1179 2957 in
1215 2913 1434 2956 lemmate
1466 2912 1524 2970 V)
1557 2913 1628 2956 ed.
1751 2917 1806 2956 25
1846 2915 1934 2957 evi-

246 2973 454 3017 dentibus
486 2973 558 3017 ed.
654 2977 709 3016 26
742 2979 784 3017 et
812 2974 944 3017 sciret
967 2972 1009 3015 V
1032 2973 1103 3016 ed.
1137 2978 1178 3016 et
1207 2974 1320 3017 scire
1350 2986 1432 3015 nos
1464 2977 1517 3016 ut
1545 2973 1679 3017 sciret
1709 2972 1779 3015 ed.
1812 2974 1932 3027 post.
