2050 3226
236 137 307 191 52
312 137 343 190 8
706 133 940 179 DONATI
968 133 1035 178 ΙΝ
1037 133 1252 180 TERPR.
1275 133 1457 180 VERG.

235 274 403 322 crebro
443 288 753 324 commovens
799 274 1018 334 hastam,
1063 275 1123 320 ut
1159 274 1412 323 videretur
1457 274 1550 323 sibi
1595 275 1695 323 iam
1740 275 1930 338 inplere

234 364 377 412 posse
418 348 550 411 quod
588 350 831 411 coeperat.
905 349 1030 407 forte
1066 361 1205 396 sacer
1245 346 1417 409 Cybelo
1459 348 1689 398 Chloreus
1726 350 1932 408 olimque

234 423 473 480 sacerdOS,
505 423 598 471 hoc
629 424 704 471 est
733 438 846 471 vere
878 423 1192 470 consecratus
1223 425 1276 470 et
1306 422 1445 470 cuius
1477 422 1791 473 devotionem
1819 439 1933 486 pro-

235 497 404 546 basset
442 496 739 559 antiquitas,
782 495 965 558 Cybelo
1003 494 1057 543 id
1096 498 1172 544 est
1208 496 1317 544 loco
1355 497 1407 544 in
1447 512 1543 559 quo
1584 497 1766 559 Cybele
1806 497 1930 546 cole-

235 571 408 633 batur,
452 571 662 631 insiym‘s
709 570 844 630 lonqe
881 570 1109 630 Phryyiis
1157 570 1376 631 falyebat
1410 570 1465 618 in
1502 573 1680 620 armis:
1719 570 1931 620 admira·

235 645 352 694 bilis
399 645 499 692 fuit
537 646 587 692 et
633 643 763 692 hunc
809 643 1032 707 Phrygia
1078 659 1218 691 arma
1264 644 1455 708 fulgere
1493 645 1743 694 faciebant
1781 645 1932 694 etiam

237 722 355 768 tunc
395 735 506 767 cum
544 719 742 782 longius
783 717 996 780 degeret.
1073 720 1189 780 post
1234 718 1611 782 generalitatem
1657 719 1779 768 dicit
1825 735 1932 782 spe-

163 798 166 801 ’
238 794 407 842 ciatim
447 792 693 854 quomodo
732 793 880 855 longe
919 791 1168 856 fulgebat,
1198 808 1317 840 nam
1346 793 1454 856 ipse
1486 795 1561 841 est
1590 809 1736 843 verus
1767 794 1934 858 fulgor

136 877 220 916 770
238 867 289 916 et
325 868 502 930 plenus
542 867 630 929 qui
667 867 814 930 longe
854 866 1046 928 positus
1087 868 1297 929 apparet
1335 869 1387 915 et
1416 868 1648 916 cernitur.
1700 883 1934 928 spmnan-

236 945 419 1002 temq‘ae
466 941 685 1002 agitabat
729 955 930 1000 equam;
974 957 1076 988 non
1115 940 1247 988 enim
1284 943 1520 1004 spumant
1557 941 1675 1004 equi
1710 942 1810 990 nisi
1848 941 1935 1004 qui

236 1016 505 1079 plurimum
545 1016 763 1063 currunt.
840 1029 979 1075 quem
1006 1015 1155 1074 pellis
1194 1016 1332 1064 aenis
1368 1016 1423 1063 in
1451 1016 1679 1075 plumam
1716 1016 1935 1078 squamis

237 1104 359 1138 awro
399 1092 619 1138 conserta
656 1090 861 1150 teyebat:
893 1090 943 1136 et
980 1088 1151 1153 tetigit
1188 1089 1402 1152 speciem
1441 1091 1492 1138 et
1522 1089 1768 1152 quomodo
1800 1090 1935 1138 facta

238 1166 367 1212 esset
421 1162 652 1212 ostendit.
744 1163 895 1225 pelle,
950 1163 1045 1224 ait,
1099 1164 1264 1212 fuerat
1316 1165 1477 1212 tectus
1541 1166 1718 1213 ornata
1771 1163 1935 1212 aeneis

237 1237 459 1300 squamis
498 1243 547 1286 et
586 1253 708 1285 auro
741 1237 1065 1302 fulgentibus.
1119 1253 1328 1300 squama
1359 1239 1435 1286 est
1463 1238 1663 1301 proprie
1694 1237 1934 1300 serpentis

238 1315 287 1359 et
316 1312 482 1374 piscis,
514 1328 665 1375 quam
694 1311 817 1360 facit
847 1311 1123 1374 conpositio
1154 1312 1422 1374 naturalist,
1452 1328 1570 1360 nam
1601 1314 1651 1361 et
1681 1313 1934 1361 ordinibus

239 1386 432 1451 digesta
482 1389 558 1434 est
608 1388 658 1434 et
707 1387 904 1435 viarum
952 1385 1284 1448 plurimarum
1332 1386 1639 1450 inpressione
1685 1387 1935 1435 distincta.

239 1460 475 1524 quicquid
505 1460 662 1523 igitur
689 1459 742 1507 in
773 1461 901 1508 hanc
932 1461 1314 1508 similitudinem
1345 1460 1640 1509 subtilitatis
1672 1461 1937 1510 artificium

237 1534 384 1598 fingit
422 1549 630 1597 squama
669 1534 865 1582 dicitur.
918 1535 1040 1582 haec
1076 1534 1134 1581 fit
1165 1551 1223 1582 ex
1253 1534 1462 1583 minutis
1493 1534 1693 1583 laminis
1723 1534 1936 1584 invicem

240 1625 290 1657 se
327 1608 679 1670 retinentibus,
720 1624 848 1671 quae
888 1609 1102 1671 speciem
1141 1609 1329 1657 faciant
1362 1624 1598 1671 squamae
1630 1611 1680 1657 et
1711 1610 1812 1657 sint
1842 1609 1935 1657 tali

240 1683 516 1747 digestione
567 1682 853 1745 conpositae
902 1684 962 1730 ut
1012 1685 1088 1731 est
1131 1683 1184 1730 in
1224 1683 1400 1731 avibus
1440 1683 1633 1745 pluma,
1675 1683 1784 1744 ubi,
1824 1699 1937 1730 cum

238 1774 339 1805 una
378 1758 589 1805 alteram
626 1757 827 1819 premit,
866 1757 1089 1805 nascitur
1119 1757 1173 1804 in
1204 1759 1406 1819 aspectu
1439 1757 1603 1820 gratia
1634 1759 1684 1804 et
1715 1757 1937 1805 animum

240 1833 517 1894 conpositio
565 1833 676 1893 ipsa
723 1831 938 1879 delectat
983 1846 1040 1879 ac
1086 1832 1262 1893 pascit.
1339 1832 1443 1891 ipse
1475 1832 1741 1892 pereyrina
1777 1833 1938 1891 ferra-

236 1907 348 1966 9ine
388 1906 551 1954 claras
583 1909 626 1953 et
653 1909 781 1953 ostro
811 1905 1001 1964 spicula
1033 1906 1281 1964 torquebat
1310 1905 1462 1966 1416ἱο
1493 1905 1734 1966 Gortynia
1764 1920 1938 1953 cornu:

240 1980 346 2042 ipse
385 1979 573 2041 inquit,
623 1982 681 2028 ut
730 1979 791 2027 ab
843 1995 972 2041 equo
1022 1979 1087 2027 ad
1136 1979 1385 2027 hominem
1422 1980 1692 2028 transitum
1737 1979 1937 2040 faceret,

241 2054 345 2116 ipse
385 2069 502 2117 ergo
542 2069 692 2115 eques
730 2054 991 2117 peregrina
1029 2053 1282 2117 ferrugine
1322 2054 1484 2102 clarus
1523 2053 1635 2102 fuit.
1691 2053 1832 2101 6111115
1871 2052 1938 2101 5113

240 2127 407 2176 meriti
443 2129 542 2176 ista
581 2128 780 2191 ferrugo
821 2129 945 2176 ostri
981 2127 1171 2176 indicat
1210 2127 1627 2190 additamentum3
1666 2143 1766 2175 non
1804 2128 1937 2175 enim

242 2202 427 2265 species
467 2202 647 2264 speciei
687 2202 1030 2266 coniungitur,
1069 2203 1169 2250 nisi
1198 2205 1411 2265 utraque
1443 2201 1539 2250 sibi
1570 2217 1727 2263 aequo
1758 2202 1935 2249 merito

166 2280 173 2286 '
243 2278 293 2325 et
340 2276 524 2324 honore
572 2276 884 2338 respondeat.
971 2276 1202 2339 proinde,
1253 2277 1372 2338 quia
1418 2278 1551 2324 ostro
1591 2277 1771 2324 scimus
1810 2274 1937 2322 nihil

243 2366 347 2399 esse
387 2349 603 2414 gratius,
643 2350 943 2413 ferruginem
980 2351 1295 2414 peregrinam
1333 2351 1426 2398 hoc
1458 2352 1535 2399 est
1564 2366 1622 2398 ex
1651 2348 1935 2397 melioribus

242 2424 527 2487 regionibus
583 2422 863 2489 advectam,
915 2440 1043 2487 quae
1095 2426 1228 2473 ostro
1279 2424 1461 2472 meruit
1512 2424 1678 2488 iungi,
1731 2422 1934 2471 maioris

244 2498 395 2560 pretii
448 2498 681 2546 debemus
735 2498 971 2560 accipere.
1061 2498 1240 2547 habuit
1301 2500 1469 2546 autem
1531 2497 1745 2560 spicula,
1807 2513 1935 2560 quae

243 2571 397 2634 Lycio
445 2588 598 2620 cornu
641 2572 735 2620 hoc
783 2573 859 2619 est
896 2571 1049 2633 Lycio
1091 2588 1211 2620 arcu
1248 2571 1527 2634 torquebat.
1605 2587 1807 2620 cornum
1844 2571 1936 2619 hoc

244 2646 352 2694 loco
391 2647 517 2710 ligni
556 2661 711 2709 genus
753 2644 898 2708 dixit,
938 2661 1037 2693 non
1077 2646 1290 2694 alicuius
1331 2644 1577 2694 animalis
1661 2658 1841 2693 aureas
1880 2659 1936 2692 ea·

145 2726 227 2766 775
243 2721 425 2767 umeris
464 2724 568 2768 erat
605 2734 750 2767 arcas
789 2722 833 2766 et
869 2734 1024 2767 aurea
1060 2721 1163 2768 vati
1201 2720 1420 2768 cassida:
1459 2722 1593 2768 totus
1626 2718 1689 2766 ad
1718 2718 1936 2780 pulchri-

366 2837 388 2875 7
421 2833 655 2887 speciatim
680 2832 722 2876 V
747 2845 832 2888 per
862 2832 1028 2887 species
1059 2831 1130 2876 ed.
1254 2835 1308 2874 13
1341 2832 1493 2876 aeneis
1514 2829 1557 2875 V
1588 2830 1747 2874 ahenis
1786 2831 1848 2886 (et
1886 2829 1937 2873 in

246 2890 415 2945 lemm.)
449 2891 519 2934 ed.
643 2896 697 2934 23
731 2892 940 2948 cortym'a
962 2890 1017 2934 V.
1140 2894 1194 2934 27
1227 2892 1372 2947 specie
1403 2890 1474 2934 ed.
1596 2893 1651 2932 32
1684 2902 1871 2933 cornum
1894 2888 1937 2932 V

247 2963 387 2994 cornu
418 2950 489 2993 ed.
522 2951 678 2994 neseio
711 2965 770 2994 an
802 2951 940 2995 recte.

1966 957 2009 989 10
2037 992 2043 1005 ,2

1969 1325 2009 1358 15

1967 1696 2049 1745 ποῖ
