2050 3226
765 156 1072 202 AENEmos
1102 155 1167 200 xl
1706 158 1815 214 513

119 297 184 346 ad
220 296 555 358 Herminium,
595 312 721 359 quos
763 296 974 347 Catillus
1013 296 1207 346 occidit.
1274 296 1589 345 Herminium
1627 298 1817 360 laudat,

120 388 268 435 quem
317 370 537 420 adseruit
584 371 839 435 ingentem
888 372 1041 420 fuisse
1081 371 1270 432 anime,
1322 372 1472 420 armis
1512 374 1560 419 et
1600 387 1815 434 corpore.

117 447 239 495 haec
276 445 385 494 laus
424 446 478 493 in
515 445 755 494 honorem
792 446 997 495 victoris
1035 447 1202 509 posita
1232 447 1321 507 est,
1354 446 1442 508 qui
1471 446 1625 494 talem
1656 446 1819 495 valuit

119 535 364 584 superare.
440 518 628 567 indicia
665 519 913 569 subnectit
949 521 1151 569 virtutis
1199 519 1306 568 eius
1352 522 1403 568 et
1448 520 1625 581 animi,
1669 520 1816 576 nuda

66 606 88 640 5
118 595 306 658 inquit,
345 594 425 642 cui
461 595 634 642 vertice
670 595 814 654 fulva
852 595 1116 643 caesaries:
1153 595 1274 643 haec
1305 594 1405 642 fuit
1434 593 1664 657 probatio
1695 594 1818 641 nudi

119 667 322 731 capitiS,
362 668 482 731 quia
520 668 692 731 capilli
738 669 840 717 eius
888 668 1153 731 parebant,
1198 668 1252 716 in
1298 670 1497 716 tantum
1543 671 1604 716 ut
1648 683 1818 716 eorum

119 743 255 792 color
315 758 511 806 quoque
580 743 739 791 flavus
808 745 1109 805 cerneretur3
1177 743 1418 802 nudisque
1468 743 1652 791 meris
1703 740 1820 804 [nec

117 817 326 865 vulnera
375 815 581 878 terrent]
589 834 605 864 .·
661 816 922 866 incedebat
983 817 1137 866 etiam
1188 816 1334 865 nudis
1388 817 1573 866 umeris
1626 817 1820 865 nullum

118 906 292 955 gerens
331 891 592 939 vulnerum
628 894 830 939 metum.
907 894 1072 940 tantas
1111 893 1165 939 in
1203 906 1347 940 arma
1376 894 1537 951 patet:
1574 887 1820 953 quantum

45 979 88 1012 ιο
120 965 283 1014 audax
322 967 373 1013 et
409 965 573 1014 nudus
620 981 678 1013 ex
725 981 783 1014 ea
829 966 1046 1028 corporis
1086 967 1230 1027 parte
1271 981 1370 1028 qua
1408 965 1606 1014 facilius
1652 966 1820 1028 potuit

118 1041 226 1103 peti
263 1041 465 1088 tantum
497 1038 559 1087 ad
600 1039 940 1102 excipiendam
976 1042 1188 1088 mortem
1226 1042 1500 1102 oportunus
1539 1042 1590 1088 et
1626 1041 1819 1102 patens.

120 1115 243 1162 latos
291 1113 404 1162 huic
450 1114 595 1162 hasta
635 1128 730 1174 per
779 1128 943 1162 armos
993 1117 1103 1162 acta
1153 1115 1334 1162 tremit:
1382 1114 1666 1162 latitudinis
1720 1129 1820 1162 non
1837 1123 1923 1163 645

118 1189 171 1236 in
211 1203 408 1237 cassum
438 1189 574 1236 facta
605 1188 1007 1236 commemoratio
1041 1190 1142 1250 est3
1173 1188 1370 1237 facilius
1401 1188 1532 1236 enim
1562 1187 1822 1250 praebebit

119 1262 406 1311 vulneribus
445 1262 612 1310 locum
643 1263 733 1325 qui
764 1262 1060 1324 amplissimi
1099 1263 1322 1324 corporis
1361 1263 1583 1325 spatium
1615 1261 1821 1311 dederit.

46 1351 89 1384 15
119 1337 219 1385 fuit
266 1336 421 1401 igitur
471 1336 664 1385 occasio
721 1336 976 1384 occidendi
1023 1337 1178 1385 talem
1230 1338 1317 1399 qui
1362 1353 1451 1400 per
1486 1337 1821 1385 temeritatem

119 1410 283 1459 nudus
321 1410 430 1459 ibat
476 1411 541 1458 ad
585 1410 771 1458 bellum
809 1412 859 1458 et
898 1410 962 1458 ad
1001 1410 1343 1474 excipiendum
1381 1411 1515 1460 vitae
1562 1410 1821 1459 interitum

121 1484 378 1533 adferebat
414 1484 509 1532 lati
547 1486 767 1548 corporis
806 1486 1002 1533 molem.
1054 1485 1284 1545 funditur
1322 1488 1427 1534 ater
1455 1486 1632 1544 ubiqwe
1663 1499 1819 1542 cruor,

120 1559 243 1607 dant
276 1561 460 1619 funera
495 1559 628 1619 ferro
667 1562 901 1607 certantes
924 1559 1277 1619 pulchramque
1298 1563 1472 1619 petunt
1494 1573 1587 1619 per
1615 1559 1822 1608 vumera

120 1636 343 1681 mortem:
380 1633 657 1682 necessario
697 1635 847 1696 poeta
886 1633 1112 1698 confugit
1144 1634 1207 1682 ad
1237 1634 1640 1698 generalitatem,
1679 1650 1740 1681 ne
1773 1635 1823 1681 et

49 1721 93 1754 πο
122 1702 219 1756 sibi
255 1707 560 1770 prolixitatis
604 1723 796 1755 moram
846 1710 896 1756 et
943 1708 1224 1772 legentibus
1274 1708 1499 1756 taedium
1538 1709 1822 1770 quaereret3

123 1781 324 1845 quando
363 1783 496 1830 enim
533 1783 640 1830 tam
677 1782 895 1846 ingentis
927 1798 1126 1846 pugnae
1159 1784 1210 1830 et
1238 1784 1495 1830 tantorum
1523 1782 1823 1845 populorum

123 1855 296 1904 caedes
347 1856 555 1918 speciali
604 1856 935 1919 descriptione
987 1855 1331 1919 percurreret?
1385 1872 1484 1919 quo
1537 1855 1591 1904 in
1643 1872 1822 1920 genere

124 1930 355 1978 dictionis
394 1930 521 1977 nihil
560 1930 775 1993 amplius
815 1933 983 1993 potest
1021 1930 1197 1980 sentiri
1235 1946 1385 1994 quam
1423 1930 1620 1994 legitur.
1676 1946 1822 1994 gene·

122 2005 299 2052 ralitas
338 2019 470 2064 vem,
503 2005 622 2067 quia
652 2005 805 2053 nullis
836 2004 1065 2053 terminis
1097 2005 1363 2067 clauditur,
1393 2004 1641 2054 infinitam
1671 2005 1824 2053 habet

49 2091 92 2125 25
124 2077 523 2126 aestimationem
560 2080 802 2141 tantaque
841 2081 1009 2142 potest
1047 2094 1151 2127 esse
1190 2081 1438 2141 quantum
1468 2095 1578 2128 eam
1608 2079 1824 2128 valuerit

124 2152 384 2201 extendere
435 2153 522 2214 qui
570 2153 816 2202 tractarit.
905 2153 1155 2201 conclusio
1206 2169 1323 2216 ergo
1372 2153 1472 2202 ista
1509 2153 1686 2202 melior
1723 2154 1824 2201 fuit

125 2242 252 2290 quae
291 2225 570 2275 narrationi
607 2227 764 2275 veluti
803 2226 1053 2289 quendam
1099 2227 1286 2276 faceret
1330 2228 1478 2276 finem
1527 2229 1577 2276 et
1621 2226 1823 2275 initium

125 2301 271 2349 alteri
324 2300 484 2362 daret3
542 2301 757 2349 multum
811 2300 996 2364 quippe
1059 2301 1266 2351 adiuvat
1325 2301 1537 2366 legentis
1600 2302 1823 2350 animum

125 2374 480 2423 dissimilitudo
515 2375 742 2436 quaesita
773 2391 862 2437 per
891 2376 1133 2424 transitus
1166 2378 1289 2425 etin
1313 2374 1426 2440 ipsa
1450 2377 1822 2425 continuatione

51 2461 95 2494 so
123 2449 380 2498 referentis
443 2450 710 2511 procurata
774 2449 1003 2498 varietas.
1105 2451 1322 2513 utraque
1391 2453 1559 2499 tamen
1628 2447 1823 2512 aliquid

245 2625 273 2663 4
313 2621 596 2665 subnectitur
629 2619 672 2663 V
707 2633 821 2663 corr.
855 2619 926 2664 ed.
1043 2621 1244 2666 animini
1276 2620 1331 2665 V.
1455 2626 1481 2664 6
1518 2620 1749 2676 parebant
1780 2619 1822 2663 V

119 2683 236 2735 pat·
268 2679 339 2723 ed.
463 2683 486 2722 7
519 2679 722 2734 nudique
752 2681 897 2723 umeri
932 2692 956 2723 e
994 2714 1003 2724 .
1037 2682 1085 2724 et
1116 2680 1255 2737 Verg.
1289 2679 1410 2723 libri.
1456 2680 1461 2738 Ι
1506 2693 1655 2724 nec—
1675 2683 1701 2722 8
1733 2684 1823 2724 ter-

127 2743 226 2782 rent
257 2738 389 2782 deest
419 2738 469 2781 in
492 2737 548 2791 V,
582 2738 663 2781 sed
695 2737 969 2794 explicatur.
1078 2744 1131 2783 11
1164 2739 1479 2795 excipiendam
1502 2738 1545 2782 V
1575 2738 1651 2794 (cf.
1676 2753 1715 2781 v.
1737 2742 1822 2781 645

128 2797 176 2840 et
208 2798 308 2852 649)
349 2798 539 2853 expedi·
579 2797 650 2841 ed.
776 2801 831 2840 13
863 2799 1048 2854 praebit
1078 2798 1120 2842 V
1152 2799 1340 2855 praebet
1371 2798 1443 2842 ed.
1478 2797 1710 2854 praebebit
1739 2811 1823 2841 nos

128 2858 319 2911 propter
357 2857 542 2901 dederit.
674 2861 729 2899 14
761 2857 872 2912 quia
895 2856 938 2900 V
967 2859 1047 2914 qui
1078 2871 1191 2902 corr.
1226 2857 1296 2901 ed.
1426 2861 1482 2903 20
1521 2862 1752 2913 quaereret
1781 2856 1823 2899 V

47 2965 51 2967 Α
124 2915 408 3017 pareretded.
532 2919 587 2958 25
619 2921 840 2970 quantam
868 2917 1061 2962 voluerit
1090 2917 1321 2962 ostendere
1352 2915 1409 2960 ed
1419 2916 1467 2960 F.
1583 2920 1639 2959 29
1671 2920 1824 2960 trans·-

129 2975 244 3018 itum
277 2987 301 3017 e
337 3008 347 3019 .

220 3062 317 3096 Don„
334 3063 491 3103 interpr.
504 3064 617 3104 Verg.
633 3064 708 3097 vol.
720 3064 771 3097 11.
1501 3068 1555 3106 33
