2050 3226
27 2853 33 2875 ..
24 2775 26 2778 <
15 2575 33 2758 “wid-.-⁴
22 2536 24 2538 -
0 2438 19 2514 jssssss*

821 176 1127 249 Ammos
1150 202 1237 248 vn
1804 206 1875 259 27

185 345 333 394 ariete
369 359 508 394 caeso
540 345 790 405 perpetuis
834 343 965 392 soliti
998 346 1172 403 patres
1218 343 1465 392 considere
1508 345 1714 391 mensis:
1768 359 1878 393 ecce

183 420 389 482 propter
434 434 586 482 quam
630 433 834 467 causam
879 417 1006 466 dixit
1049 419 1239 466 tectum
1285 419 1580 482 augustum,
1632 419 1714 467 vel
1760 419 1879 481 quia

183 494 357 542 domus
396 494 496 541 fuit
531 509 705 557 regum
746 492 826 541 vel
872 492 993 554 quia
1036 507 1178 556 reges
1216 492 1315 554 ipsi
1358 491 1466 540 illic
1509 491 1754 556 regnandi
1792 508 1878 540 au-

183 568 341 630 spicia
389 567 747 628 sortiebantur,
794 566 900 615 illic
947 581 1143 614 omnem
1187 565 1525 629 suscipiebant
1564 568 1877 630 potestatem,

132 657 151 689 5
181 641 287 690 illic
346 643 563 704 primum
622 641 781 690 fasces
834 640 1106 705 erigebant.
1173 642 1319 689 tanta
1372 643 1543 688 autem
1602 640 1880 690 incolarum

180 715 421 780 religione
489 714 872 778 suspiciebatur,
935 718 996 762 ut
1054 715 1148 764 hoc
1211 715 1314 763 illis
1376 717 1506 764 esset
1566 714 1725 776 curia,
1786 715 1881 764 hoc

181 791 445 853 templum,
489 789 544 838 in
587 790 682 838 hoc
727 804 868 838 sacra
918 788 1149 838 convivia
1194 791 1550 839 exercerentur.
1626 789 1879 852 perpetuis

180 865 364 913 mensis
403 864 529 913 dixit
564 863 619 912 in
655 864 862 928 longum
901 863 1170 926 conpositis
1211 866 1262 912 et
1292 863 1514 928 digestis·
1575 863 1881 926 descriptum

182 942 257 987 est
286 939 590 988 vestibulum
628 938 804 986 domus
843 939 894 986 et
930 953 1127 986 morum
1163 937 1468 987 consuetudo
1508 937 1724 1002 signata,
1750 976 1880 986 .....

107 1028 150 1060 ιο
182 1050 432 1062 .........
471 1013 551 1063 vel
600 1014 797 1075 partem
848 1012 1206 1075 propositionis
1258 1029 1357 1075 qua
1406 1011 1532 1061 dixit
1580 1011 1880 1061 horrendum

179 1087 419 1151 religione
450 1090 714 1150 parentum
747 1089 799 1134 et
834 1089 1008 1135 narrat
1038 1087 1322 1149 specialiter
1358 1087 1447 1148 qui
1484 1086 1671 1135 fuerint
1706 1087 1760 1135 in
1790 1087 1879 1136 1110

178 1161 406 1225 ingressu
451 1164 683 1225 parentes
714 1160 900 1209 Latini.
970 1161 1090 1221 quin
1138 1162 1284 1209 ctiam
1327 1164 1542 1208 veterum
1588 1162 1774 1222 efftqies
1823 1175 1880 1209 ex

181 1236 350 1283 ordine
399 1251 605 1284 avorum
654 1236 884 1295 antiquae
933 1235 1096 1283 cedro:
1156 1251 1215 1283 ex
1264 1234 1437 1284 ordine
1489 1235 1881 1299 intellegendum

181 1312 257 1358 est
292 1309 388 1358 ita:
427 1313 485 1358 ut
521 1310 631 1358 nati
676 1310 899 1370 fuerant,
946 1309 1016 1358 sic
1062 1325 1232 1357 eorum
1276 1308 1520 1373 imagines
1566 1309 1721 1358 fuisse
1767 1325 1882 1358 con-

107 1397 149 1430 15
180 1384 385 1446 positas.
463 1385 703 1447 antiquae
757 1384 902 1431 cedro
958 1385 1048 1432 aut
1097 1400 1156 1431 ex
1209 1383 1353 1432 cedro
1400 1384 1578 1444 factae,
1627 1384 1745 1445 quia
1786 1384 1880 1432 hoc

180 1473 337 1522 genus
375 1456 503 1522 ligni
538 1458 726 1506 tineam
757 1458 917 1506 nescit
960 1458 1428 1520 corruptionemque
1474 1474 1532 1506 ex
1575 1457 1880 1521 antiquitate

179 1548 278 1580 non
310 1533 478 1594 sentit,
510 1534 601 1581 aut
632 1533 799 1581 cedria
821 1535 1106 1595 perunctae,
1138 1533 1377 1595 quoniam
1407 1533 1548 1596 ligna
1578 1533 1799 1581 custodit
1822 1548 1881 1581 ac

180 1607 359 1655 servat.
426 1606 682 1668 Italusque
713 1610 950 1666 paterque
993 1606 1212 1655 Sabinus
1249 1606 1496 1655 vitisator:
1547 1607 1641 1655 hoc
1683 1606 1879 1671 signum

179 1682 381 1741 meruit,
444 1681 578 1744 quod
631 1682 817 1729 multas
877 1681 995 1730 vitis
1047 1681 1273 1730 instituit
1325 1682 1376 1728 in
1429 1681 1593 1729 Italia.
1678 1696 1879 1729 curvam

106 1768 149 1799 20
178 1769 382 1804 servans
427 1756 517 1804 sub
555 1756 769 1816 imaqine
813 1756 1013 1815 falcem:
1060 1771 1261 1804 servans
1300 1756 1479 1803 falcem
1517 1756 1611 1804 hoc
1658 1757 1733 1804 est
1769 1772 1878 1818 per-

179 1832 382 1892 petuam
428 1832 616 1878 tenens.
694 1829 786 1878 sub
831 1829 1050 1893 imagine
1097 1831 1168 1878 sic
1215 1829 1579 1892 accipiendum,
1630 1830 1763 1893 quod
1809 1831 1880 1878 sic

181 1919 291 1951 eam
338 1906 551 1965 teneret,
608 1906 666 1952 ut
723 1904 828 1952 eius
884 1903 998 1952 visu
1052 1919 1246 1967 semper
1299 1903 1649 1965 delectaretur,
1703 1906 1879 1966 utpote

181 1980 376 2026 amator
411 1979 607 2040 vitium,
639 1995 848 2040 quarum
889 1979 1114 2027 culturas
1146 1979 1305 2026 omnis
1336 1979 1535 2041 putatio
1567 1979 1710 2027 falcis
1743 1980 1880 2027 ante-

180 2053 331 2113 venit,
369 2052 460 2100 sub
498 2052 718 2116 imagine
758 2069 876 2116 ergo
916 2052 1006 2100 sub
1047 2053 1204 2101 oculis
1235 2052 1470 2116 imaginis
1503 2067 1635 2101 suae.
1696 2055 1879 2113 tamen,

106 2137 148 2170 25
181 2127 420 2189 quoniam
463 2142 578 2174 mox
624 2128 851 2189 sequitur
924 2127 1264 2186 Saturnusque
1301 2141 1467 2183 senex,
1518 2128 1684 2190 potest
1721 2126 1880 2175 videri
1898 2133 1982 2173 180

178 2201 285 2263 ipse
324 2201 485 2264 magis
525 2217 638 2249 cum
668 2201 796 2249 falce
829 2200 1128 2263 descriptus,
1167 2204 1226 2249 ut
1255 2202 1395 2263 prius
1428 2201 1562 2249 dicta
1596 2201 1663 2249 sit
1693 2202 1878 2263 species

181 2291 308 2337 quae
347 2275 618 2334 ferebatur,
670 2275 847 2323 dehinc
889 2275 1002 2338 quis
1049 2276 1201 2323 ferret
1239 2277 1486 2336 ostensus,
1532 2277 1592 2323 ut
1629 2276 1697 2323 sit
1734 2276 1877 2323 ordo:

179 2347 440 2412 Italusque
492 2351 734 2411 paterque
788 2347 1000 2398 Sabinus
1051 2350 1284 2398 vitisator
1335 2347 1678 2412 Saturnusque
1732 2364 1878 2397 senex

181 2439 384 2472 curvam
430 2439 631 2472 servans
678 2423 768 2472 sub
810 2423 1028 2488 imagine
1067 2424 1259 2472 falcem.
1330 2439 1439 2472 ecce
1478 2423 1718 2486 patefecit
1756 2422 1878 2486 quid

300 2554 326 2593 3
358 2563 483 2606 reyes
512 2551 604 2605 ipsi
634 2549 676 2593 V
708 2550 790 2594 sed
827 2564 950 2608 reyes
984 2550 1034 2593 in
1067 2551 1186 2607 reqis
1218 2564 1332 2595 corr.
1455 2555 1483 2594 4
1520 2550 1792 2595 sortiebatur
1821 2548 1875 2591 V.

182 2613 208 2652 ὅ
240 2609 337 2652 illic
366 2608 409 2652 V
441 2613 575 2664 atque
604 2610 635 2652 i.
670 2609 741 2653 ed.
842 2614 868 2653 6
899 2610 981 2654 hoc
1010 2611 1106 2653 illis
1137 2608 1179 2652 V
1209 2610 1319 2653 haec
1347 2611 1378 2653 i.
1413 2609 1484 2653 ed.
1587 2614 1610 2652 7
1643 2610 1694 2651 in
1724 2609 1806 2652 hoc
1835 2607 1878 2651 V

182 2673 222 2711 et
251 2669 304 2711 in
333 2668 374 2711 h.
408 2667 479 2711 ed.
574 2671 599 2711 9
630 2671 739 2723 post
767 2669 954 2725 siqnata
984 2669 1190 2724 spatium
1215 2668 1590 2724 quattuordecim
1616 2667 1877 2711 litterarum

180 2728 329 2779 vacat,
354 2726 565 2782 sequitur
593 2728 662 2771 vel
684 2733 865 2783 partem
887 2727 926 2771 V
949 2729 1119 2772 transit
1147 2728 1210 2772 ad
1240 2728 1374 2772 aliud
1405 2727 1716 2783 supplendum
1746 2728 1876 2782 puto.

184 2790 238 2829 10
284 2787 365 2841 qui
408 2787 531 2830 dixit
567 2785 608 2829 V
654 2800 793 2842 quum
831 2787 875 2830 d.
915 2786 986 2830 cd.
1118 2792 1171 2831 11
1214 2792 1459 2843 parentum
1491 2786 1531 2828 V
1571 2791 1761 2841 patrum
1803 2785 1874 2830 cd.

183 2849 239 2887 13
281 2846 500 2900 antiquae
542 2846 704 2890 caedro
745 2846 943 2901 utroque
984 2846 1086 2889 loco
1130 2847 1178 2890 et
1221 2850 1305 2890 623
1338 2845 1394 2889 V.
1526 2849 1577 2888 17
1619 2844 1804 2889 caedria
1834 2845 1877 2888 V

181 2903 305 2947 cedri
356 2905 451 2948 oleo
505 2904 575 2948 ed.
722 2909 777 2947 23
827 2906 1032 2949 culturas
1077 2906 1225 2950 omnis
1266 2905 1307 2948 V
1358 2904 1446 2948 edI
1499 2903 1706 2960 corrupit
1758 2904 1875 2948 edF.

183 2966 240 3004 24
271 2967 421 3007 tamen
450 2962 493 3006 V
525 2963 612 3007 edI
642 2969 821 3007 tantum
853 2964 967 3008 edF.
1076 2968 1132 3007 25
1157 2969 1371 3020 potest—
1399 2967 1453 3006 29
1484 2964 1647 3017 falcem
1679 2976 1768 3007 om.
1802 2963 1875 3006 ed.

184 3024 239 3064 29
265 3027 402 3077 pater
430 3022 539 3075 fecit
567 3022 609 3066 V
642 3035 756 3066 corr.
789 3023 860 3067 ed.
