2050 3226
136 515 192 556 30

224 145 333 200 552
698 144 931 189 DONATI
960 144 1240 189 INTERPR.
1265 144 1445 190 VERG.

224 283 314 347 qui
349 284 530 334 marito
567 285 723 333 filiam
761 284 878 333 dare
923 283 1132 333 iubebar
1169 285 1383 334 externo.
1459 300 1560 334 non
1597 287 1745 335 vacat
1781 287 1917 350 quod

225 358 349 407 dixit
378 360 590 423 cognato
615 360 856 423 sanguine
881 358 1067 420 victus3
1106 360 1196 420 qui
1219 358 1350 407 enim
1377 359 1579 408 nolebat
1602 360 1719 408 dare
1744 360 1918 410 debuit

223 436 492 497 cognatum
531 433 754 482 adserere
784 435 990 495 propter
1019 432 1121 481 vim
1155 434 1400 496 responsi,
1438 450 1500 482 ne
1530 449 1582 483 se
1605 435 1805 483 Turnus
1837 451 1916 484 ex-

222 510 421 556 ternum
442 508 603 571 magis
627 523 732 556 esse
756 506 1086 555 contenderet.
1138 507 1355 568 coniuyis
1379 511 1423 555 et
1441 512 1654 557 maestae
1677 509 1918 558 lacrimis:

224 583 275 630 et
310 582 392 630 hic
431 581 708 629 addendum
756 583 832 629 est
869 581 1052 643 victuS,
1099 597 1206 629 cum
1246 581 1347 642 his,
1396 581 1584 645 inquit,
1630 583 1919 632 accederent

223 656 528 704 miserabiles
566 655 711 703 fietus
749 655 936 716 uxoriS,
975 671 1127 717 quam
1159 671 1250 718 pro
1280 655 1383 704 tuis
1423 657 1691 705 commodis
1721 659 1917 706 tristem

153 738 157 741 ’
222 731 431 778 ulterius
470 729 637 777 videre
675 745 775 777 non
813 729 978 792 potui,
1023 729 1119 778 feci
1157 730 1318 778 victus
1358 731 1491 792 quod
1527 731 1706 779 mulier
1742 731 1917 793 voluit,

222 820 322 853 non
354 804 488 866 quod
518 819 751 866 superum
781 805 1036 867 praecepit
1066 803 1354 853 auctoritas.
1406 805 1570 853 vincla
1591 805 1758 854 omnia
1778 806 1918 866 rwpi:

223 895 334 927 cum
373 895 402 926 a
432 879 649 927 iussione
680 879 970 926 caelestium
1001 879 1305 926 statutorum
1341 878 1604 927 consilium
1635 880 1791 928 animi
1819 881 1918 929 mei

224 953 391 1001 omnia
428 953 528 1001 ista
557 953 845 1013 traxissent,
884 968 1039 1001 nexus
1072 952 1230 1001 omnis
1262 952 1518 1016 religionis
1551 953 1744 1016 abrupi.
1797 955 1918 1017 quid

223 1028 354 1075 enim
391 1043 491 1076 non
535 1026 772 1076 adversus
817 1027 1040 1076 homines
1077 1027 1292 1075 facerem
1338 1027 1581 1075 violenter
1627 1029 1714 1090 qui
1762 1028 1917 1077 viola-

223 1116 392 1151 veram
441 1100 592 1149 deos?
655 1101 859 1163 exponit
906 1102 1009 1149 iam
1058 1101 1180 1163 quid
1233 1102 1300 1149 sit
1352 1101 1518 1150 vincla
1570 1104 1738 1150 omnia.
1789 1101 1918 1165 rupi.

221 1177 459 1238 primum,
508 1174 696 1237 inquit,
743 1176 1038 1235 promissam
1089 1176 1249 1235 eripui
1293 1189 1491 1236 yenerO:
1541 1191 1693 1238 quam
1743 1178 1919 1240 gravia

220 1250 321 1298 ista
375 1252 492 1298 sunt
541 1265 756 1312 quorum
804 1249 1025 1298 reatibus
1080 1265 1130 1298 se
1183 1251 1429 1298 memorat
1480 1251 1632 1298 etiam
1685 1250 1917 1299 humanis

222 1323 415 1388 legibus
455 1324 775 1386 inplicatum!
827 1323 1059 1372 decedere
1100 1325 1232 1372 enim
1262 1325 1321 1372 de
1361 1324 1456 1371 fide
1496 1327 1547 1373 et
1584 1341 1767 1388 negare
1805 1340 1918 1388 pro-

222 1399 428 1447 missum
465 1399 517 1446 in
554 1397 648 1446 tali
686 1413 836 1446 causa
866 1414 1070 1462 gravem
1108 1398 1244 1446 senio
1283 1400 1468 1460 virum,
1506 1415 1675 1463 regem
1707 1415 1919 1462 quoque,

223 1473 364 1521 cuius
401 1472 455 1520 in
493 1471 720 1520 omnibus
760 1473 921 1520 causis
960 1473 1108 1535 plena
1146 1474 1491 1534 expectaretur
1529 1473 1825 1534 auctoritas,
1869 1476 1920 1521 et

222 1547 395 1595 fallere
436 1563 547 1594 eum
579 1562 725 1608 quem
756 1547 1042 1610 delegerant
1071 1548 1304 1608 numina,
1343 1547 1533 1594 adferre
1564 1547 1772 1595 nexibus
1802 1548 1918 1608 vim,

221 1636 449 1683 rumpere
503 1620 636 1683 quod
687 1620 985 1684 religionum
1038 1620 1315 1668 foederibus
1370 1621 1535 1669 fuerat
1595 1621 1918 1685 conligatum,

225 1698 411 1758 eripere
442 1711 552 1743 eam
583 1711 709 1757 quae
735 1712 794 1742 ex
825 1710 975 1743 causa
997 1696 1231 1758 promissi
1254 1695 1406 1742 alieni
1430 1697 1559 1743 esset
1588 1695 1712 1743 iuris
1745 1695 1919 1744 effecta

225 1772 402 1832 quanti
440 1770 508 1817 sit
545 1769 742 1817 sceleris
779 1769 1099 1817 manifestum
1138 1771 1226 1817 est.
1279 1770 1477 1817 tantum
1515 1770 1608 1817 hoc
1650 1770 1758 1818 loco
1798 1769 1918 1818 Ver-

224 1844 374 1907 gilius
415 1843 749 1892 contractibus
788 1843 989 1904 tribuit,
1035 1845 1094 1891 ut
1130 1844 1219 1891 hos
1259 1843 1411 1891 etiam
1449 1843 1556 1891 sola
1594 1843 1919 1906 promissione

223 1917 346 1965 velit
375 1933 479 1966 esse
519 1917 762 1978 firmatos,
812 1920 870 1965 ut
913 1917 1120 1966 traditio
1166 1918 1376 1980 virginis
1424 1919 1648 1965 executio
1695 1917 1762 1965 sit
1805 1934 1918 1980 pro-

223 1992 384 2052 missi,
424 2008 482 2039 ex
521 2008 619 2053 qua
657 1993 881 2040 nascitur
915 1991 1275 2040 coniunctionis
1307 1991 1545 2040 adfectus.
1603 2007 1762 2054 usque
1795 1992 1917 2041 adeo

224 2067 317 2114 hoc
362 2081 533 2115 verum
583 2081 686 2114 esse
737 2066 1013 2126 contendit,
1063 2068 1123 2114 ut
1171 2082 1406 2130 generum
1456 2066 1641 2114 diceret
1689 2067 1771 2114 cui
1818 2082 1918 2114 non

226 2139 428 2188 dederat
464 2139 619 2186 filiam
659 2155 815 2188 suam.
893 2155 1037 2188 arma
1073 2141 1214 2199 inpia
1251 2141 1465 2199 sumpsi:
1514 2155 1622 2188 ecce
1668 2139 1918 2202 trepidum

226 2230 276 2262 se
316 2213 439 2261 dicit
475 2213 696 2261 extitisse
735 2218 785 2262 et
831 2229 1049 2263 armasse
1101 2230 1279 2262 manus
1327 2214 1492 2276 inpias
1538 2215 1690 2273 ferro,
1740 2215 1916 2261 merito

224 2287 388 2350 inpias
427 2290 599 2336 contra
645 2288 773 2335 filiae
824 2291 1006 2349 virum,
1059 2304 1207 2350 quem
1255 2288 1308 2335 in
1359 2288 1645 2336 societatem
1695 2288 1916 2335 familiae

226 2361 457 2424 promissi
493 2362 751 2409 honestate
791 2363 1102 2424 suscepisset.
1158 2363 1325 2410 omnia
1354 2362 1475 2410 haec
1514 2362 1648 2410 dicta
1678 2363 1797 2409 sunt
1826 2377 1915 2424 pro

227 2452 376 2484 causa
421 2437 472 2484 et
509 2451 599 2498 pro
650 2450 861 2498 persona
912 2437 1015 2484 eius
1066 2436 1145 2483 cui
1193 2436 1314 2484 haec
1361 2435 1726 2499 ingerebantur.
1802 2451 1916 2482 nam

227 2511 387 2559 multa
425 2510 688 2573 conposuit
724 2508 934 2557 Latinus
976 2509 1108 2557 dicta
1146 2510 1226 2558 vel
1257 2510 1392 2559 facta
1431 2513 1482 2558 et
1511 2510 1632 2557 haec
1663 2510 1792 2557 veris
1832 2508 1915 2557 ad-

349 2670 371 2708 1
403 2666 587 2710 iubebat
617 2665 688 2709 ed.
774 2669 799 2708 2
830 2665 1010 2709 nolebat
1032 2665 1074 2707 V
1099 2665 1172 2722 (cf.
1197 2680 1239 2709 v.
1263 2667 1337 2721 40)
1369 2666 1543 2710 volebat
1567 2665 1637 2708 ed.
1723 2668 1748 2707 3
1775 2677 1915 2720 prop-

228 2730 294 2769 ter
309 2750 358 2757 -
379 2730 408 2767 4
432 2725 714 2769 contenderet
736 2737 824 2767 om.
843 2724 914 2767 ed.
959 2723 964 2781 1
1008 2738 1053 2767 se
1075 2726 1183 2779 post
1206 2730 1439 2769 externum
1462 2724 1632 2768 iterum
1657 2723 1843 2778 scripsit
1859 2723 1913 2767 V.

230 2787 254 2826 9
293 2785 549 2839 conflictum
579 2783 622 2827 V
655 2783 725 2827 ed.
769 2784 1009 2828 consilium
1047 2797 1130 2826 nos
1174 2783 1231 2827 cf.
1263 2798 1304 2827 v.
1331 2788 1371 2827 2.
1495 2788 1548 2827 11
1587 2796 1682 2827 non
1721 2796 1808 2825 om.
1843 2782 1913 2826 ed.

232 2847 284 2885 16
315 2856 451 2899 yrave
472 2842 515 2886 V
539 2855 652 2886 corr.
679 2842 749 2886 cd.
787 2842 792 2901 Ι
827 2843 951 2886 senio
974 2840 1017 2883 V
1046 2855 1140 2886 non
1170 2843 1291 2887 decet
1321 2842 1391 2885 ed.
1477 2846 1533 2885 20
1564 2855 1620 2885 ex
1649 2855 1835 2885 causam
1858 2841 1913 2884 V.

230 2905 285 2943 24
317 2902 505 2955 affectus
528 2900 570 2944 V
599 2902 779 2956 effectus
810 2901 881 2945 ed.
974 2904 1027 2944 31
1060 2902 1187 2955 facta
1209 2901 1251 2944 V
1280 2902 1405 2956 falsa
1436 2901 1522 2955 ed.,
1551 2900 1632 2944 sed
1656 2899 1763 2943 falsi
1785 2900 1914 2944 notio

230 2959 367 3003 verbo
398 2962 635 3015 conposuit
665 2959 836 3004 subest.

1970 594 1991 627 5

1949 964 1993 996 10

1950 1333 1991 1367 15

1949 1710 1994 1743 20

1950 2079 1991 2112 25

1948 2449 1992 2481 30
