2078 3260
783 163 1088 214 AENEIDOS
1118 162 1206 207 XII
1733 166 1840 220 623

147 304 322 367 diruit,
375 303 538 368 prima
586 305 799 354 laniavit
847 306 1027 354 faciem
1075 319 1232 354 suam.
1322 302 1436 366 ipsa
1489 304 1619 351 enim
1673 303 1843 353 debuit

145 379 377 442 primitus
423 378 590 427 dolere
636 382 686 428 et
730 379 950 428 luctibus
995 378 1198 443 gravius
1244 377 1542 426 commoveri
1588 377 1651 425 ad
1691 395 1843 441 quam

144 452 359 502 materni
395 453 585 502 funeris
624 453 865 503 acerbitas
903 453 1187 516 specialiter
1214 451 1510 515 pertinebat.
1557 455 1658 499 twm
1689 455 1844 501 cetera

145 529 326 576 circum
355 528 502 576 turba
529 529 676 587 furit:
713 529 877 577 cetera
906 527 1057 577 turba
1087 543 1259 576 earum
1290 524 1578 588 accipienda
1609 527 1685 574 est
1715 542 1841 589 quae

93 613 113 646 5
143 600 460 650 miseratione
499 602 666 664 potius
709 603 908 666 reginae
963 617 1082 651 suae
1133 617 1286 665 quam
1332 598 1607 649 adfinitatis
1646 600 1840 648 ratione

142 675 486 725 movebantur.
523 680 755 724 resonant
773 677 903 725 latae
909 676 1234 738 plangoribus
1258 675 1425 723 aedes:
1446 674 1650 724 moralis
1674 674 1842 737 dictiQ

142 750 386 812 paulatim
411 751 596 812 quippe
617 751 671 798 in
703 752 926 799 omnium
948 751 1182 799 notitiam
1209 749 1345 797 mala
1367 747 1679 812 perveniunt.
1725 765 1841 798 nam

143 827 195 872 et
232 823 292 872 de
329 823 576 873 Pallantis
615 827 774 873 morte
814 822 926 890 (11,
955 821 1084 889 139)
1124 825 1196 873 sic
1242 823 1390 872 dixit:
1441 826 1529 885 „et
1565 823 1668 872 iam
1705 823 1841 872 fama

140 899 277 960 mali,
307 899 440 951 tanti
470 899 770 961 praenuntia
799 899 977 961 luctus,
999 898 1287 947 Euandrum
1312 897 1638 960 Euandrique
1669 897 1840 946 domos

68 986 110 1019 10
141 975 193 1022 et
239 974 436 1021 moenia
483 972 691 1035 replet“.
754 989 863 1022 ecce
914 976 965 1021 et
1012 973 1094 1022 hic
1140 973 1213 1021 ait
1257 971 1471 1035 primam
1522 971 1677 1021 filiam
1727 987 1840 1020 cum

141 1046 395 1110 aliquibus
427 1046 621 1096 Latinis
663 1047 954 1096 mulieribus
986 1048 1156 1108 scisse,
1194 1047 1370 1110 postea
1399 1047 1566 1094 tensos
1602 1046 1840 1095 clamores

141 1124 191 1171 et
242 1122 465 1170 ululatus
519 1122 741 1171 extitisse
795 1122 1163 1186 plangentium,
1220 1122 1281 1168 ut
1332 1135 1568 1169 resonans
1622 1120 1839 1169 latitudo

141 1196 316 1244 domus
356 1195 678 1244 acerbitatem
708 1195 830 1245 facti
866 1196 920 1244 in
951 1196 1147 1244 occulto
1186 1210 1291 1243 esse
1321 1210 1422 1243 non
1452 1194 1649 1244 sineret.
1704 1194 1840 1242 deni-

141 1287 235 1333 que
275 1271 503 1332 sequitur
538 1270 651 1318 hine
688 1273 834 1319 totam
871 1271 1047 1330 infelix
1083 1270 1313 1330 vulgatur
1348 1269 1491 1328 fama
1525 1283 1616 1330 per
1647 1270 1840 1319 urbem.-

66 1357 108 1390 15
139 1345 396 1408 vulgatur,
435 1345 528 1392 1100
567 1347 642 1393 est
679 1361 768 1406 per
807 1360 950 1392 omne
989 1344 1168 1408 vulgus
1200 1343 1355 1392 tofius
1394 1342 1532 1392 urbis
1571 1343 1837 1407 spargitur.

139 1419 390 1466 demittwnt
441 1421 646 1467 mentes:
699 1434 866 1467 omnes
920 1418 1110 1467 scilicet
1163 1419 1253 1481 qui
1305 1416 1505 1466 audiere
1558 1417 1840 1466 ceciderunt

139 1493 333 1541 animis.
373 1494 411 1540 it
439 1493 596 1541 scissa
624 1496 750 1540 veste
773 1493 990 1542 Latinus
1021 1493 1239 1553 eoninqis
1269 1492 1500 1540 attonitus
1529 1493 1650 1551 fatis
1679 1493 1838 1541 wrbis-
1855 1504 1941 1544 610

138 1581 228 1628 que
256 1567 432 1615 ruina:
469 1565 704 1628 Latinus,
742 1568 832 1630 qui
861 1583 1125 1629 personam
1162 1565 1333 1614 mariti
1362 1565 1566 1630 gerebat
1604 1568 1655 1615 et
1690 1566 1838 1631 regis,

138 1643 189 1690 et
211 1642 316 1689 suis
342 1641 489 1690 malis
515 1641 747 1690 confusus
773 1643 823 1690 et
844 1641 1057 1703 publicis
1091 1642 1353 1704 stupuerat
1374 1641 1426 1688 in
1455 1657 1611 1688 unum
1638 1642 1836 1703 tempus

64 1731 106 1764 20
138 1716 426 1764 convenisse
456 1715 793 1764 intolerabilia
822 1717 980 1777 mala,
1018 1714 1185 1764 uxoris
1217 1714 1406 1764 scilicet
1435 1717 1647 1763 mortem
1678 1717 1728 1763 et
1758 1731 1837 1763 ex-

135 1791 350 1837 tremum
396 1789 674 1852 periculum
715 1790 923 1852 patriae.
999 1789 1108 1838 ibat
1154 1791 1322 1837 autem
1372 1789 1525 1837 scissa
1573 1791 1711 1838 veste
1750 1805 1838 1852 per

136 1863 394 1926 publicum
422 1879 521 1912 rex,
572 1865 798 1912 canitiem
827 1864 1063 1912 inmundo
1085 1864 1348 1923 perfusam
1370 1863 1574 1924 pulvere
1604 1867 1836 1923 turpans:

136 1939 187 1986 et
225 1941 398 1986 contra
436 1938 617 1986 aetatis
655 1938 890 1986 meritum
929 1941 979 1987 et
1017 1939 1313 2002 dignitatem
1350 1936 1448 1986 loci
1485 1937 1565 1986 sui
1603 1937 1836 1986 canitiem

137 2027 278 2060 suam
315 2014 524 2074 turpans
562 2013 801 2060 inmundo
839 2013 1068 2074 pulvere3
1109 2028 1209 2060 non
1249 2011 1380 2060 enim
1417 2011 1598 2076 eligere
1636 2014 1836 2075 poterat

62 2101 105 2134 25
136 2085 307 2134 dolens
348 2086 471 2149 quid
508 2086 771 2149 inponeret
809 2086 964 2148 capiti
1001 2102 1104 2136 suo,

253 2160 451 2208 Interea
501 2164 705 2209 extremo
760 2161 959 2208 bellator
1006 2161 1059 2208 in
1114 2174 1318 2222 aequore
1367 2160 1569 2208 Turnus
1610 2161 1834 2220 palantis
1851 2171 1936 2212 615

134 2235 350 2294 sequitur
381 2249 592 2294 paucos:
641 2234 946 2283 detrahentis
994 2235 1159 2282 animo
1205 2235 1298 2283 hoc
1335 2233 1525 2283 dictum
1565 2236 1665 2296 est3
1715 2235 1832 2282 dum

135 2308 267 2356 enim
304 2308 425 2356 haec
469 2309 522 2356 in
569 2309 774 2357 civitate
822 2309 901 2356 vel
948 2308 1180 2357 adversus
1228 2307 1485 2357 civitatem
1531 2311 1832 2372 gererentur,

135 2383 329 2430 Turnus
355 2383 575 2430 omnium
598 2384 817 2447 ignarus,
841 2385 1017 2445 utpote
1047 2382 1101 2430 in
1132 2384 1350 2431 extrema
1378 2398 1666 2446 camporum
1689 2386 1830 2445 parte

60 2470 104 2502 30
135 2456 458 2516 constitutus,
487 2472 627 2506 raros
658 2457 1030 2519 insequebatur3
1068 2473 1158 2505 nec
1196 2473 1253 2505 ex
1289 2473 1346 2505 eo
1379 2457 1634 2505 admoneri
1664 2458 1832 2519 potuit

254 2571 279 2610 3
320 2573 428 2612 tunc
467 2567 539 2612 ed.
664 2573 688 2611 6
728 2583 920 2625 magnae
958 2569 1248 2626 elanyoribus
1278 2568 1320 2611 V
1351 2568 1440 2612 hoc
1470 2567 1706 2611 Donatum
1738 2582 1830 2612 non

132 2626 304 2684 legisse
346 2627 538 2682 interpr.
579 2627 715 2670 docet
754 2626 949 2671 dubium
987 2627 1254 2684 relinquens
1292 2629 1450 2671 utrum
1482 2629 1603 2672 latae
1634 2640 1695 2670 an
1726 2628 1830 2682 late,

134 2686 216 2730 sed
249 2687 446 2730 latitudo
477 2686 538 2729 ad
569 2687 689 2731 latae
719 2686 946 2731 inclinare
977 2687 1182 2741 videtur,
1215 2686 1340 2742 quod
1368 2686 1546 2742 recepit
1570 2686 1664 2740 ed.;
1689 2687 1830 2742 plan-

132 2746 316 2802 90ribus
358 2758 411 2788 eo
456 2745 581 2801 quod
624 2747 695 2788 est
731 2746 1051 2803 plangentium
1090 2746 1390 2790 confirmatur
1428 2746 1717 2802 elanyoribus
1755 2746 1825 2789 ed.

135 2809 159 2847 7
191 2806 359 2849 notitia
382 2803 424 2846 V
450 2804 520 2848 ed.
547 2818 660 2848 corr.
687 2804 756 2848 ed.
782 2807 901 2860 post.
1017 2810 1044 2850 8
1074 2806 1204 2860 fama
1233 2806 1347 2848 mali
1375 2806 1430 2848 ut
1460 2805 1510 2848 in
1540 2804 1604 2848 XI
1627 2804 1668 2847 V
1698 2805 1828 2859 fama

131 2863 292 2908 volans
334 2863 406 2908 ed.
531 2867 586 2906 10
629 2864 818 2919 complet
859 2864 929 2908 ed.
1053 2870 1105 2908 11
1143 2869 1290 2908 tensos
1320 2862 1362 2906 V
1393 2863 1480 2908 edI
1518 2864 1678 2908 densos
1709 2864 1826 2908 edF.

136 2926 189 2965 15
220 2924 406 2979 vulyare
428 2922 470 2966 V
493 2923 708 2979 vulyatur
732 2923 802 2967 ed.
829 2924 984 2979 recepi
1013 2925 1206 2979 propter
1235 2924 1481 2980 sparyitur.
1590 2927 1646 2966 30
1677 2937 1826 2969 nec—

59 2981 62 2983 ’
134 2985 235 3035 624,
265 2987 285 3024 1
320 2983 470 3026 abesse
502 2995 589 3025 om.
616 2981 687 3025 ed.
