2050 3226
229 170 337 223 242
695 167 929 212 ΒΟΝΑΤΙ
961 167 1243 212 INTERPR.
1269 167 1448 212 VERG.

226 307 537 371 properando
583 308 927 356 transmiserat
965 310 1014 356 et
1051 307 1272 356 laborem
1319 307 1563 370 duplicem
1610 307 1774 356 subire
1813 307 1918 356 sine

228 398 313 444 spe
337 381 633 431 inveniendi.
683 381 815 444 quod
840 384 1010 430 autem
1041 382 1114 430 ait
1143 396 1313 430 rursus
1345 382 1635 444 perplexum
1658 382 1752 429 iter
1775 396 1917 430 omne

225 456 483 506 revolvens
523 456 718 504 fallacis
758 456 913 504 silvae
953 455 1102 504 simul
1142 457 1192 503 et
1229 455 1444 519 vestigia
1485 457 1616 504 retro
1657 455 1919 504 observata

225 531 370 594 legit,
410 546 558 592 quem
586 531 897 578 intellectum
935 529 1075 577 nobis
1112 530 1301 578 dederit
1332 532 1476 578 caute
1509 529 1920 578 considerandum

226 607 322 666 est,
376 607 433 652 ut
485 604 680 666 plenius
736 606 978 666 appareat
1029 604 1297 652 infelicitas
1350 603 1484 666 Nisi3
1549 620 1665 652 nam
1719 619 1920 652 rursum

226 678 390 741 coepit
425 680 645 740 repetere
687 678 819 740 quod
858 694 971 726 cum
1001 679 1217 726 maximo
1250 677 1418 726 labore
1455 678 1606 726 semel
1642 678 1920 726 transmitti

225 752 308 800 vix
353 752 532 815 potuit.
610 754 830 815 quantae
875 752 1186 800 infelicitatis
1232 752 1330 800 fuit
1374 754 1598 814 repetere
1636 751 1770 800 viam
1810 768 1919 814 per-

224 827 422 889 plexam
445 827 538 875 hoc
563 827 638 875 est
661 825 831 874 multis
856 825 1207 889 inpedimentis
1232 826 1496 888 obsessam,
1529 825 1692 874 subire
1724 842 1919 874 omnem

160 912 164 915 ’
223 900 411 948 reditus
451 901 633 949 molem
673 902 722 948 et
751 916 967 948 remeare
999 900 1130 948 unde
1168 901 1332 949 fuerat
1369 900 1579 963 periculi
1617 900 1917 963 contempla-

224 975 359 1023 tione
411 974 701 1036 discessum,
752 978 971 1037 repetere
1022 975 1254 1023 fallacem
1301 974 1500 1022 silvam!
1563 974 1716 1024 silvae
1765 973 1918 1038 signi-

224 1049 451 1097 ficatione
485 1051 535 1097 et
564 1048 781 1097 latitudo
805 1050 1116 1098 monstratur
1146 1051 1195 1097 et
1226 1049 1489 1096 dumorum
1511 1049 1917 1111 inpedimentum.

224 1123 451 1171 fallacem
493 1125 661 1171 autem
700 1123 836 1184 ideo,
884 1123 1024 1186 quia,
1073 1139 1185 1171 cum
1223 1123 1364 1171 nulla
1403 1122 1663 1187 gradiendi
1701 1122 1917 1171 facilitas

225 1199 355 1245 esset
378 1197 431 1244 in
454 1196 691 1256 tenebris,
726 1198 779 1244 in
814 1213 871 1245 ea
894 1197 1055 1261 magis
1081 1199 1374 1260 supererant
1399 1213 1525 1260 quae
1555 1212 1654 1244 non
1677 1198 1919 1261 regerent,

225 1271 310 1319 sed
332 1271 565 1320 fallerent
589 1271 940 1319 ambulantem.
994 1271 1209 1335 vestigia
1232 1287 1348 1320 vero
1374 1272 1684 1320 considerare
1709 1273 1760 1318 et
1782 1270 1918 1319 rede-

224 1345 359 1394 undo
395 1345 624 1409 colligere
665 1347 752 1408 qui
786 1345 973 1408 potuit,
1010 1362 1123 1393 cum
1154 1346 1249 1394 tali
1278 1348 1501 1408 tempore
1534 1361 1591 1393 ac
1622 1346 1731 1394 loco
1763 1345 1921 1394 videri

224 1436 323 1467 non
354 1419 588 1482 possent?
627 1421 795 1468 tamen
822 1422 1123 1481 quantarum
1153 1435 1404 1468 morarum
1433 1421 1526 1468 hoc
1558 1420 1656 1467 fuit
1688 1422 1739 1467 et
1763 1435 1920 1482 quan-

223 1497 305 1542 tae
330 1494 639 1558 diligentiae!
676 1493 938 1556 dumisque
963 1494 1224 1542 silentibus
1249 1495 1402 1543 errat:
1433 1495 1631 1542 tantum
1650 1493 1812 1543 valuit
1835 1493 1920 1542 ad-

172 1575 175 1577 ’
225 1583 368 1616 versa
405 1569 503 1616 loci
533 1570 737 1629 natura,
775 1570 835 1616 ut
873 1584 985 1616 cum
1024 1569 1135 1631 ipsa
1171 1569 1533 1630 inspectatione
1574 1568 1767 1616 curiosa
1811 1569 1919 1615 toto

225 1643 373 1690 simul
410 1642 680 1704 inplicatus
721 1645 850 1691 esset
887 1658 1064 1691 errore.
1135 1643 1274 1690 audit
1312 1657 1474 1702 equae,
1517 1643 1657 1690 audit
1692 1642 1920 1701 strepitus

226 1721 267 1764 et
297 1718 441 1778 siyna
470 1720 774 1776 sequentum:
811 1718 1011 1764 tantum
1042 1718 1173 1765 inter
1202 1716 1368 1780 ipsum
1396 1718 1445 1764 et
1474 1717 1631 1765 hostis
1663 1719 1921 1778 supererat

226 1790 401 1853 spatii,
446 1793 504 1838 ut
543 1791 607 1839 ad
645 1790 748 1839 eius
789 1790 923 1839 auris
962 1807 1204 1854 equorum
1243 1791 1479 1854 strepitus
1519 1793 1569 1838 et
1607 1789 1921 1852 sequentium

123 1874 207 1913 395
226 1866 445 1913 hostium
482 1865 626 1929 signa
664 1866 991 1928 pervenirent.
1069 1880 1154 1912 nec
1193 1865 1387 1926 lonyum
1423 1866 1478 1912 in
1516 1865 1671 1912 medio
1710 1868 1920 1924 tempus:

226 1955 326 1987 non
371 1939 642 2001 plurimum
686 1939 923 2001 temporis
972 1941 1288 1987 consecutum
1335 1941 1432 1999 est,
1479 1953 1586 1987 cum
1634 1939 1816 1987 clamor
1854 1939 1921 1986 ad

226 2014 365 2061 auris
414 2014 654 2073 pervenit,
718 2013 905 2061 clamor
958 2014 1092 2075 capti
1147 2013 1338 2062 scilicet
1389 2013 1620 2076 Euryali,
1683 2027 1741 2060 ac
1792 2013 1920 2060 videt

224 2087 524 2148 Euryalum,
573 2087 711 2136 videt
758 2087 884 2136 dixit
929 2088 1167 2149 advertit,
1207 2102 1346 2147 quem
1390 2088 1494 2135 iam
1537 2101 1717 2135 manus
1763 2087 1920 2134 omnis
1950 2100 1969 2132 ε.)

224 2161 403 2221 fraude
453 2161 542 2208 loci
592 2165 634 2209 et
685 2163 837 2209 noctis
888 2162 1044 2209 subito
1098 2163 1322 2210 turbante
1374 2162 1582 2209 tumultu
1635 2175 1919 2221 oppressum

225 2236 379 2295 rapit:
437 2234 572 2296 capti
620 2235 832 2297 Euryali
882 2235 1217 2284 defensionem
1274 2237 1424 2298 poeta
1480 2236 1771 2298 prosecutus
1829 2236 1918 2294 est,

226 2325 287 2357 ne
309 2308 457 2369 iners,
489 2326 549 2356 ne
575 2325 662 2371 per
684 2309 1063 2358 inbecillitatem
1086 2310 1337 2363 videretur
1359 2309 1521 2358 factus
1547 2324 1650 2357 esse
1677 2308 1916 2371 captivus.

227 2385 401 2446 captus
453 2384 547 2444 est,
600 2383 788 2445 inquit,
843 2384 1116 2446 Euryalus,
1172 2385 1257 2433 sed
1309 2383 1454 2431 illum
1506 2383 1726 2430 locorum
1779 2382 1917 2430 fraus

226 2457 452 2506 hostibus
485 2456 621 2505 dedit
660 2459 708 2504 et
745 2458 993 2506 tumultus
1031 2459 1317 2521 repentinus
1350 2459 1400 2505 et
1430 2455 1688 2504 inimicum
1722 2458 1916 2518 tempus

226 2531 538 2579 tenebrarum
589 2530 846 2579 accedente
895 2532 1234 2580 multitudinis
1284 2530 1523 2580 violentia
1574 2546 1705 2595 quae,
1756 2532 1918 2579 totam

229 2607 552 2654 coronaverat
591 2605 782 2653 silvam.
845 2609 887 2652 et
919 2610 1170 2654 conantem
1201 2606 1423 2666 plurima
1459 2605 1675 2664 frustra:
1713 2605 1765 2652 in
1795 2604 1916 2667 ipsis

348 2752 373 2790 2
415 2747 646 2802 repleoeum
680 2745 734 2789 V.
858 2751 881 2788 7
925 2748 1004 2791 vix
1047 2761 1135 2790 om.
1172 2746 1243 2791 ed.
1292 2746 1296 2804 Ι
1346 2751 1571 2802 reppetere
1611 2746 1733 2790 viam
1770 2744 1811 2787 V
1850 2746 1918 2790 bis

227 2807 350 2850 viam
380 2820 472 2862 rep.
503 2806 573 2849 ed.
689 2810 714 2848 9
746 2805 890 2858 fuerit
918 2806 990 2850 ed.
1107 2810 1159 2849 11
1192 2811 1442 2850 monstrare
1463 2804 1506 2848 V
1536 2809 1813 2849 monstratur
1844 2805 1914 2848 ed.

232 2869 286 2908 15
340 2867 420 2921 qui
463 2879 547 2920 per
593 2864 919 2920 compendium
967 2868 997 2919 q
1043 2865 1266 2920 scriptum
1313 2866 1367 2907 ut
1412 2878 1452 2907 v.
1487 2868 1571 2907 683
1611 2863 1653 2907 V
1700 2864 1801 2920 quis
1843 2864 1915 2907 ed.

232 2928 285 2967 16
328 2925 409 2969 hoc
442 2924 483 2966 V
525 2925 634 2968 haec
675 2923 746 2968 ed.
882 2927 935 2966 18
978 2926 1251 2979 spectatione
1294 2923 1364 2967 ed.
1499 2927 1554 2966 28
1596 2936 1677 2967 nec
1714 2936 1801 2979 per
1843 2923 1914 2966 ed.

230 2987 286 3026 32
318 2989 611 3028 coronaverat
633 2982 676 3026 V
705 2983 1062 3028 circumdederat
1091 2983 1162 3027 ed.

1952 977 2011 1022 1οὲ

1953 1347 2011 1392 15²

1951 1731 2002 1763 20·

1949 2463 1994 2501 30'
