2050 3226
785 192 1090 238 AENnmos
1121 191 1184 237 1x
1726 197 1836 251 283

141 334 274 383 cordi
321 331 668 396 [numerosque
711 333 958 382 intendere
1004 330 1199 395 nervis]
1207 349 1224 381 .·
1272 347 1373 382 non
1417 347 1572 381 unam
1617 336 1837 383 tantum-

139 408 287 457 modo
346 407 561 457 musicae
631 409 789 456 artem
849 409 1079 470 noverat,
1147 405 1337 456 sciebat
1396 422 1670 470 conponere
1732 424 1835 457 car·

139 483 298 543 mina,
343 483 553 531 noverat
591 479 810 530 citharae
856 481 1078 531 studium
1117 483 1168 530 et
1204 480 1346 544 loqui
1382 497 1473 544 per
1509 497 1701 530 nervos.
1778 498 1836 531 ea

140 556 324 620 quippe
361 555 703 605 moderatione
733 554 991 617 tendebat,
1022 557 1081 604 ut
1113 555 1386 604 humanam
1415 570 1588 604 vocem
1619 556 1754 605 sonis
1786 559 1837 605 et

79 635 109 676 ‘t
139 630 358 679 numeris
411 631 730 679 testarentur.
819 644 1008 691 semper
1060 643 1203 690 equos
1264 633 1407 689 atque
1468 644 1612 678 arma
1673 630 1836 678 virum

131 718 423 766 puqnasque
452 705 679 753 canebat:
708 704 802 753 hoc
825 704 988 753 laudis
1014 705 1338 768 augmentum
1371 704 1459 765 est,
1488 706 1548 752 ut
1578 704 1837 752 scientiam

138 778 390 845 musicam⁴
410 793 510 826 non
542 778 607 826 ad
637 777 798 841 turpis
831 782 1021 840 cantuS‚
1053 777 1140 827 sed
1171 778 1235 826 ad
1257 777 1480 827 virorum
1509 777 1664 826 fortia
1694 780 1837 842 gesta

139 854 462 914 converteret,
493 851 704 916 denique
737 854 824 901 aut
856 868 1008 916 equos
1041 854 1130 901 aut
1160 868 1300 901 arma
1330 851 1540 901 canebat
1570 854 1659 901 aut
1688 852 1834 901 bella.

260 927 480 975 Tandem
502 927 722 975 ductores
746 927 919 975 audita
942 927 1084 976 caede
1107 941 1308 975 suorum
1332 927 1622 975 conveniunt
1645 927 1834 984 Teucri,

66 1012 109 1046 ιο
138 1001 424 1050 Mnestheus
474 1015 675 1062 acerque
723 1000 967 1050 Serestus:
1015 1016 1115 1049 non
1165 1001 1282 1062 soli,
1332 1000 1417 1050 sed
1466 1001 1598 1049 inter
1648 1002 1836 1050 ceteros

66 1382 108 1416 15

65 1752 109 1787 80

67 2124 110 2158 25

68 2495 111 2528 80

137 1076 238 1138 ipsi
275 1075 545 1139 praecipui.
614 1075 930 1136 palantisque
975 1076 1140 1124 vident
1179 1076 1333 1124 socios
1369 1075 1639 1134 hostemque
1675 1089 1834 1136 recep·
1855 1084 1939 1126 780

139 1153 264 1198 twm:
299 1150 604 1198 contrarium
635 1149 800 1199 nescio
833 1149 955 1214 quid
984 1152 1064 1212 ut,
1096 1150 1265 1198 clauso
1296 1149 1432 1198 hosti
1463 1164 1576 1197 cum
1607 1149 1836 1198 insistere

139 1223 426 1272 debuissent
471 1226 623 1286 atque
669 1224 799 1272 hunc
845 1239 1044 1284 necare,
1094 1224 1266 1288 fugere
1311 1223 1479 1286 potius
1525 1239 1679 1286 quam
1725 1239 1837 1272 cum

137 1299 231 1347 hoc
271 1300 459 1347 certare
498 1298 805 1346 maluissent.
884 1301 927 1346 et
962 1298 1248 1346 Mnestheus
1294 1312 1385 1358 quo
1432 1298 1604 1346 deinde
1648 1298 1834 1359 fuqam,

139 1387 231 1432 quo
266 1373 494 1420 tenditis?
546 1372 727 1432 inquit:
764 1372 1051 1421 Mnestheus
1083 1388 1200 1422 suos
1236 1371 1507 1436 obiurgans
1541 1370 1716 1420 deinde
1750 1371 1836 1432 ait,

137 1447 231 1495 hoc
270 1448 346 1495 est
381 1449 442 1495 ut
479 1445 606 1495 vidit
643 1446 904 1510 fugientis,
945 1446 1206 1495 confestim
1244 1447 1437 1495 locutus
1478 1447 1554 1494 est
1590 1447 1713 1508 ista3
1753 1445 1836 1506 sic,

138 1520 328 1584 inquit,
360 1521 557 1585 fugitiS‚
590 1520 735 1584 quasi
764 1536 852 1570 vos
885 1520 1036 1570 exitio
1075 1521 1198 1586 fuga
1235 1522 1395 1584 possit
1425 1520 1628 1583 eripere,
1659 1520 1839 1569 vellem

138 1597 306 1644 tamen
344 1610 488 1644 nosse
535 1610 633 1657 quo
673 1594 921 1644 sententia
959 1597 1127 1644 vestra
1166 1594 1446 1644 contendat.
1507 1595 1616 1655 ille,
1654 1594 1837 1657 inquit,

138 1684 372 1732 praesens
419 1669 696 1733 periculum
741 1669 933 1733 fugitat
980 1669 1069 1733 qui
1113 1669 1416 1733 receptaculi
1453 1671 1620 1732 potest
1656 1669 1837 1717 habere

139 1743 436 1805 subsidium,
487 1759 574 1792 vos
626 1759 726 1806 quo
777 1742 1018 1793 tenditis?
1079 1760 1207 1807 quae
1258 1743 1398 1793 vobis
1448 1746 1647 1806 praeter
1690 1743 1838 1791 istius

138 1817 237 1866 loci
283 1819 593 1866 munimenta
646 1817 795 1866 sunt?
858 1819 945 1881 qui
995 1821 1261 1867 occurrunt
1312 1817 1616 1882 fugientibus
1671 1815 1834 1865 muri?

141 1907 268 1955 quae
308 1893 409 1940 alia
446 1891 600 1941 turris
632 1892 852 1955 palantis
883 1892 1128 1956 excipiet?
1191 1893 1285 1941 hoc
1324 1894 1400 1941 est
1439 1891 1571 1955 quod
1610 1891 1684 1940 ait
1722 1905 1839 1953 quos

142 1966 265 2014 alios
302 1967 501 2014 muros?
562 1980 685 2027 quae
721 1967 826 2015 iam
863 1967 994 2015 ultra
1025 1968 1219 2016 moenia
1249 1967 1467 2015 habetis?
1528 1965 1708 2030 incipit
1737 1966 1839 2014 iam

140 2040 330 2089 factum
366 2040 589 2103 ipsorum
628 2043 854 2090 excutere
894 2044 965 2103 et,
1006 2041 1126 2088 dum
1165 2041 1428 2090 consilium
1469 2039 1839 2089 incommodum

139 2114 457 2177 reprehendit
496 2114 628 2177 quod
665 2115 943 2164 inconsulte
982 2117 1269 2177 tenuerant,
1314 2115 1451 2164 viam
1497 2131 1647 2177 quam
1698 2114 1839 2178 sequi

142 2189 355 2237 debeant
393 2188 644 2237 subtiliter
673 2191 934 2238 monstrat.
1002 2204 1134 2238 unus
1163 2190 1301 2238 homo
1334 2193 1376 2237 et
1404 2191 1598 2246 vestriS,
1639 2203 1665 2237 o
1698 2189 1836 2244 civeS,

140 2264 354 2324 undique
391 2266 589 2323 saeptus
620 2264 876 2324 aqqeribus
906 2267 1071 2312 tantas
1101 2267 1288 2325 straqes
1325 2264 1510 2325 inpwne
1542 2277 1634 2324 per
1671 2264 1839 2311 urbem

143 2337 375 2385 ediderit?
436 2338 667 2385 iuvenum
696 2339 888 2397 primos
927 2341 992 2386 tot
1028 2339 1215 2386 miserit
1247 2333 1408 2386 Orco?
1470 2353 1620 2398 unus,
1658 2336 1838 2398 inquit,
1858 2341 1941 2382 785

141 2412 349 2473 multos,
398 2411 546 2460 homo
585 2411 831 2473 homines,
882 2413 1111 2474 captivus
1157 2411 1339 2460 liberos
1385 2428 1484 2461 non
1530 2427 1631 2459 una
1677 2410 1838 2470 caede,

142 2484 227 2533 sed
265 2486 485 2548 plurima
523 2487 573 2533 et
610 2485 750 2534 nulla
795 2485 984 2534 ultione
1031 2487 1267 2550 repetita,
1311 2486 1514 2535 iuvenes
1561 2486 1742 2534 electos
1790 2486 1840 2532 et

264 2662 286 2699 1
320 2658 841 2712 numerosque—nervis
872 2657 1003 2701 deest
1032 2658 1083 2702 in
1109 2657 1166 2713 V,
1199 2658 1281 2702 sed
1313 2657 1586 2714 explicatur.
1686 2660 1714 2698 4
1744 2660 1838 2699 ten-

143 2716 277 2760 debat
303 2721 345 2759 et
366 2714 408 2758 V
440 2721 470 2760 t.
494 2721 548 2760 ut
578 2716 649 2760 ed.
756 2720 780 2759 7
812 2722 937 2773 qesta
958 2716 1002 2760 V
1031 2719 1158 2772 faeta
1190 2717 1262 2762 ed.
1366 2722 1393 2760 8
1426 2721 1508 2760 aut
1545 2716 1669 2771 equis
1691 2713 1733 2757 V
1758 2719 1841 2758 aut

143 2788 275 2877 equgs
298 2788 381 2876 ngs
406 2776 474 2843 ait
497 2788 629 2876 quos
653 2775 723 2844 ed.
807 2780 899 2877 ⁴12V
899 2777 1054 2844 clauso
1075 2777 1194 2822 hosti
1216 2776 1259 2819 V
1284 2777 1336 2820 cl.
1363 2774 1570 2844 ostio-ed.
1657 2777 1711 2818 18
1736 2787 1840 2818 con-

143 2838 389 2948 ani‘gitat
418 2835 502 2936 ἕξις
523 2834 656 2950 ῖάῥὶΙι
682 2839 835 2937 ἒφὲᾳωπ
889 2836 1269 2940 21ωξιιῗ>ῗιῖπιεητ1ιῗ
1291 2835 1403 2936 ἔξιθι
1416 2834 1699 2938 scgigmssprzgng
1701 2845 1840 2936 831¹?

146 2955 200 2994 22
233 2953 331 2996 alia
353 2951 396 2995 V
419 2953 529 2996 talis
551 2951 609 2995 ed
618 2952 668 2998 F.
767 2956 824 2995 25
856 2957 1097 2999 tenuerant
1117 2953 1160 2998 V
1183 2955 1391 2999 timerent
1413 2952 1484 2996 ed.
1578 2955 1634 2995 28
1659 2952 1841 3008 primus

147 3010 219 3054 ed.
341 3014 396 3054 29
429 3011 593 3056 multos
621 3012 751 3056 homo
774 3011 816 3055 V
846 3011 1037 3058 invertit
1068 3013 1139 3058 ed.
1193 3012 1198 3070 Ι
1248 3012 1449 3068 captivos
1471 3010 1514 3055 V
1539 3024 1652 3055 corr.
1677 3010 1748 3055 ed.
