<?xml version="1.0" encoding="UTF-8"?>
<!DOCTYPE html PUBLIC "-//W3C//DTD XHTML 1.0 Transitional//EN"
    "http://www.w3.org/TR/xhtml1/DTD/xhtml1-transitional.dtd">
<html xmlns="http://www.w3.org/1999/xhtml" xml:lang="en" lang="en">
 <head>
  <title>
</title>
<meta http-equiv="Content-Type" content="text/html;charset=utf-8" />
  <meta name='ocr-system' content='tesseract 3.04.00' />
  <meta name='ocr-capabilities' content='ocr_page ocr_carea ocr_par ocr_line ocrx_word'/>
</head>
<body>
  <div class='ocr_page' id='page_1' title='image "./interpretationes02donauoft_0176.png"; bbox 0 0 2050 3226; ppageno 0'>
   <div class='ocr_carea' id='block_1_1' title="bbox 231 195 1450 250">
    <p class='ocr_par' dir='ltr' id='par_1_1' title="bbox 231 195 1450 250">
     <span class='ocr_line' id='line_1_1' title="bbox 231 195 1450 250; baseline -0.001 -7"><span class='ocrx_word' id='word_1_1' title='bbox 231 197 335 250; x_wconf 79' lang='grc'>172</span> <span class='ocrx_word' id='word_1_2' title='bbox 698 195 931 240; x_wconf 86' lang='lat' dir='ltr'>DONATI</span> <span class='ocrx_word' id='word_1_3' title='bbox 960 195 1027 240; x_wconf 87' lang='lat' dir='ltr'>IN</span> <span class='ocrx_word' id='word_1_4' title='bbox 1029 196 1242 240; x_wconf 81' lang='lat' dir='ltr'>TERPR.</span> <span class='ocrx_word' id='word_1_5' title='bbox 1267 195 1450 242; x_wconf 79' lang='lat' dir='ltr'><strong>VERG.</strong></span> 
     </span>
    </p>
   </div>
   <div class='ocr_carea' id='block_1_2' title="bbox 123 335 1993 2766">
    <p class='ocr_par' dir='ltr' id='par_1_2' title="bbox 225 335 1992 693">
     <span class='ocr_line' id='line_1_2' title="bbox 226 335 1916 400; baseline 0.002 -18"><span class='ocrx_word' id='word_1_6' title='bbox 226 349 399 383; x_wconf 87' lang='lat' dir='ltr'>sonam</span> <span class='ocrx_word' id='word_1_7' title='bbox 439 350 602 397; x_wconf 88' lang='lat' dir='ltr'>suam,</span> <span class='ocrx_word' id='word_1_8' title='bbox 641 338 700 384; x_wconf 88' lang='lat' dir='ltr'>ut</span> <span class='ocrx_word' id='word_1_9' title='bbox 736 337 897 399; x_wconf 90' lang='lat' dir='ltr'>magis</span> <span class='ocrx_word' id='word_1_10' title='bbox 935 337 1195 400; x_wconf 82' lang='lat' dir='ltr'>magisque</span> <span class='ocrx_word' id='word_1_11' title='bbox 1233 335 1405 384; x_wconf 86' lang='lat' dir='ltr'>mariti</span> <span class='ocrx_word' id='word_1_12' title='bbox 1441 338 1658 385; x_wconf 89' lang='lat' dir='ltr'>mentem</span> <span class='ocrx_word' id='word_1_13' title='bbox 1701 336 1755 384; x_wconf 90' lang='lat' dir='ltr'>in</span> <span class='ocrx_word' id='word_1_14' title='bbox 1801 352 1916 386; x_wconf 88' lang='lat' dir='ltr'>suas</span> 
     </span>
     <span class='ocr_line' id='line_1_3' title="bbox 226 409 1919 475; baseline 0.002 -19"><span class='ocrx_word' id='word_1_15' title='bbox 226 409 383 470; x_wconf 87' lang='lat' dir='ltr'>partis</span> <span class='ocrx_word' id='word_1_16' title='bbox 439 409 719 458; x_wconf 86' lang='lat' dir='ltr'>adduceret.</span> <span class='ocrx_word' id='word_1_17' title='bbox 810 412 1020 459; x_wconf 86' lang='lat' dir='ltr'>noverat</span> <span class='ocrx_word' id='word_1_18' title='bbox 1074 410 1256 473; x_wconf 86' lang='lat' dir='ltr'>quippe</span> <span class='ocrx_word' id='word_1_19' title='bbox 1309 412 1415 473; x_wconf 91' lang='lat' dir='ltr'>ipse</span> <span class='ocrx_word' id='word_1_20' title='bbox 1464 410 1722 460; x_wconf 83' lang='lat' dir='ltr'>Vulcanus</span> <span class='ocrx_word' id='word_1_21' title='bbox 1784 411 1919 475; x_wconf 88' lang='lat' dir='ltr'>apud</span> 
     </span>
     <span class='ocr_line' id='line_1_4' title="bbox 225 482 1920 546; baseline 0.002 -16"><span class='ocrx_word' id='word_1_22' title='bbox 225 482 375 530; x_wconf 91' lang='lat' dir='ltr'>Ilium</span> <span class='ocrx_word' id='word_1_23' title='bbox 422 484 737 533; x_wconf 75' lang='lat' dir='ltr'>vulneratam</span> <span class='ocrx_word' id='word_1_24' title='bbox 785 484 1039 533; x_wconf 85' lang='lat' dir='ltr'>Diomedis</span> <span class='ocrx_word' id='word_1_25' title='bbox 1088 500 1234 546; x_wconf 91' lang='lat' dir='ltr'>ausu,</span> <span class='ocrx_word' id='word_1_26' title='bbox 1282 485 1414 546; x_wconf 92' lang='lat' dir='ltr'>quod</span> <span class='ocrx_word' id='word_1_27' title='bbox 1463 501 1632 534; x_wconf 83' lang='lat' dir='ltr'>cavere</span> <span class='ocrx_word' id='word_1_28' title='bbox 1683 485 1920 534; x_wconf 74' lang='lat' dir='ltr'>debuerat</span> 
     </span>
     <span class='ocr_line' id='line_1_5' title="bbox 225 557 1920 618; baseline 0.002 -15"><span class='ocrx_word' id='word_1_29' title='bbox 225 573 286 604; x_wconf 88' lang='lat' dir='ltr'>ne</span> <span class='ocrx_word' id='word_1_30' title='bbox 325 557 429 604; x_wconf 89' lang='lat' dir='ltr'>iam</span> <span class='ocrx_word' id='word_1_31' title='bbox 465 559 519 605; x_wconf 90' lang='lat' dir='ltr'>in</span> <span class='ocrx_word' id='word_1_32' title='bbox 556 557 706 606; x_wconf 90' lang='lat' dir='ltr'>Italia</span> <span class='ocrx_word' id='word_1_33' title='bbox 743 558 894 606; x_wconf 89' lang='lat' dir='ltr'>fieret.</span> <span class='ocrx_word' id='word_1_34' title='bbox 971 558 1163 606; x_wconf 76' lang='lat' dir='ltr'>dixerat</span> <span class='ocrx_word' id='word_1_35' title='bbox 1200 562 1244 606; x_wconf 87' lang='lat' dir='ltr'>et</span> <span class='ocrx_word' id='word_1_36' title='bbox 1278 559 1434 607; x_wconf 78' lang='lat' dir='ltr'>niveis</span> <span class='ocrx_word' id='word_1_37' title='bbox 1471 559 1583 607; x_wconf 75' lang='lat' dir='ltr'>hinc</span> <span class='ocrx_word' id='word_1_38' title='bbox 1619 562 1764 618; x_wconf 78' lang='lat' dir='ltr'>atque</span> <span class='ocrx_word' id='word_1_39' title='bbox 1807 559 1920 607; x_wconf 72' lang='lat' dir='ltr'>hinc</span> 
     </span>
     <span class='ocr_line' id='line_1_6' title="bbox 226 631 1992 693; baseline 0.001 -15"><span class='ocrx_word' id='word_1_40' title='bbox 226 631 342 679; x_wconf 79' lang='lat' dir='ltr'>diva</span> <span class='ocrx_word' id='word_1_41' title='bbox 389 631 580 679; x_wconf 78' lang='lat' dir='ltr'>lacertis</span> <span class='ocrx_word' id='word_1_42' title='bbox 626 635 925 680; x_wconf 73' lang='lat' dir='ltr'>cunctantem</span> <span class='ocrx_word' id='word_1_43' title='bbox 973 632 1201 691; x_wconf 76' lang='lat' dir='ltr'>amplexu</span> <span class='ocrx_word' id='word_1_44' title='bbox 1244 633 1379 681; x_wconf 76' lang='lat' dir='ltr'>molli</span> <span class='ocrx_word' id='word_1_45' title='bbox 1422 633 1570 692; x_wconf 79' lang='lat' dir='ltr'>fovet,</span> <span class='ocrx_word' id='word_1_46' title='bbox 1610 633 1691 680; x_wconf 73' lang='lat' dir='ltr'>ille</span> <span class='ocrx_word' id='word_1_47' title='bbox 1728 637 1920 693; x_wconf 76' lang='lat' dir='ltr'>repente</span> <span class='ocrx_word' id='word_1_48' title='bbox 1971 645 1992 679; x_wconf 77' lang='lat'><strong>5</strong></span> 
     </span>
    </p>

    <p class='ocr_par' dir='ltr' id='par_1_3' title="bbox 123 705 1920 766">
     <span class='ocr_line' id='line_1_7' title="bbox 123 705 1920 766; baseline 0.002 -15"><span class='ocrx_word' id='word_1_49' title='bbox 123 712 208 751; x_wconf 86' lang='lat'>390</span> <span class='ocrx_word' id='word_1_50' title='bbox 226 705 408 764; x_wconf 74' lang='lat' dir='ltr'>accepit</span> <span class='ocrx_word' id='word_1_51' title='bbox 443 706 634 753; x_wconf 80' lang='lat' dir='ltr'>solitam</span> <span class='ocrx_word' id='word_1_52' title='bbox 680 707 932 764; x_wconf 76' lang='lat' dir='ltr'>flammam</span> <span class='ocrx_word' id='word_1_53' title='bbox 977 710 1211 766; x_wconf 72' lang='lat' dir='ltr'>notusque</span> <span class='ocrx_word' id='word_1_54' title='bbox 1254 707 1495 755; x_wconf 73' lang='lat' dir='ltr'>medullas</span> <span class='ocrx_word' id='word_1_55' title='bbox 1539 708 1743 755; x_wconf 75' lang='lat' dir='ltr'>intravit</span> <span class='ocrx_word' id='word_1_56' title='bbox 1787 707 1920 755; x_wconf 84' lang='lat' dir='ltr'>calor</span> 
     </span>
    </p>

    <p class='ocr_par' dir='ltr' id='par_1_4' title="bbox 162 779 1993 2766">
     <span class='ocr_line' id='line_1_8' title="bbox 162 779 1921 843; baseline 0.002 -17"><span class='ocrx_word' id='word_1_57' title='bbox 162 838 166 841; x_wconf 82' lang='lat'>.</span> <span class='ocrx_word' id='word_1_58' title='bbox 227 782 270 826; x_wconf 89' lang='lat' dir='ltr'>et</span> <span class='ocrx_word' id='word_1_59' title='bbox 299 779 542 838; x_wconf 81' lang='lat' dir='ltr'>labefacta</span> <span class='ocrx_word' id='word_1_60' title='bbox 564 794 658 839; x_wconf 76' lang='lat' dir='ltr'>per</span> <span class='ocrx_word' id='word_1_61' title='bbox 688 794 801 828; x_wconf 79' lang='lat' dir='ltr'>ossa</span> <span class='ocrx_word' id='word_1_62' title='bbox 832 781 1067 828; x_wconf 77' lang='lat' dir='ltr'><em>cucurrit:</em></span> <span class='ocrx_word' id='word_1_63' title='bbox 1105 796 1214 828; x_wconf 89' lang='lat' dir='ltr'>ecce</span> <span class='ocrx_word' id='word_1_64' title='bbox 1247 782 1491 843; x_wconf 89' lang='lat' dir='ltr'>quantum</span> <span class='ocrx_word' id='word_1_65' title='bbox 1515 780 1697 829; x_wconf 87' lang='lat' dir='ltr'>Veneri</span> <span class='ocrx_word' id='word_1_66' title='bbox 1727 781 1921 843; x_wconf 79' lang='lat' dir='ltr'>profuit</span> 
     </span>
     <span class='ocr_line' id='line_1_9' title="bbox 226 852 1919 916; baseline 0.001 -16"><span class='ocrx_word' id='word_1_67' title='bbox 226 852 511 902; x_wconf 86' lang='lat' dir='ltr'>observasse</span> <span class='ocrx_word' id='word_1_68' title='bbox 549 853 665 914; x_wconf 89' lang='lat' dir='ltr'>loci,</span> <span class='ocrx_word' id='word_1_69' title='bbox 703 854 941 916; x_wconf 85' lang='lat' dir='ltr'>temporis</span> <span class='ocrx_word' id='word_1_70' title='bbox 981 856 1031 902; x_wconf 87' lang='lat' dir='ltr'>et</span> <span class='ocrx_word' id='word_1_71' title='bbox 1068 869 1308 916; x_wconf 86' lang='lat' dir='ltr'>personae</span> <span class='ocrx_word' id='word_1_72' title='bbox 1345 855 1610 916; x_wconf 85' lang='lat' dir='ltr'>rationem3</span> <span class='ocrx_word' id='word_1_73' title='bbox 1648 871 1747 904; x_wconf 89' lang='lat' dir='ltr'>non</span> <span class='ocrx_word' id='word_1_74' title='bbox 1787 855 1919 903; x_wconf 87' lang='lat' dir='ltr'>enim</span> 
     </span>
     <span class='ocr_line' id='line_1_10' title="bbox 223 928 1919 991; baseline 0.001 -16"><span class='ocrx_word' id='word_1_75' title='bbox 223 929 423 975; x_wconf 88' lang='lat' dir='ltr'>tantum</span> <span class='ocrx_word' id='word_1_76' title='bbox 473 930 843 976; x_wconf 90' lang='lat' dir='ltr'>commoverunt</span> <span class='ocrx_word' id='word_1_77' title='bbox 891 928 1177 976; x_wconf 89' lang='lat' dir='ltr'>Vulcanum</span> <span class='ocrx_word' id='word_1_78' title='bbox 1220 929 1424 977; x_wconf 85' lang='lat' dir='ltr'>Veneris</span> <span class='ocrx_word' id='word_1_79' title='bbox 1475 929 1626 978; x_wconf 89' lang='lat' dir='ltr'>verba</span> <span class='ocrx_word' id='word_1_80' title='bbox 1674 931 1919 991; x_wconf 87' lang='lat' dir='ltr'>quantum</span> 
     </span>
     <span class='ocr_line' id='line_1_11' title="bbox 223 1001 1993 1066; baseline 0.001 -18"><span class='ocrx_word' id='word_1_81' title='bbox 223 1001 488 1049; x_wconf 73' lang='lat' dir='ltr'>necessitas</span> <span class='ocrx_word' id='word_1_82' title='bbox 527 1002 640 1063; x_wconf 91' lang='lat' dir='ltr'>ipsa</span> <span class='ocrx_word' id='word_1_83' title='bbox 676 1001 924 1064; x_wconf 86' lang='lat' dir='ltr'>poscebat.</span> <span class='ocrx_word' id='word_1_84' title='bbox 993 1002 1206 1066; x_wconf 81' lang='lat' dir='ltr'>denique</span> <span class='ocrx_word' id='word_1_85' title='bbox 1244 1003 1414 1065; x_wconf 87' lang='lat' dir='ltr'>posuit</span> <span class='ocrx_word' id='word_1_86' title='bbox 1451 1006 1787 1065; x_wconf 78' lang='lat' dir='ltr'>cunctantem,</span> <span class='ocrx_word' id='word_1_87' title='bbox 1833 1003 1919 1052; x_wconf 88' lang='lat' dir='ltr'>sed</span> <span class='ocrx_word' id='word_1_88' title='bbox 1949 1017 1993 1049; x_wconf 76' lang='grc' dir='ltr'>ιο</span> 
     </span>
     <span class='ocr_line' id='line_1_12' title="bbox 223 1075 1917 1139; baseline 0.004 -19"><span class='ocrx_word' id='word_1_89' title='bbox 223 1075 316 1123; x_wconf 91' lang='lat' dir='ltr'>hoc</span> <span class='ocrx_word' id='word_1_90' title='bbox 365 1090 464 1122; x_wconf 92' lang='lat' dir='ltr'>non</span> <span class='ocrx_word' id='word_1_91' title='bbox 514 1076 680 1124; x_wconf 85' lang='lat' dir='ltr'>fuerat</span> <span class='ocrx_word' id='word_1_92' title='bbox 728 1092 927 1138; x_wconf 83' lang='lat' dir='ltr'>parum3</span> <span class='ocrx_word' id='word_1_93' title='bbox 982 1076 1024 1124; x_wconf 93' lang='lat' dir='ltr'>si</span> <span class='ocrx_word' id='word_1_94' title='bbox 1074 1076 1206 1125; x_wconf 89' lang='lat' dir='ltr'>enim</span> <span class='ocrx_word' id='word_1_95' title='bbox 1254 1092 1353 1124; x_wconf 93' lang='lat' dir='ltr'>non</span> <span class='ocrx_word' id='word_1_96' title='bbox 1402 1078 1569 1139; x_wconf 89' lang='lat' dir='ltr'>plene,</span> <span class='ocrx_word' id='word_1_97' title='bbox 1622 1079 1791 1125; x_wconf 87' lang='lat' dir='ltr'>tamen</span> <span class='ocrx_word' id='word_1_98' title='bbox 1839 1080 1917 1126; x_wconf 88' lang='lat' dir='ltr'>ut-</span> 
     </span>
     <span class='ocr_line' id='line_1_13' title="bbox 226 1149 1919 1214; baseline 0.002 -19"><span class='ocrx_word' id='word_1_99' title='bbox 226 1164 434 1211; x_wconf 87' lang='lat' dir='ltr'>cumque</span> <span class='ocrx_word' id='word_1_100' title='bbox 474 1151 747 1198; x_wconf 88' lang='lat' dir='ltr'>commotus</span> <span class='ocrx_word' id='word_1_101' title='bbox 788 1152 875 1198; x_wconf 88' lang='lat' dir='ltr'>est.</span> <span class='ocrx_word' id='word_1_102' title='bbox 943 1149 996 1197; x_wconf 92' lang='lat' dir='ltr'>in</span> <span class='ocrx_word' id='word_1_103' title='bbox 1034 1151 1320 1199; x_wconf 81' lang='lat' dir='ltr'>huiusmodi</span> <span class='ocrx_word' id='word_1_104' title='bbox 1359 1150 1759 1199; x_wconf 83' lang='lat' dir='ltr'>cunctationibus</span> <span class='ocrx_word' id='word_1_105' title='bbox 1799 1151 1919 1214; x_wconf 91' lang='lat' dir='ltr'>quid</span> 
     </span>
     <span class='ocr_line' id='line_1_14' title="bbox 225 1218 1916 1292; baseline 0.002 -22"><span class='ocrx_word' id='word_1_106' title='bbox 225 1222 524 1285; x_wconf 85' lang='lat' dir='ltr'>sperandum</span> <span class='ocrx_word' id='word_1_107' title='bbox 569 1225 636 1272; x_wconf 90' lang='lat' dir='ltr'>sit</span> <span class='ocrx_word' id='word_1_108' title='bbox 682 1223 941 1273; x_wconf 87' lang='lat' dir='ltr'>Terentius</span> <span class='ocrx_word' id='word_1_109' title='bbox 993 1225 1162 1273; x_wconf 90' lang='lat' dir='ltr'>docuit</span> <span class='ocrx_word' id='word_1_110' title='bbox 1213 1226 1300 1288; x_wconf 88' lang='lat' dir='ltr'>qui</span> <span class='ocrx_word' id='word_1_111' title='bbox 1347 1226 1419 1274; x_wconf 86' lang='lat' dir='ltr'>ait</span> <span class='ocrx_word' id='word_1_112' title='bbox 1469 1218 1649 1292; x_wconf 86' lang='lat' dir='ltr'>(Andr.</span> <span class='ocrx_word' id='word_1_113' title='bbox 1677 1227 1722 1286; x_wconf 87' lang='lat'>1,</span> <span class='ocrx_word' id='word_1_114' title='bbox 1749 1227 1796 1287; x_wconf 86' lang='lat'>5,</span> <span class='ocrx_word' id='word_1_115' title='bbox 1824 1219 1916 1292; x_wconf 89' lang='lat'>31)</span> 
     </span>
     <span class='ocr_line' id='line_1_15' title="bbox 224 1296 1918 1361; baseline 0.002 -17"><span class='ocrx_word' id='word_1_116' title='bbox 224 1296 382 1357; x_wconf 68' lang='lat' dir='ltr'>„dum</span> <span class='ocrx_word' id='word_1_117' title='bbox 419 1296 473 1344; x_wconf 91' lang='lat' dir='ltr'>in</span> <span class='ocrx_word' id='word_1_118' title='bbox 512 1297 660 1345; x_wconf 88' lang='lat' dir='ltr'>dubio</span> <span class='ocrx_word' id='word_1_119' title='bbox 701 1300 777 1346; x_wconf 92' lang='lat' dir='ltr'>est</span> <span class='ocrx_word' id='word_1_120' title='bbox 815 1298 1032 1360; x_wconf 89' lang='lat' dir='ltr'>animus,</span> <span class='ocrx_word' id='word_1_121' title='bbox 1071 1300 1224 1361; x_wconf 91' lang='lat' dir='ltr'>paulo</span> <span class='ocrx_word' id='word_1_122' title='bbox 1263 1302 1514 1347; x_wconf 89' lang='lat' dir='ltr'>momento</span> <span class='ocrx_word' id='word_1_123' title='bbox 1553 1300 1650 1348; x_wconf 89' lang='lat' dir='ltr'>huc</span> <span class='ocrx_word' id='word_1_124' title='bbox 1687 1300 1767 1348; x_wconf 89' lang='lat' dir='ltr'>vel</span> <span class='ocrx_word' id='word_1_125' title='bbox 1797 1300 1918 1348; x_wconf 90' lang='lat' dir='ltr'>illuc</span> 
     </span>
     <span class='ocr_line' id='line_1_16' title="bbox 223 1369 1992 1436; baseline 0.002 -18"><span class='ocrx_word' id='word_1_126' title='bbox 223 1369 534 1433; x_wconf 84' lang='lat' dir='ltr'>inpellitur“.</span> <span class='ocrx_word' id='word_1_127' title='bbox 596 1372 930 1420; x_wconf 85' lang='lat' dir='ltr'>necessarium</span> <span class='ocrx_word' id='word_1_128' title='bbox 967 1373 1122 1436; x_wconf 89' lang='lat' dir='ltr'>igitur</span> <span class='ocrx_word' id='word_1_129' title='bbox 1161 1374 1368 1435; x_wconf 85' lang='lat' dir='ltr'>aliquod</span> <span class='ocrx_word' id='word_1_130' title='bbox 1407 1374 1507 1421; x_wconf 90' lang='lat' dir='ltr'>fuit</span> <span class='ocrx_word' id='word_1_131' title='bbox 1544 1374 1823 1436; x_wconf 88' lang='lat' dir='ltr'>inventum,</span> <span class='ocrx_word' id='word_1_132' title='bbox 1861 1376 1919 1422; x_wconf 91' lang='lat' dir='ltr'>ut</span> <span class='ocrx_word' id='word_1_133' title='bbox 1950 1387 1992 1421; x_wconf 79' lang='lat'>15</span> 
     </span>
     <span class='ocr_line' id='line_1_17' title="bbox 225 1444 1917 1497; baseline 0.002 -5"><span class='ocrx_word' id='word_1_134' title='bbox 225 1444 537 1493; x_wconf 85' lang='lat' dir='ltr'>dubitantem</span> <span class='ocrx_word' id='word_1_135' title='bbox 575 1446 742 1494; x_wconf 90' lang='lat' dir='ltr'>Venus</span> <span class='ocrx_word' id='word_1_136' title='bbox 791 1446 852 1494; x_wconf 89' lang='lat' dir='ltr'>ab</span> <span class='ocrx_word' id='word_1_137' title='bbox 891 1447 1080 1495; x_wconf 89' lang='lat' dir='ltr'>incerta</span> <span class='ocrx_word' id='word_1_138' title='bbox 1119 1449 1367 1495; x_wconf 89' lang='lat' dir='ltr'>sententia</span> <span class='ocrx_word' id='word_1_139' title='bbox 1405 1447 1609 1496; x_wconf 86' lang='lat' dir='ltr'>celerius</span> <span class='ocrx_word' id='word_1_140' title='bbox 1648 1450 1917 1497; x_wconf 88' lang='lat' dir='ltr'>revocaret.</span> 
     </span>
     <span class='ocr_line' id='line_1_18' title="bbox 223 1520 1916 1586; baseline 0.002 -20"><span class='ocrx_word' id='word_1_141' title='bbox 223 1520 345 1581; x_wconf 88' lang='lat' dir='ltr'>ruit,</span> <span class='ocrx_word' id='word_1_142' title='bbox 395 1520 584 1582; x_wconf 89' lang='lat' dir='ltr'>inquit,</span> <span class='ocrx_word' id='word_1_143' title='bbox 635 1521 688 1567; x_wconf 90' lang='lat' dir='ltr'>in</span> <span class='ocrx_word' id='word_1_144' title='bbox 739 1521 992 1582; x_wconf 86' lang='lat' dir='ltr'>amplexus</span> <span class='ocrx_word' id='word_1_145' title='bbox 1044 1522 1149 1570; x_wconf 87' lang='lat' dir='ltr'>eius</span> <span class='ocrx_word' id='word_1_146' title='bbox 1198 1538 1322 1570; x_wconf 87' lang='lat' dir='ltr'>uxor</span> <span class='ocrx_word' id='word_1_147' title='bbox 1371 1523 1421 1569; x_wconf 88' lang='lat' dir='ltr'>et</span> <span class='ocrx_word' id='word_1_148' title='bbox 1469 1521 1583 1570; x_wconf 89' lang='lat' dir='ltr'>inde</span> <span class='ocrx_word' id='word_1_149' title='bbox 1633 1521 1794 1586; x_wconf 86' lang='lat' dir='ltr'>magis</span> <span class='ocrx_word' id='word_1_150' title='bbox 1834 1522 1916 1570; x_wconf 91' lang='lat' dir='ltr'>ob-</span> 
     </span>
     <span class='ocr_line' id='line_1_19' title="bbox 223 1594 1918 1658; baseline 0.003 -18"><span class='ocrx_word' id='word_1_151' title='bbox 223 1595 437 1654; x_wconf 88' lang='lat' dir='ltr'>tentura,</span> <span class='ocrx_word' id='word_1_152' title='bbox 464 1594 596 1656; x_wconf 93' lang='lat' dir='ltr'>quod</span> <span class='ocrx_word' id='word_1_153' title='bbox 626 1594 834 1657; x_wconf 90' lang='lat' dir='ltr'>pulchra</span> <span class='ocrx_word' id='word_1_154' title='bbox 864 1595 1115 1643; x_wconf 90' lang='lat' dir='ltr'>hominem</span> <span class='ocrx_word' id='word_1_155' title='bbox 1146 1594 1467 1643; x_wconf 89' lang='lat' dir='ltr'>circumdedit</span> <span class='ocrx_word' id='word_1_156' title='bbox 1497 1595 1712 1644; x_wconf 90' lang='lat' dir='ltr'>brachiis</span> <span class='ocrx_word' id='word_1_157' title='bbox 1743 1597 1918 1658; x_wconf 87' lang='lat' dir='ltr'>niveis,</span> 
     </span>
     <span class='ocr_line' id='line_1_20' title="bbox 225 1668 1917 1732; baseline 0.002 -17"><span class='ocrx_word' id='word_1_158' title='bbox 225 1668 448 1716; x_wconf 88' lang='lat' dir='ltr'>delicatis</span> <span class='ocrx_word' id='word_1_159' title='bbox 499 1668 708 1729; x_wconf 88' lang='lat' dir='ltr'>scilicet,</span> <span class='ocrx_word' id='word_1_160' title='bbox 754 1669 1003 1717; x_wconf 86' lang='lat' dir='ltr'>mollibus.</span> <span class='ocrx_word' id='word_1_161' title='bbox 1080 1669 1199 1717; x_wconf 85' lang='lat' dir='ltr'>fecit</span> <span class='ocrx_word' id='word_1_162' title='bbox 1246 1670 1424 1718; x_wconf 86' lang='lat' dir='ltr'>artifex</span> <span class='ocrx_word' id='word_1_163' title='bbox 1471 1670 1604 1732; x_wconf 92' lang='lat' dir='ltr'>quod</span> <span class='ocrx_word' id='word_1_164' title='bbox 1650 1670 1748 1718; x_wconf 88' lang='lat' dir='ltr'>alio</span> <span class='ocrx_word' id='word_1_165' title='bbox 1794 1672 1917 1718; x_wconf 90' lang='lat' dir='ltr'>tem-</span> 
     </span>
     <span class='ocr_line' id='line_1_21' title="bbox 222 1742 1992 1804; baseline 0.001 -15"><span class='ocrx_word' id='word_1_166' title='bbox 222 1758 342 1803; x_wconf 89' lang='lat' dir='ltr'>pore</span> <span class='ocrx_word' id='word_1_167' title='bbox 382 1744 531 1803; x_wconf 88' lang='lat' dir='ltr'>atque</span> <span class='ocrx_word' id='word_1_168' title='bbox 571 1742 670 1790; x_wconf 89' lang='lat' dir='ltr'>alio</span> <span class='ocrx_word' id='word_1_169' title='bbox 709 1743 818 1790; x_wconf 89' lang='lat' dir='ltr'>loco</span> <span class='ocrx_word' id='word_1_170' title='bbox 857 1759 956 1791; x_wconf 92' lang='lat' dir='ltr'>non</span> <span class='ocrx_word' id='word_1_171' title='bbox 994 1745 1207 1804; x_wconf 88' lang='lat' dir='ltr'>poterat.</span> <span class='ocrx_word' id='word_1_172' title='bbox 1261 1743 1347 1791; x_wconf 90' lang='lat' dir='ltr'>ille</span> <span class='ocrx_word' id='word_1_173' title='bbox 1386 1759 1502 1792; x_wconf 89' lang='lat' dir='ltr'>vero</span> <span class='ocrx_word' id='word_1_174' title='bbox 1534 1743 1654 1792; x_wconf 89' lang='lat' dir='ltr'>totis</span> <span class='ocrx_word' id='word_1_175' title='bbox 1685 1743 1915 1792; x_wconf 87' lang='lat' dir='ltr'>medullis</span> <span class='ocrx_word' id='word_1_176' title='bbox 1948 1757 1992 1790; x_wconf 77' lang='lat'>20</span> 
     </span>
     <span class='ocr_line' id='line_1_22' title="bbox 224 1815 1917 1880; baseline 0.002 -18"><span class='ocrx_word' id='word_1_177' title='bbox 224 1831 281 1863; x_wconf 90' lang='lat' dir='ltr'>ac</span> <span class='ocrx_word' id='word_1_178' title='bbox 318 1815 550 1864; x_wconf 88' lang='lat' dir='ltr'>membris</span> <span class='ocrx_word' id='word_1_179' title='bbox 591 1817 661 1864; x_wconf 89' lang='lat' dir='ltr'>sic</span> <span class='ocrx_word' id='word_1_180' title='bbox 700 1816 882 1865; x_wconf 89' lang='lat' dir='ltr'>amoris</span> <span class='ocrx_word' id='word_1_181' title='bbox 922 1817 1107 1866; x_wconf 88' lang='lat' dir='ltr'>calores</span> <span class='ocrx_word' id='word_1_182' title='bbox 1148 1817 1359 1880; x_wconf 88' lang='lat' dir='ltr'>accepit,</span> <span class='ocrx_word' id='word_1_183' title='bbox 1397 1820 1455 1866; x_wconf 87' lang='lat' dir='ltr'>ut</span> <span class='ocrx_word' id='word_1_184' title='bbox 1492 1818 1634 1866; x_wconf 82' lang='lat' dir='ltr'>nulla</span> <span class='ocrx_word' id='word_1_185' title='bbox 1665 1833 1780 1880; x_wconf 89' lang='lat' dir='ltr'>pars</span> <span class='ocrx_word' id='word_1_186' title='bbox 1813 1834 1917 1866; x_wconf 90' lang='lat' dir='ltr'>cor-</span> 
     </span>
     <span class='ocr_line' id='line_1_23' title="bbox 223 1890 1915 1954; baseline 0.002 -18"><span class='ocrx_word' id='word_1_187' title='bbox 223 1890 358 1951; x_wconf 89' lang='lat' dir='ltr'>poris</span> <span class='ocrx_word' id='word_1_188' title='bbox 398 1891 502 1938; x_wconf 90' lang='lat' dir='ltr'>eius</span> <span class='ocrx_word' id='word_1_189' title='bbox 541 1905 641 1938; x_wconf 91' lang='lat' dir='ltr'>non</span> <span class='ocrx_word' id='word_1_190' title='bbox 679 1891 922 1939; x_wconf 88' lang='lat' dir='ltr'>dissoluta</span> <span class='ocrx_word' id='word_1_191' title='bbox 960 1891 1236 1939; x_wconf 88' lang='lat' dir='ltr'>mansisset.</span> <span class='ocrx_word' id='word_1_192' title='bbox 1290 1893 1491 1939; x_wconf 91' lang='lat' dir='ltr'>tantum</span> <span class='ocrx_word' id='word_1_193' title='bbox 1529 1891 1696 1954; x_wconf 89' lang='lat' dir='ltr'>potuit</span> <span class='ocrx_word' id='word_1_194' title='bbox 1725 1892 1915 1941; x_wconf 74' lang='lat' dir='ltr'>fiaudis</span> 
     </span>
     <span class='ocr_line' id='line_1_24' title="bbox 223 1964 1915 2028; baseline 0.003 -18"><span class='ocrx_word' id='word_1_195' title='bbox 223 1964 460 2025; x_wconf 90' lang='lat' dir='ltr'>inventio,</span> <span class='ocrx_word' id='word_1_196' title='bbox 491 1966 551 2011; x_wconf 90' lang='lat' dir='ltr'>ut</span> <span class='ocrx_word' id='word_1_197' title='bbox 589 1965 665 2012; x_wconf 91' lang='lat' dir='ltr'>vis</span> <span class='ocrx_word' id='word_1_198' title='bbox 703 1964 931 2012; x_wconf 92' lang='lat' dir='ltr'>flammae</span> <span class='ocrx_word' id='word_1_199' title='bbox 971 1981 1059 2027; x_wconf 92' lang='lat' dir='ltr'>per</span> <span class='ocrx_word' id='word_1_200' title='bbox 1090 1981 1232 2013; x_wconf 90' lang='lat' dir='ltr'>omne</span> <span class='ocrx_word' id='word_1_201' title='bbox 1265 1981 1444 2028; x_wconf 89' lang='lat' dir='ltr'>corpus</span> <span class='ocrx_word' id='word_1_202' title='bbox 1475 1981 1662 2028; x_wconf 88' lang='lat' dir='ltr'>perque</span> <span class='ocrx_word' id='word_1_203' title='bbox 1697 1967 1915 2028; x_wconf 89' lang='lat' dir='ltr'>corporis</span> 
     </span>
     <span class='ocr_line' id='line_1_25' title="bbox 223 2037 1914 2103; baseline 0.002 -19"><span class='ocrx_word' id='word_1_204' title='bbox 223 2053 375 2086; x_wconf 88' lang='lat' dir='ltr'>venas</span> <span class='ocrx_word' id='word_1_205' title='bbox 427 2040 476 2086; x_wconf 89' lang='lat' dir='ltr'>et</span> <span class='ocrx_word' id='word_1_206' title='bbox 528 2037 772 2088; x_wconf 87' lang='lat' dir='ltr'>medullas</span> <span class='ocrx_word' id='word_1_207' title='bbox 828 2055 1087 2102; x_wconf 84' lang='lat' dir='ltr'>excurrens</span> <span class='ocrx_word' id='word_1_208' title='bbox 1151 2041 1313 2087; x_wconf 89' lang='lat' dir='ltr'>totum</span> <span class='ocrx_word' id='word_1_209' title='bbox 1368 2042 1682 2103; x_wconf 86' lang='lat' dir='ltr'>extorqueret</span> <span class='ocrx_word' id='word_1_210' title='bbox 1733 2041 1914 2088; x_wconf 87' lang='lat' dir='ltr'>marito</span> 
     </span>
     <span class='ocr_line' id='line_1_26' title="bbox 224 2111 1989 2176; baseline 0.003 -17"><span class='ocrx_word' id='word_1_211' title='bbox 224 2111 480 2160; x_wconf 85' lang='lat' dir='ltr'>cunctanti</span> <span class='ocrx_word' id='word_1_212' title='bbox 526 2112 659 2174; x_wconf 90' lang='lat' dir='ltr'>quod</span> <span class='ocrx_word' id='word_1_213' title='bbox 698 2112 902 2161; x_wconf 84' lang='lat' dir='ltr'>vitricus</span> <span class='ocrx_word' id='word_1_214' title='bbox 941 2129 1121 2176; x_wconf 87' lang='lat' dir='ltr'>negare</span> <span class='ocrx_word' id='word_1_215' title='bbox 1159 2116 1415 2176; x_wconf 88' lang='lat' dir='ltr'>potuerat,</span> <span class='ocrx_word' id='word_1_216' title='bbox 1456 2115 1717 2162; x_wconf 89' lang='lat' dir='ltr'>accedente</span> <span class='ocrx_word' id='word_1_217' title='bbox 1764 2115 1915 2162; x_wconf 89' lang='lat' dir='ltr'>etiam</span> <span class='ocrx_word' id='word_1_218' title='bbox 1946 2130 1989 2165; x_wconf 77' lang='lat'>25</span> 
     </span>
     <span class='ocr_line' id='line_1_27' title="bbox 223 2185 1913 2250; baseline 0.001 -17"><span class='ocrx_word' id='word_1_219' title='bbox 223 2186 403 2234; x_wconf 91' lang='lat' dir='ltr'>notitia</span> <span class='ocrx_word' id='word_1_220' title='bbox 449 2185 628 2234; x_wconf 88' lang='lat' dir='ltr'>veteris</span> <span class='ocrx_word' id='word_1_221' title='bbox 677 2186 899 2235; x_wconf 82' lang='lat' dir='ltr'>adfectus</span> <span class='ocrx_word' id='word_1_222' title='bbox 947 2203 1075 2250; x_wconf 89' lang='lat' dir='ltr'>quae</span> <span class='ocrx_word' id='word_1_223' title='bbox 1120 2187 1173 2234; x_wconf 91' lang='lat' dir='ltr'>in</span> <span class='ocrx_word' id='word_1_224' title='bbox 1221 2188 1527 2237; x_wconf 89' lang='lat' dir='ltr'>concitandis</span> <span class='ocrx_word' id='word_1_225' title='bbox 1575 2189 1753 2236; x_wconf 91' lang='lat' dir='ltr'>animis</span> <span class='ocrx_word' id='word_1_226' title='bbox 1802 2189 1913 2250; x_wconf 93' lang='lat' dir='ltr'>plu-</span> 
     </span>
     <span class='ocr_line' id='line_1_28' title="bbox 222 2259 1916 2322; baseline 0.002 -15"><span class='ocrx_word' id='word_1_227' title='bbox 222 2259 402 2307; x_wconf 90' lang='lat' dir='ltr'>rimum</span> <span class='ocrx_word' id='word_1_228' title='bbox 450 2260 598 2308; x_wconf 89' lang='lat' dir='ltr'>valet.</span> <span class='ocrx_word' id='word_1_229' title='bbox 685 2275 783 2308; x_wconf 76' lang='lat' dir='ltr'>uon</span> <span class='ocrx_word' id='word_1_230' title='bbox 832 2275 969 2308; x_wconf 79' lang='lat' dir='ltr'>secus</span> <span class='ocrx_word' id='word_1_231' title='bbox 1019 2264 1159 2320; x_wconf 83' lang='lat' dir='ltr'>atque</span> <span class='ocrx_word' id='word_1_232' title='bbox 1208 2262 1323 2309; x_wconf 82' lang='lat' dir='ltr'>olim</span> <span class='ocrx_word' id='word_1_233' title='bbox 1373 2264 1553 2310; x_wconf 72' lang='lat' dir='ltr'>tonitru</span> <span class='ocrx_word' id='word_1_234' title='bbox 1607 2277 1715 2310; x_wconf 90' lang='lat' dir='ltr'>cum</span> <span class='ocrx_word' id='word_1_235' title='bbox 1767 2266 1916 2322; x_wconf 77' lang='lat' dir='ltr'>rupta</span> 
     </span>
     <span class='ocr_line' id='line_1_29' title="bbox 224 2335 1913 2398; baseline 0.001 -17"><span class='ocrx_word' id='word_1_236' title='bbox 224 2348 417 2382; x_wconf 80' lang='lat' dir='ltr'>corusco</span> <span class='ocrx_word' id='word_1_237' title='bbox 455 2335 597 2394; x_wconf 72' lang='lat' dir='ltr'>iynca</span> <span class='ocrx_word' id='word_1_238' title='bbox 636 2335 766 2382; x_wconf 74' lang='lat' dir='ltr'>rima</span> <span class='ocrx_word' id='word_1_239' title='bbox 803 2336 991 2382; x_wconf 72' lang='lat' dir='ltr'>micans</span> <span class='ocrx_word' id='word_1_240' title='bbox 1023 2337 1271 2394; x_wconf 73' lang='lat' dir='ltr'>percurrit</span> <span class='ocrx_word' id='word_1_241' title='bbox 1315 2336 1496 2383; x_wconf 74' lang='lat' dir='ltr'>lumine</span> <span class='ocrx_word' id='word_1_242' title='bbox 1541 2336 1753 2383; x_wconf 75' lang='lat' dir='ltr'>nimbos:</span> <span class='ocrx_word' id='word_1_243' title='bbox 1798 2352 1913 2398; x_wconf 88' lang='lat' dir='ltr'>poe-</span> 
     </span>
     <span class='ocr_line' id='line_1_30' title="bbox 221 2407 1914 2472; baseline 0.001 -17"><span class='ocrx_word' id='word_1_244' title='bbox 221 2411 388 2456; x_wconf 90' lang='lat' dir='ltr'>tarum</span> <span class='ocrx_word' id='word_1_245' title='bbox 440 2423 576 2456; x_wconf 90' lang='lat' dir='ltr'>more</span> <span class='ocrx_word' id='word_1_246' title='bbox 628 2407 839 2456; x_wconf 85' lang='lat' dir='ltr'>inseruit</span> <span class='ocrx_word' id='word_1_247' title='bbox 892 2409 1316 2471; x_wconf 89' lang='lat' dir='ltr'>conparationem,</span> <span class='ocrx_word' id='word_1_248' title='bbox 1370 2411 1429 2456; x_wconf 93' lang='lat' dir='ltr'>ut</span> <span class='ocrx_word' id='word_1_249' title='bbox 1483 2410 1762 2458; x_wconf 86' lang='lat' dir='ltr'>ostenderet</span> <span class='ocrx_word' id='word_1_250' title='bbox 1815 2425 1914 2472; x_wconf 89' lang='lat' dir='ltr'>qua</span> 
     </span>
     <span class='ocr_line' id='line_1_31' title="bbox 222 2483 1987 2546; baseline 0.002 -17"><span class='ocrx_word' id='word_1_251' title='bbox 222 2483 274 2530; x_wconf 86' lang='lat' dir='ltr'>vi</span> <span class='ocrx_word' id='word_1_252' title='bbox 323 2498 411 2544; x_wconf 87' lang='lat' dir='ltr'>per</span> <span class='ocrx_word' id='word_1_253' title='bbox 455 2497 606 2530; x_wconf 87' lang='lat' dir='ltr'>venas</span> <span class='ocrx_word' id='word_1_254' title='bbox 654 2483 702 2529; x_wconf 88' lang='lat' dir='ltr'>et</span> <span class='ocrx_word' id='word_1_255' title='bbox 747 2483 990 2530; x_wconf 87' lang='lat' dir='ltr'>medullas</span> <span class='ocrx_word' id='word_1_256' title='bbox 1030 2483 1244 2531; x_wconf 82' lang='lat' dir='ltr'>Vulcani</span> <span class='ocrx_word' id='word_1_257' title='bbox 1295 2484 1476 2531; x_wconf 90' lang='lat' dir='ltr'>amoris</span> <span class='ocrx_word' id='word_1_258' title='bbox 1526 2484 1756 2531; x_wconf 89' lang='lat' dir='ltr'>incendia</span> <span class='ocrx_word' id='word_1_259' title='bbox 1804 2500 1912 2546; x_wconf 90' lang='lat' dir='ltr'>per·</span> <span class='ocrx_word' id='word_1_260' title='bbox 1944 2500 1987 2533; x_wconf 80' lang='lat'>80</span> 
     </span>
     <span class='ocr_line' id='line_1_32' title="bbox 223 2555 1913 2619; baseline 0.001 -16"><span class='ocrx_word' id='word_1_261' title='bbox 223 2556 516 2604; x_wconf 89' lang='lat' dir='ltr'>volaverint.</span> <span class='ocrx_word' id='word_1_262' title='bbox 594 2555 1030 2617; x_wconf 86' lang='lat' dir='ltr'>quemadmodum,</span> <span class='ocrx_word' id='word_1_263' title='bbox 1060 2557 1250 2619; x_wconf 90' lang='lat' dir='ltr'>inquit,</span> <span class='ocrx_word' id='word_1_264' title='bbox 1297 2557 1458 2606; x_wconf 90' lang='lat' dir='ltr'>solent</span> <span class='ocrx_word' id='word_1_265' title='bbox 1501 2558 1654 2605; x_wconf 89' lang='lat' dir='ltr'>missa</span> <span class='ocrx_word' id='word_1_266' title='bbox 1700 2558 1913 2605; x_wconf 80' lang='lat' dir='ltr'>fulmina</span> 
     </span>
     <span class='ocr_line' id='line_1_33' title="bbox 221 2629 1914 2694; baseline 0.001 -17"><span class='ocrx_word' id='word_1_267' title='bbox 221 2629 384 2692; x_wconf 89' lang='lat' dir='ltr'>ruptis</span> <span class='ocrx_word' id='word_1_268' title='bbox 422 2629 634 2677; x_wconf 90' lang='lat' dir='ltr'>nubibus</span> <span class='ocrx_word' id='word_1_269' title='bbox 673 2629 745 2676; x_wconf 89' lang='lat' dir='ltr'>ire</span> <span class='ocrx_word' id='word_1_270' title='bbox 784 2632 892 2678; x_wconf 90' lang='lat' dir='ltr'>tota</span> <span class='ocrx_word' id='word_1_271' title='bbox 931 2631 1181 2679; x_wconf 86' lang='lat' dir='ltr'>celeritate</span> <span class='ocrx_word' id='word_1_272' title='bbox 1221 2647 1309 2694; x_wconf 90' lang='lat' dir='ltr'>per</span> <span class='ocrx_word' id='word_1_273' title='bbox 1346 2630 1552 2679; x_wconf 91' lang='lat' dir='ltr'>nimbos.</span> <span class='ocrx_word' id='word_1_274' title='bbox 1607 2632 1757 2679; x_wconf 76' lang='lat' dir='ltr'>sensit</span> <span class='ocrx_word' id='word_1_275' title='bbox 1786 2632 1914 2679; x_wconf 81' lang='lat' dir='ltr'>laeta</span> 
     </span>
     <span class='ocr_line' id='line_1_34' title="bbox 223 2704 1912 2766; baseline 0.001 -16"><span class='ocrx_word' id='word_1_276' title='bbox 223 2704 366 2760; x_wconf 79' lang='lat' dir='ltr'>dolis,</span> <span class='ocrx_word' id='word_1_277' title='bbox 406 2704 567 2752; x_wconf 87' lang='lat' dir='ltr'>tristis</span> <span class='ocrx_word' id='word_1_278' title='bbox 614 2705 762 2751; x_wconf 85' lang='lat' dir='ltr'>antea</span> <span class='ocrx_word' id='word_1_279' title='bbox 802 2704 859 2751; x_wconf 89' lang='lat' dir='ltr'>de</span> <span class='ocrx_word' id='word_1_280' title='bbox 898 2704 1108 2766; x_wconf 89' lang='lat' dir='ltr'>incerto,</span> <span class='ocrx_word' id='word_1_281' title='bbox 1154 2704 1241 2752; x_wconf 91' lang='lat' dir='ltr'>ubi</span> <span class='ocrx_word' id='word_1_282' title='bbox 1277 2704 1513 2752; x_wconf 87' lang='lat' dir='ltr'>maritum</span> <span class='ocrx_word' id='word_1_283' title='bbox 1554 2704 1771 2753; x_wconf 86' lang='lat' dir='ltr'>advertit</span> <span class='ocrx_word' id='word_1_284' title='bbox 1809 2721 1912 2754; x_wconf 90' lang='lat' dir='ltr'>esse</span> 
     </span>
    </p>
   </div>
   <div class='ocr_carea' id='block_1_3' title="bbox 223 2790 578 2795">
    <p class='ocr_par' dir='ltr' id='par_1_5' title="bbox 223 2790 578 2795">
     <span class='ocr_line' id='line_1_35' title="bbox 223 2790 578 2795; baseline 0 0"><span class='ocrx_word' id='word_1_285' title='bbox 223 2790 578 2795; x_wconf 95' lang='lat' dir='ltr'> </span> 
     </span>
    </p>
   </div>
   <div class='ocr_carea' id='block_1_4' title="bbox 223 2829 1908 3065">
    <p class='ocr_par' dir='ltr' id='par_1_6' title="bbox 223 2829 1908 3065">
     <span class='ocr_line' id='line_1_36' title="bbox 343 2829 1863 2886; baseline 0 -13"><span class='ocrx_word' id='word_1_286' title='bbox 343 2834 366 2872; x_wconf 93' lang='lat'>1</span> <span class='ocrx_word' id='word_1_287' title='bbox 400 2831 579 2885; x_wconf 74' lang='lat' dir='ltr'>maynis</span> <span class='ocrx_word' id='word_1_288' title='bbox 609 2830 872 2886; x_wconf 76' lang='lat' dir='ltr'>mayuisque</span> <span class='ocrx_word' id='word_1_289' title='bbox 895 2830 949 2873; x_wconf 91' lang='lat' dir='ltr'>V.</span> <span class='ocrx_word' id='word_1_290' title='bbox 1047 2835 1071 2873; x_wconf 87' lang='lat'><strong>3</strong></span> <span class='ocrx_word' id='word_1_291' title='bbox 1103 2832 1388 2875; x_wconf 81' lang='lat' dir='ltr'>vulneratam</span> <span class='ocrx_word' id='word_1_292' title='bbox 1410 2829 1453 2874; x_wconf 90' lang='lat' dir='ltr'><strong>V</strong></span> <span class='ocrx_word' id='word_1_293' title='bbox 1483 2844 1522 2874; x_wconf 83' lang='lat' dir='ltr'>v.</span> <span class='ocrx_word' id='word_1_294' title='bbox 1550 2831 1760 2875; x_wconf 77' lang='lat' dir='ltr'>Venerem</span> <span class='ocrx_word' id='word_1_295' title='bbox 1791 2830 1863 2874; x_wconf 84' lang='lat' dir='ltr'>ed.</span> 
     </span>
     <span class='ocr_line' id='line_1_37' title="bbox 223 2888 1845 2934; baseline 0.001 -3"><span class='ocrx_word' id='word_1_296' title='bbox 223 2888 440 2933; x_wconf 83' lang='lat' dir='ltr'>debuerat</span> <span class='ocrx_word' id='word_1_297' title='bbox 460 2888 502 2932; x_wconf 91' lang='lat' dir='ltr'><strong>V</strong></span> <span class='ocrx_word' id='word_1_298' title='bbox 527 2889 598 2932; x_wconf 88' lang='lat' dir='ltr'>ed.</span> <span class='ocrx_word' id='word_1_299' title='bbox 631 2889 833 2932; x_wconf 83' lang='lat' dir='ltr'>deberet?</span> <span class='ocrx_word' id='word_1_300' title='bbox 954 2894 981 2933; x_wconf 85' lang='lat'>4</span> <span class='ocrx_word' id='word_1_301' title='bbox 1012 2903 1093 2934; x_wconf 77' lang='lat' dir='ltr'>uec</span> <span class='ocrx_word' id='word_1_302' title='bbox 1123 2891 1218 2934; x_wconf 76' lang='lat' dir='ltr'>iam</span> <span class='ocrx_word' id='word_1_303' title='bbox 1241 2889 1283 2933; x_wconf 92' lang='lat' dir='ltr'><strong>V</strong></span> <span class='ocrx_word' id='word_1_304' title='bbox 1307 2903 1420 2933; x_wconf 87' lang='lat' dir='ltr'>corr.</span> <span class='ocrx_word' id='word_1_305' title='bbox 1447 2889 1517 2933; x_wconf 89' lang='lat' dir='ltr'>ed.</span> <span class='ocrx_word' id='word_1_306' title='bbox 1638 2893 1662 2932; x_wconf 83' lang='lat'><strong>7</strong></span> <span class='ocrx_word' id='word_1_307' title='bbox 1694 2890 1845 2933; x_wconf 77' lang='lat' dir='ltr'>venire</span> 
     </span>
     <span class='ocr_line' id='line_1_38' title="bbox 233 2947 1906 3006; baseline 0.001 -16"><span class='ocrx_word' id='word_1_308' title='bbox 233 2948 393 2991; x_wconf 79' lang='lat' dir='ltr'>Veneri</span> <span class='ocrx_word' id='word_1_309' title='bbox 425 2947 494 2990; x_wconf 89' lang='lat' dir='ltr'>ed.</span> <span class='ocrx_word' id='word_1_310' title='bbox 590 2953 642 2990; x_wconf 94' lang='lat'>11</span> <span class='ocrx_word' id='word_1_311' title='bbox 676 2953 914 3004; x_wconf 78' lang='lat' dir='ltr'>utcumque</span> <span class='ocrx_word' id='word_1_312' title='bbox 936 2947 978 2991; x_wconf 95' lang='lat' dir='ltr'><strong>V</strong></span> <span class='ocrx_word' id='word_1_313' title='bbox 1009 2954 1193 3004; x_wconf 76' lang='lat' dir='ltr'>uterque</span> <span class='ocrx_word' id='word_1_314' title='bbox 1223 2948 1294 2992; x_wconf 87' lang='lat' dir='ltr'>ed.</span> <span class='ocrx_word' id='word_1_315' title='bbox 1395 2952 1448 2991; x_wconf 80' lang='lat'>17</span> <span class='ocrx_word' id='word_1_316' title='bbox 1481 2948 1574 3002; x_wconf 83' lang='lat' dir='ltr'>fuit</span> <span class='ocrx_word' id='word_1_317' title='bbox 1595 2947 1638 2991; x_wconf 91' lang='lat' dir='ltr'><strong>V</strong></span> <span class='ocrx_word' id='word_1_318' title='bbox 1666 2949 1764 2992; x_wconf 81' lang='lat' dir='ltr'>ruit</span> <span class='ocrx_word' id='word_1_319' title='bbox 1794 2948 1863 2992; x_wconf 87' lang='lat' dir='ltr'>ed.</span> <span class='ocrx_word' id='word_1_320' title='bbox 1901 2949 1906 3006; x_wconf 61' lang='grc' dir='ltr'>ί</span> 
     </span>
     <span class='ocr_line' id='line_1_39' title="bbox 223 3005 1908 3065; baseline 0.001 -15"><span class='ocrx_word' id='word_1_321' title='bbox 223 3007 464 3050; x_wconf 80' lang='lat' dir='ltr'>obseutura</span> <span class='ocrx_word' id='word_1_322' title='bbox 487 3005 528 3049; x_wconf 94' lang='lat' dir='ltr'><strong>V</strong></span> <span class='ocrx_word' id='word_1_323' title='bbox 554 3020 667 3050; x_wconf 84' lang='lat' dir='ltr'>corr.</span> <span class='ocrx_word' id='word_1_324' title='bbox 694 3006 763 3050; x_wconf 83' lang='lat' dir='ltr'>cd.</span> <span class='ocrx_word' id='word_1_325' title='bbox 872 3010 931 3049; x_wconf 83' lang='lat'>19</span> <span class='ocrx_word' id='word_1_326' title='bbox 963 3009 1131 3052; x_wconf 77' lang='lat' dir='ltr'>scilicet</span> <span class='ocrx_word' id='word_1_327' title='bbox 1163 3021 1252 3052; x_wconf 91' lang='lat' dir='ltr'>om.</span> <span class='ocrx_word' id='word_1_328' title='bbox 1277 3007 1347 3051; x_wconf 87' lang='lat' dir='ltr'>ed.</span> <span class='ocrx_word' id='word_1_329' title='bbox 1394 3007 1397 3065; x_wconf 71' lang='grc' dir='ltr'>Ι</span> <span class='ocrx_word' id='word_1_330' title='bbox 1443 3007 1614 3061; x_wconf 75' lang='lat' dir='ltr'>artifeoe</span> <span class='ocrx_word' id='word_1_331' title='bbox 1635 3006 1678 3050; x_wconf 93' lang='lat' dir='ltr'><strong>V</strong></span> <span class='ocrx_word' id='word_1_332' title='bbox 1709 3012 1805 3052; x_wconf 88' lang='lat' dir='ltr'>arte</span> <span class='ocrx_word' id='word_1_333' title='bbox 1837 3007 1908 3051; x_wconf 89' lang='lat' dir='ltr'>ed.</span> 
     </span>
    </p>
   </div>
  </div>
 </body>
</html>
