2050 3226
221 180 330 233 362
695 178 926 224 DONATI
956 178 1237 224 INTERPR.
1261 179 1440 225 VERG.

221 318 451 368 custodit.
506 319 578 367 ait
607 318 738 367 enim
768 321 895 381 „aut
923 334 1073 382 parco
1106 319 1208 368 sale
1240 319 1537 384 contingunt
1558 319 1807 384 hiemique
1837 337 1911 369 re-

219 391 463 456 ponunt“.
514 393 624 442 belli
647 394 930 441 commercia
955 393 1156 441 Turnus
1178 394 1375 442 sustulit
1394 395 1491 443 ista
1504 396 1649 455 prior
1678 395 1781 443 iam
1811 398 1913 442 tum

217 467 445 516 Pallante
474 471 745 527 perempto:
774 467 1160 528 humanitatem,
1189 466 1376 530 inquit,
1407 469 1592 531 posciS,
1625 484 1751 531 quae
1782 469 1913 517 inter

218 542 377 606 partis
415 541 542 589 solet
580 541 849 604 aliquando
880 541 1149 603 praestari,
1191 541 1278 591 sed
1321 541 1472 591 istam
1507 542 1632 590 mihi
1669 545 1788 592 tuus
1825 542 1911 590 ille

220 616 426 666 sustulit
464 616 659 663 Turnus
699 617 749 663 et
786 614 1205 664 inhumanitatem
1240 615 1440 678 plenam
1477 619 1635 665 morte
1665 616 1911 666 Pallantis
1962 627 1982 660 5

159 741 163 743 Δ
219 690 404 739 docuit.
480 689 668 738 saevire
711 705 811 737 non
857 691 965 737 erat
1012 706 1179 738 meum
1225 691 1276 738 et
1319 690 1417 739 fuit
1452 691 1675 739 misereri
1712 707 1910 754 promp-

218 765 488 824 tissimum,
513 764 600 812 sed
622 762 909 827 magisterio
934 763 1091 826 partis
1115 765 1309 813 vestrae
1333 763 1484 813 didici
1508 764 1640 828 quod
1662 765 1788 813 mihi
1812 781 1911 813 non
2007 821 2010 823 ,

219 838 356 887 dedit
392 839 574 886 natura
618 838 863 899 nascenti,
912 837 1074 886 factus
1116 853 1228 886 sum
1271 837 1403 900 quod
1447 854 1547 887 non
1592 855 1728 887 eram
1771 842 1822 887 et
1857 840 1911 887 in

219 913 522 962 contrarium
567 927 765 961 versum
812 914 888 960 est
927 911 1062 975 quod
1101 911 1373 977 aliquando
1419 913 1750 976 praestabam.
1826 913 1912 961 hoe

212 987 374 1047 patris
403 984 651 1034 Anchisae
680 1000 871 1043 maneS,
903 985 989 1034 hoc
1018 987 1162 1034 sentit
1189 986 1363 1034 Iulus:
1399 988 1560 1051 magis
1598 988 1692 1036 hoc
1721 987 1910 1036 factum
1942 998 1983 1031 ιο

217 1060 436 1124 placebit
465 1059 694 1108 manibus
725 1060 884 1122 patris
916 1060 1036 1121 mei,
1074 1060 1291 1123 placebit
1321 1062 1371 1109 et
1399 1060 1524 1123 fih‘o3
1568 1077 1627 1109 ex
1655 1062 1750 1109 hoc
1780 1062 1911 1110 enim

217 1136 350 1184 facto
385 1134 448 1183 ad
478 1136 744 1196 utrumque
769 1133 1024 1197 perveniet
1054 1134 1240 1198 gratia,
1273 1134 1316 1184 si
1347 1134 1533 1184 orbitas
1558 1134 1782 1184 Euandri
1803 1135 1909 1184 vin·

114 1215 200 1256 535
218 1210 411 1257 dicetur
448 1210 498 1256 et
533 1208 766 1257 interitus
797 1207 1057 1257 Pallantis.
1110 1209 1182 1256 sic
1210 1211 1347 1268 fatus
1381 1209 1575 1270 yaleam
1613 1202 1754 1258 laeva
1791 1212 1912 1257 tenet

218 1287 357 1344 atque
401 1284 583 1342 reflexa
633 1283 811 1331 cervice
856 1283 1043 1331 orantis
1094 1283 1265 1343 capulo
1315 1286 1455 1331 tenus
1501 1283 1690 1332 abdidit
1727 1297 1886 1331 ensem
1894 1301 1910 1331 .-

215 1358 514 1419 ubicumque
544 1357 689 1419 ponit
719 1372 884 1405 ensem
913 1372 1072 1419 usque
1103 1357 1166 1405 ad
1194 1357 1428 1420 capulum
1459 1358 1513 1406 in
1544 1373 1720 1420 corpus
1751 1358 1909 1406 homi·
1943 1371 1984 1404 ιε

216 1433 293 1481 nis
333 1447 551 1479 mersum
581 1432 769 1480 iratum
808 1430 1058 1494 significat
1094 1430 1374 1480 facientem.

334 1505 436 1554 Nec
480 1506 655 1560 procul
699 1504 1052 1562 Haemonides,
1106 1505 1285 1554 Phoebi
1333 1506 1622 1566 ,Triviaeque
1669 1505 1908 1563 sacerdos,

215 1580 380 1639 infula
426 1580 504 1628 cui
548 1594 694 1627 sacra
738 1579 997 1627 redimibat
1033 1582 1248 1639 tempora
1292 1580 1433 1636 vitta,
1485 1583 1610 1627 totus
1656 1579 1908 1627 conlucens

215 1657 340 1702 veste
372 1657 513 1714 atque
549 1651 826 1715 insiynibus
865 1654 1042 1700 armis:
1079 1668 1180 1700 non
1217 1654 1363 1717 longe
1404 1669 1434 1702 a
1463 1653 1611 1717 Mago
1642 1653 1909 1702 Haemoni-

217 1728 300 1776 des
349 1729 605 1791 apparuit,
653 1743 801 1790 quem
832 1726 953 1776 dicit
989 1726 1179 1774 Phoebi
1225 1729 1275 1775 et
1314 1726 1511 1776 Triviae
1551 1728 1704 1776 fuisse
1751 1742 1908 1776 sacer·
1941 1742 1983 1774 20

217 1802 404 1863 dotem,
459 1818 605 1864 quem
653 1801 764 1864 quis
806 1807 936 1850 esset
979 1801 1223 1864 prodebat
1258 1801 1457 1850 habitus
1506 1802 1707 1864 capitis;
1752 1802 1907 1850 vittas

218 1877 402 1938 quippe
434 1876 686 1940 gestabat,
735 1891 859 1939 quas
897 1891 998 1924 non
1035 1874 1134 1923 nisi
1172 1875 1448 1924 sacerdotes
1487 1875 1668 1924 habere
1708 1891 1906 1924 consue·

114 1960 199 2000 540
216 1952 410 1998 verunt.
459 1950 558 1998 fuit
593 1949 727 1998 idem
766 1950 919 1999 etiam
956 1949 1107 1998 armis
1139 1951 1189 1996 et
1227 1950 1362 1998 veste
1401 1949 1712 2012 conspicuus.
1771 1964 1909 2009 quem

218 2038 499 2084 congressus
531 2025 632 2084 ayit
662 2039 829 2084 campo
862 2024 1146 2084 lapsumque
1175 2027 1459 2084 superstans
1488 2025 1711 2080 inmolat,
1744 2025 1908 2088 exagi-

217 2100 381 2145 tatum
420 2099 471 2145 et
499 2098 696 2159 lapsum
733 2098 1017 2160 inmolavit3
1055 2097 1259 2160 pulchre
1296 2113 1396 2145 non
1435 2099 1670 2159 occisum,
1710 2096 1795 2146 sed
1833 2098 1906 2145 in·
1938 2111 1980 2144 25

216 2172 458 2220 molatum
512 2171 637 2219 dixit
692 2172 932 2220 adludens
980 2188 1038 2219 ex
1084 2171 1245 2219 officio
1286 2187 1344 2220 ac
1380 2173 1577 2220 nomine
1624 2170 1905 2220 sacerdotis.

217 2246 488 2306 inqentique
532 2247 709 2293 umbra
755 2247 886 2306 teyit:
935 2246 1052 2309 quia
1098 2245 1224 2293 dixit
1269 2246 1472 2294 Aenean
1518 2261 1665 2309 super
1709 2246 1905 2307 lapsum

218 2319 518 2380 constitisse,
551 2318 676 2366 dixit
705 2319 914 2368 iacentis
947 2335 1123 2382 corpus
1147 2321 1451 2382 percussoris
1483 2321 1561 2367 sui
1583 2318 1762 2366 umbra
1793 2334 1904 2366 con—

216 2396 415 2442 tectum.
463 2408 606 2441 arma
635 2392 852 2440 Serestus
881 2395 999 2442 lecta
1021 2394 1169 2453 refert
1193 2394 1395 2450 umeris,
1420 2394 1527 2450 tibi,
1560 2407 1644 2441 rex
1674 2392 1904 2450 Gradive,

217 2471 490 2527 tropaeum:
532 2469 683 2529 caesi,
721 2467 910 2529 inquit,
957 2483 1095 2515 arma
1133 2467 1336 2516 sustulit
1376 2467 1598 2516 Serestus
1637 2482 1735 2514 non
1768 2467 1903 2529 cupi·
1935 2480 1979 2512 eo

338 2643 360 2680 1
393 2643 445 2682 ut
467 2636 552 2680 VR
584 2636 654 2681 ed.
687 2642 770 2680 aut
800 2651 894 2680 nos.
1020 2642 1044 2681 6
1078 2643 1118 2682 et
1147 2638 1240 2692 fuit
1262 2637 1347 2681 VR
1377 2637 1453 2682 sed
1482 2637 1516 2691 f.
1550 2637 1621 2680 ed.
1671 2638 1676 2692 Ι
1713 2650 1902 2693 prump-

216 2698 438 2741 tissimum
453 2696 538 2739 VR
560 2697 673 2740 mihi
697 2696 803 2739 add.
831 2697 900 2739 ed.
996 2701 1020 2739 9
1044 2711 1221 2741 versum
1246 2710 1333 2741 om.
1359 2696 1430 2740 ed.
1524 2700 1577 2739 12
1607 2698 1809 2752 pervenit
1832 2696 1902 2739 ed.

219 2759 272 2798 13
315 2757 379 2799 sic
420 2756 572 2809 factus
607 2754 702 2799 VR.
837 2760 891 2798 14
931 2761 979 2799 at
1017 2758 1183 2812 refleoea
1216 2755 1271 2799 V.
1408 2760 1460 2798 16
1499 2768 1673 2799 versum
1707 2754 1792 2798 VR
1830 2755 1900 2799 ed.

216 2828 408 2858 mersum
469 2828 565 2858 noe.
624 2814 665 2915 V
731 2819 924 2858 tractum
976 2814 1060 2857 VR
1118 2814 1189 2859 ed.
1253 2815 1423 2858 iratum
1488 2827 1600 2857 corr.
1658 2814 1728 2858 ed.
1783 2815 1901 2870 post.

219 2877 271 2915 17
326 2874 580 2918 hemonides
668 2873 721 2916 R.
868 2877 921 2915 18
975 2874 1221 2918 redimebat
1268 2872 1321 2917 V.
1468 2876 1521 2915 19
1578 2875 1778 2930 Mayone
1831 2873 1900 2916 ed.

218 2935 272 2974 26
317 2946 344 2975 a
383 2934 563 3033 {omine
606 2932 677 2975 ed.
812 2935 867 2975 30
910 2938 1112 2988 tropeum
1146 2932 1243 2975 VR.
1295 2933 1299 2989 ξ
1350 2933 1539 2975 caesi—
1558 2947 1688 2976 arma
1729 2933 1902 2975 temere

217 2992 329 3033 mut.
363 3003 386 3034 e
426 3026 433 3033 .
