2050 3226
90 658 111 690 5

69 1031 111 1064 1⁰

70 1403 112 1436 15

71 1774 114 1806 20

73 2513 116 2544 30

777 206 1082 252 AENEIDos
1106 206 1193 251 vn
1758 210 1825 263 61

140 349 285 398 venio
323 363 454 397 nunc
493 348 556 396 ad
593 347 710 396 fidei
746 346 926 410 partis,
974 362 1102 410 quae
1148 361 1341 410 semper
1386 347 1522 410 apud
1563 349 1612 395 te
1659 350 1830 396 sancta

141 425 191 472 et
226 422 531 472 inviolabilis
577 421 698 483 fuit,
743 422 887 471 venio
933 421 998 470 ad
1043 421 1298 485 singulare
1341 421 1631 470 institutum
1677 421 1832 470 animi

140 496 238 559 tui,
277 513 378 560 quo
415 498 618 546 tuorum
657 511 828 544 curam
866 510 1059 558 semper
1096 498 1148 544 et
1183 495 1370 559 ubique
1407 495 1632 545 servasti.
1700 511 1830 544 rece-

142 571 279 620 ditur
323 587 354 619 a
393 571 583 632 Turno,
629 587 777 632 quem
823 571 1142 618 coniunctum
1178 569 1274 618 tibi
1312 572 1362 618 et
1398 570 1529 619 ratio
1576 570 1832 635 sanguinis

141 644 259 694 fecit
296 647 347 693 et
385 645 700 694 dexterarum
738 645 936 707 saepius
974 643 1189 707 repetita
1227 645 1503 694 conventio,
1581 660 1645 692 an
1683 647 1832 708 putas

140 719 267 767 nihil
298 719 492 768 sceleris
533 718 752 780 admitti,
792 734 904 767 cum
942 719 1082 767 nulla
1119 719 1481 769 interveniente
1513 733 1666 767 causa
1698 735 1832 766 rum-

140 795 281 857 pitur
332 794 506 843 foedus
562 793 698 855 quod
748 794 900 841 multi
944 793 1242 857 religionum
1294 793 1416 841 nodi
1468 795 1519 840 et
1570 808 1834 842 numerosa

140 867 328 931 pariter
365 867 567 916 vincula
604 866 913 916 nexuerunt?
989 867 1180 916 Tradas
1218 870 1275 916 tu
1317 867 1570 916 dexteram
1608 868 1833 930 proximo

142 945 193 991 et
228 943 322 990 hoc
359 959 459 991 non
498 943 670 1003 semel,
717 941 804 991 sed
842 941 1038 1004 saepius
1087 942 1265 1003 facia8‚
1313 942 1593 1006 obstringas
1641 943 1832 990 cunctis

141 1019 282 1065 tuam
318 1017 642 1081 religionibus
680 1016 847 1076 fidem,
888 1032 1039 1079 quam
1070 1015 1166 1064 diis
1197 1015 1454 1066 foederum
1482 1016 1694 1065 testibus
1734 1032 1834 1065 non

142 1091 246 1140 sine
299 1092 616 1140 veneratione
670 1090 902 1151 firmasti,
953 1093 1177 1153 repente,
1232 1106 1343 1139 cum
1396 1090 1598 1140 laeserit
1648 1090 1834 1152 nullus,

142 1165 354 1228 denique
413 1165 581 1214 nullus
644 1165 923 1226 offenderit,
983 1166 1090 1227 ipse
1151 1165 1337 1228 primus
1404 1164 1602 1213 discidii
1662 1167 1836 1213 auctor

142 1242 324 1288 existas
356 1242 427 1300 et,
467 1239 600 1302 quod
630 1240 765 1302 patri
794 1238 998 1303 regique
1028 1239 1377 1302 turpissimum
1409 1242 1504 1300 est,
1536 1240 1835 1289 sententiam

142 1318 283 1363 tuam
322 1313 571 1362 contraria
609 1313 866 1362 sentiendo
906 1312 1184 1362 dissolvas?
1234 1315 1365 1362 certe
1403 1313 1446 1362 si
1477 1314 1530 1361 in
1560 1314 1654 1361 hac
1686 1328 1834 1362 causa

144 1389 346 1437 deorum
383 1390 434 1436 te
471 1403 710 1450 responsa
748 1387 1044 1449 sollicitant,
1091 1390 1135 1436 si
1173 1404 1409 1452 generum
1445 1387 1648 1436 Faunus
1694 1403 1834 1450 prae-

143 1462 268 1511 dixit
306 1464 584 1523 externum,
622 1462 737 1510 nolo
776 1462 830 1509 in
866 1462 960 1510 hac
998 1465 1142 1525 parte
1181 1462 1403 1525 parentis
1432 1463 1565 1510 tanti
1594 1461 1836 1510 iudicium

142 1537 335 1598 laedas,
375 1537 702 1599 conpleantur
731 1535 889 1597 iussa,
930 1537 1001 1586 sic
1038 1538 1229 1597 tamen,
1267 1552 1328 1584 ne
1365 1536 1476 1598 ipso
1507 1537 1667 1599 patris
1699 1536 1834 1584 obse-

145 1613 262 1674 quio
311 1611 592 1659 intellectus
644 1626 805 1658 errore
855 1611 1118 1674 prolapsus
1164 1611 1333 1659 laedas
1380 1611 1547 1674 potius
1586 1610 1836 1658 iubentem

145 1688 195 1734 et
241 1701 387 1748 quem
432 1687 482 1732 te
530 1684 707 1734 officiis
754 1685 1024 1748 promereri
1070 1686 1239 1734 credas
1288 1684 1521 1734 offendas.
1597 1700 1835 1748 responsa

145 1776 338 1823 semper
390 1775 575 1824 magna
624 1759 819 1807 cautela
868 1762 918 1807 et
966 1760 1114 1822 plena
1162 1759 1440 1808 intentione
1480 1759 1836 1808 consideranda

145 1836 283 1896 sunt3
324 1834 508 1897 quippe
549 1833 711 1882 dubiis
749 1834 978 1882 involuta.
1008 1834 1171 1883 verbis
1210 1836 1262 1882 et
1293 1833 1499 1896 ancipiti
1530 1833 1836 1897 syllabarum

147 1909 528 1972 congregatione
590 1909 884 1969 miscentur,
945 1925 1005 1955 ne
1061 1908 1197 1970 apud
1249 1909 1525 1956 humanum
1580 1909 1837 1972 ingenium

146 1982 316 2030 divina
352 1981 588 2030 beneficia
617 1981 939 2046 intellegendi
969 1983 1214 2031 facilitate
1245 1983 1501 2031 vilescant.
1563 1982 1835 2030 considere·

145 2071 255 2104 mus
300 2057 459 2120 igitur
505 2056 627 2117 quid
672 2056 954 2104 faciendum
999 2072 1237 2119 responsa
1285 2056 1643 2119 praedixerint3
1692 2056 1836 2105 video

72 2145 91 2175 2
145 2131 278 2178 enim
315 2132 364 2178 te
404 2131 453 2177 in
490 2130 569 2177 his
608 2130 904 2178 sententiam
943 2134 1107 2192 tuam,
1146 2130 1346 2192 marite,
1384 2130 1561 2179 fixisse.
1632 2132 1837 2191 externi,

145 2204 329 2267 inquit,
375 2205 576 2252 venient
606 2203 788 2268 generi.
864 2204 1119 2254 videamus
1168 2204 1290 2268 quid
1328 2204 1395 2253 sit
1426 2207 1677 2267 externus3
1723 2205 1835 2253 volo

146 2280 275 2326 enim
314 2278 434 2326 dicti
471 2278 631 2340 ipsius
670 2277 871 2326 definire
910 2281 1153 2328 rationem
1184 2282 1234 2328 et
1263 2280 1483 2342 parentis
1514 2279 1593 2327 tui
1622 2280 1837 2328 mentem

146 2353 293 2415 plena
331 2353 607 2401 intentione
646 2351 892 2416 colligere.
954 2354 1211 2402 consultus
1242 2354 1326 2401 ille
1357 2354 1411 2401 in
1441 2354 1641 2417 negotio
1673 2354 1836 2414 neptis

147 2426 269 2489 quid
322 2427 480 2490 possit
532 2426 762 2489 prodesse
814 2427 1082 2489 respondit.
1160 2430 1386 2487 externo,
1445 2427 1635 2490 inquit,
1696 2426 1836 2474 trade

146 2500 301 2548 filiam
347 2503 500 2549 tuam.
577 2503 805 2549 externus
853 2503 928 2548 est
973 2502 1200 2564 quisquis
1249 2518 1278 2550 a
1322 2517 1475 2566 regno
1514 2505 1601 2549 tuo
1649 2504 1699 2549 et
1747 2502 1837 2548 tua

147 2576 394 2637 potestate
426 2575 667 2623 discretus
707 2576 802 2635 est,
847 2574 927 2623 cui
955 2578 1123 2624 tamen
1154 2577 1221 2624 sit
1251 2575 1531 2624 substantia
1563 2590 1836 2638 congruens

148 2651 199 2696 et
247 2648 553 2696 domicilium
602 2651 803 2697 certum.
882 2649 1047 2698 exules
1097 2652 1216 2698 sunt
1263 2650 1350 2698 isti
1400 2666 1524 2711 quos
1579 2648 1837 2697 arbitraris

149 2724 396 2785 externos,
435 2738 523 2771 nec
561 2724 646 2770 ille
686 2723 754 2771 sic
796 2722 921 2771 dixit
956 2726 1154 2772 nostrae
1193 2724 1325 2772 filiae
1365 2723 1740 2783 consulendum,
1779 2725 1839 2770 ut

269 2853 293 2891 2
317 2850 596 2906 singularem
620 2849 674 2893 V.
772 2853 796 2891 3
821 2849 1046 2894 receditur
1069 2864 1098 2893 a
1121 2855 1257 2894 turno
1282 2850 1324 2893 V
1347 2852 1460 2893 mut.
1486 2849 1557 2892 ed.
1659 2853 1685 2892 5
1709 2863 1770 2892 an
1795 2847 1837 2890 V

149 2907 209 2950 ah
240 2907 310 2951 ed.
421 2913 475 2951 10
507 2922 643 2963 qua-m
674 2907 716 2950 V
746 2922 860 2963 quas
892 2907 965 2951 ed.
1081 2914 1133 2951 12
1168 2910 1335 2953 excidii
1367 2909 1436 2952 ed.
1554 2911 1608 2951 18
1639 2908 1837 2951 intellec-

148 2971 222 3009 tus
253 2965 295 3009 V
332 2968 554 3011 intellecto
586 2967 657 3011 ed.
782 2971 836 3009 23
874 2968 1089 3012 viliscant
1118 2967 1171 3011 V.
1296 2973 1352 3011 24
1385 2967 1687 3023 praedixerat
1715 2966 1758 3010 V
1789 2967 1836 3009 in

151 3026 241 3069 ·rit
271 3039 384 3069 corr.
418 3025 460 3068 H
490 3040 611 3069 man.
646 3031 780 3070 want
812 3024 899 3069 ΟΠ
932 3026 1002 3069 ed.
1038 3028 1160 3071 -rint
1190 3027 1261 3070 ed.
1295 3029 1413 3082 post.
