2050 3226
761 176 1066 222 AENEmos
1096 177 1139 221 x
1687 180 1795 235 355

109 320 230 383 quia
267 318 456 366 factum
494 317 594 366 non
633 319 730 378 est,
770 315 868 365 alio
908 332 1086 381 genere
1125 317 1357 380 cupiebat
1385 316 1588 380 inpleri,
1619 321 1678 366 ut
1709 321 1795 382 qui

108 392 364 442 cadentem
401 391 563 439 filium
601 392 825 454 spectare
863 391 916 439 in
955 406 1129 454 campo
1168 407 1269 440 non
1306 393 1476 454 potuit
1511 392 1565 439 in
1596 392 1794 442 sedibus

107 468 210 517 suis
240 465 431 530 positus
463 464 656 515 videret
687 464 914 513 occisum.
967 465 1126 514 levius
1158 464 1305 528 enim,
1334 467 1395 514 ut
1424 481 1578 528 supra
1609 466 1795 515 dictum

107 543 201 603 est,
242 540 471 589 dolentur
509 538 683 588 audita
712 539 868 600 mala,
901 538 1103 603 gravius
1134 555 1274 602 vere,
1306 538 1350 588 si
1378 539 1656 589 videantur.
1710 540 1794 589 ad-

53 625 75 662 6
107 615 233 663 didit
270 614 470 678 qualem
506 614 693 662 meruit
721 613 956 662 Pallanta
993 613 1210 676 remitto,
1243 615 1304 662 ut
1333 613 1610 664 evidentius
1643 630 1795 677 appa-

104 691 236 738 reret
286 704 387 737 non
438 687 726 737 benivolum
777 687 923 735 illum
974 703 1142 752 gerere
1196 687 1416 737 animum
1430 725 1443 750 ‚
1498 689 1584 737 sed
1637 688 1797 737 amari

103 764 260 812 hostis
312 763 491 811 durum
538 763 839 825 inmaneque
888 764 1234 811 commentum.
1320 763 1441 811 haut
1487 763 1563 811 illi
1599 764 1797 811 stabulat

102 836 292 886 Aeneia
322 851 483 898 parvo
519 837 755 897 hospitia:
791 837 961 899 parvis
1001 826 1176 899 opib'us
1226 852 1311 885 rex
1362 836 1578 899 quaesiit
1625 837 1794 885 Troia·
1811 845 1897 885 495

102 927 280 960 norum
317 910 540 960 foedera:
581 910 714 973 quod
750 910 940 959 factum
978 912 1054 959 est
1089 926 1205 959 mox
1242 910 1475 974 probabit
1520 912 1651 960 stare
1695 927 1795 960 non

31 1002 74 1037 ιο
102 1001 259 1049 posse.
335 986 429 1034 hoc
479 984 711 1034 dictionis
762 1000 940 1048 genere
990 985 1159 1047 potuit
1206 985 1436 1049 intellegi
1484 985 1620 1049 quod
1657 1001 1794 1050 spem

102 1062 295 1125 gereret
346 1060 500 1108 etiam
559 1059 852 1107 Euandrum
903 1058 1252 1122 persequendi,
1306 1060 1495 1108 scilicet
1547 1061 1794 1123 superatis

102 1134 331 1183 Troianis
372 1136 423 1182 et
461 1134 659 1182 auxiliis
699 1149 827 1196 quae
864 1132 1063 1182 Aeneae
1101 1132 1303 1182 fuerant
1339 1134 1524 1182 iuncta.
1579 1138 1623 1182 et
1660 1134 1795 1182 laevo

94 1209 276 1270 pressit
306 1208 430 1269 pede
467 1200 592 1256 talia
626 1210 764 1268 fatus
793 1207 1063 1256 exanimem
1092 1208 1293 1267 rapiens
1322 1208 1549 1256 inmania
1572 1208 1796 1268 pondera

102 1283 270 1331 baltei:
301 1284 352 1331 et
380 1282 508 1330 talia
530 1282 726 1330 locutus
757 1281 901 1330 laevo
932 1280 1055 1344 pede
1087 1296 1263 1344 corpus
1296 1280 1519 1330 defuncti
1547 1281 1793 1331 Pallantis

29 1367 70 1406 1⁵
100 1356 303 1420 pressit,
340 1357 537 1420 rapiens
578 1357 624 1404 ei
662 1355 945 1420 gravissimi
982 1355 1214 1418 ponderis
1258 1355 1492 1404 balteum.
1554 1357 1796 1419 expressit

100 1433 333 1480 conatum
370 1430 670 1479 retrahentis
716 1429 962 1491 balteum3
1009 1445 1162 1492 supra
1207 1431 1340 1478 enim
1384 1429 1581 1478 iacebat
1624 1430 1792 1479 Pallas

99 1521 188 1553 nec
227 1505 421 1554 extrahi
458 1503 646 1567 potuit,
684 1504 783 1552 nisi
820 1518 996 1552 manus
1036 1503 1243 1552 nitentis
1281 1505 1489 1553 iuvisset
1525 1504 1666 1567 pedis
1706 1521 1793 1553 au-

99 1579 288 1627 xilium.
349 1578 528 1627 habuit
566 1579 751 1642 species
790 1578 903 1641 ipsa
942 1577 1090 1626 etiam
1124 1578 1384 1641 proprium
1413 1578 1628 1641 ponduS‚
1660 1579 1793 1641 quod

98 1653 332 1702 veniebat
369 1670 428 1701 ex
468 1669 605 1701 aure.
666 1652 796 1700 unde
837 1653 1072 1715 apparuit
1110 1652 1361 1715 duplicem
1399 1668 1601 1702 eausam
1637 1653 1793 1702 fuisse

27 1741 70 1777 n
98 1727 347 1791 rapiendi,
385 1743 538 1775 unam
575 1729 780 1790 propter
814 1726 1011 1790 insigne
1049 1727 1309 1788 victoriae,
1349 1727 1560 1775 alteram
1589 1729 1794 1790 propter

99 1802 282 1864 speciei
317 1803 574 1862 meritum,
614 1801 749 1864 quod
787 1800 1006 1865 augebat
1055 1800 1167 1848 auri
1214 1802 1407 1850 taxatio
1458 1803 1508 1849 et
1546 1801 1668 1850 artis
1717 1803 1790 1850 in-

99 1876 304 1925 dustria.
379 1877 748 1936 impressumque
795 1877 964 1936 nefas:
1010 1875 1234 1938 inpressa
1281 1876 1335 1923 in
1385 1891 1508 1924 auro
1558 1875 1658 1923 fuit
1706 1875 1790 1924 ad-

41 1946 45 1985 ,¹
98 1951 240 1999 missi
278 1949 474 1999 sceleris
513 1950 686 1998 fabula
724 1949 981 1999 continens
1019 1950 1165 1998 haec:
1201 1964 1306 1998 ima
1343 1950 1433 1998 sub
1472 1953 1606 1998 nocte
1635 1950 1792 2011 iuyali

40 1990 46 2064 l
100 2039 244 2073 caesa
280 2038 459 2073 manus
503 2025 734 2072 iuvenum
777 2024 915 2084 foede
960 2024 1254 2084 thalamique
1300 2024 1508 2072 cruenti:
1552 2039 1790 2088 magnum

98 2098 151 2147 in
205 2100 299 2147 hoc
352 2099 486 2146 facto
541 2098 735 2147 sceleris
786 2098 883 2146 fuit
932 2098 1231 2161 exemplum,
1282 2098 1415 2160 quod
1459 2113 1616 2161 usque
1667 2098 1789 2147 adeo

98 2175 274 2237 poetae
324 2172 604 2235 displicuit,
652 2174 713 2220 ut
762 2172 1084 2221 acerbitatem
1134 2173 1240 2222 eius
1292 2172 1498 2222 diversis
1546 2172 1791 2235 exprimat

98 2248 267 2296 rebus:
307 2262 338 2295 a
375 2262 603 2308 numero,
642 2261 745 2295 una
781 2246 969 2309 inquit3
1015 2262 1045 2294 a
1082 2248 1326 2310 tempore,
1373 2246 1463 2296 sub
1514 2249 1680 2309 nocte3
1726 2247 1788 2294 ab

99 2323 319 2383 adfectu,
368 2320 551 2384 iugali3
602 2336 632 2368 a
680 2335 914 2382 persona,
965 2319 1099 2383 quod
1146 2320 1278 2369 inter
1326 2336 1407 2369 eos
1460 2321 1546 2383 qui
1591 2321 1790 2369 fuerant

220 2467 242 2504 1
282 2463 458 2517 factum
496 2467 559 2506 est
588 2461 673 2505 VR
708 2461 779 2506 ed.
818 2461 853 2515 f.
883 2474 977 2506 nou
1006 2466 1070 2506 est
1100 2462 1171 2507 ed.
1203 2464 1322 2518 post.
1375 2462 1379 2520 1
1433 2463 1676 2518 cupiebant
1705 2460 1788 2504 VR

98 2522 309 2577 cupiebat
332 2522 402 2564 ed.
489 2526 514 2565 2
539 2526 773 2577 eaepectare
789 2520 874 2564 VR
898 2534 1010 2564 corr.
1029 2521 1102 2565 ed.
1139 2521 1144 2580 Ι
1171 2523 1397 2578 potuisset
1422 2522 1494 2566 ed.
1578 2526 1606 2564 4
1637 2521 1788 2565 dolen-

98 2585 174 2624 tur
204 2581 368 2625 audita
391 2580 475 2624 VR
504 2582 680 2625 temere
710 2581 824 2623 mut.
851 2579 922 2623 ed.
1021 2584 1048 2623 8
1080 2582 1275 2637 quaesiit
1295 2581 1381 2624 VR
1411 2594 1526 2637 quae
1554 2585 1664 2624 suut
1693 2579 1784 2623 ed.:

99 2639 214 2683 Don.
239 2653 387 2696 parvo
412 2654 517 2683 cum
539 2641 613 2684 illi
636 2639 891 2695 coniungit.
996 2643 1050 2683 16
1082 2646 1296 2685 conatum
1317 2639 1403 2683 VR
1433 2645 1645 2683 ornatum
1677 2638 1747 2682 ed.
1776 2639 1782 2697 Ι

97 2699 368 2743 retrahentis
389 2698 475 2742 VR
505 2699 781 2744 detrahentis
811 2698 883 2742 ed.
920 2698 924 2756 Ι
958 2712 1101 2755 supra
1124 2698 1209 2742 VR
1238 2713 1273 2744 s.
1300 2700 1494 2743 balteum
1522 2698 1592 2741 ed.
1632 2698 1637 2756 1
1669 2699 1786 2742 iace-

99 2757 176 2802 bat
207 2758 365 2814 pallas
390 2757 440 2800 -R
480 2759 700 2803 trahentis
739 2758 964 2802 baltheum
1000 2757 1222 2814 interpos.
1251 2758 1293 2800 V
1327 2758 1456 2814 (item
1493 2756 1602 2809 ΗΟ)
1641 2757 1786 2800 oculis

98 2815 148 2859 in
186 2817 470 2872 superiorem
507 2817 679 2861 lineam
719 2815 1042 2861 aberrantibus
1080 2818 1256 2862 iacebat
1285 2817 1489 2871 defuncti
1518 2830 1682 2871 corpus
1713 2816 1783 2859 ed.

101 2879 154 2918 17
186 2877 374 2921 nitentis
396 2875 479 2919 VR
508 2877 696 2921 intentis
727 2876 798 2919 ed.
845 2875 850 2933 Ι
893 2876 1029 2931 pedis
1058 2876 1100 2919 R
1129 2877 1265 2932 pedes
1287 2875 1328 2919 V
1349 2875 1544 2931 pedibus
1575 2874 1646 2918 ed.
1680 2888 1785 2918 cum

98 2947 241 2988 prava
265 2935 578 2979 distinctione.
671 2939 727 2979 20
750 2935 974 2992 iri-siquem
989 2933 1044 2978 V.
1134 2939 1188 2979 28
1214 2950 1244 2979 a
1263 2948 1531 2991 persona—
1549 2938 1648 2989 356,
1668 2939 1691 2977 1
1717 2936 1787 2979 vis

98 2993 270 3047 partim
301 3007 389 3038 om.
421 2995 593 3050 partim
624 2996 739 3038 mut.
765 2994 835 3038 ed.
873 2994 878 3051 Ι
916 2994 1036 3050 quod
1066 3007 1155 3038 om.
1180 2994 1276 3037 VR.
1601 2997 1607 3004 ’

30 3054 65 3125 l.
1434 3081 1520 3124 23*
