2050 3226
766 164 1070 210 AENEmos
1094 164 1181 209 v11
1749 167 1817 220 79

128 320 298 368 pressa
345 307 420 354 est
463 304 728 369 long-itudo
772 303 1031 370 regionum
1070 303 1134 353 ad
1173 319 1298 366 quas
1345 304 1482 352 dirus
1523 303 1672 352 tubae
1710 321 1818 367 per-

126 381 333 427 venerat
370 394 536 428 sonus.
611 378 796 427 idcirco
844 380 1012 427 autem
1051 378 1178 426 dixit
1214 378 1322 427 Nar
1371 379 1642 441 sulphurea
1688 394 1820 441 aqua

128 452 297 502 album
327 453 499 515 fluere,
532 453 665 515 quod
697 468 896 501 currens
929 453 1143 501 colorem
1174 452 1428 515 sulphuris
1459 454 1722 514 monstret,
1755 452 1822 500 sit

127 543 243 576 vero
287 543 418 590 aqua
456 527 560 575 eius
601 527 716 576 alba
762 543 873 575 cum
917 526 1163 575 hauritur.
1230 526 1438 576 Velinus
1478 529 1646 575 autem
1682 527 1820 574 lacus

75 617 96 648 5
128 604 215 650 est.
286 605 329 650 et
364 602 580 661 trepidae
616 604 797 650 matres
822 615 1043 662 pressere
1074 602 1141 650 ad
1163 604 1362 662 pectora
1392 605 1557 649 natos:
1594 600 1821 660 feminae,

129 691 255 739 quae
295 675 527 724 bellicum
566 676 679 724 cani
716 677 1010 738 acceperant
1044 675 1268 737 auribus,
1307 691 1421 724 mox
1451 691 1551 723 non
1582 674 1679 723 sibi
1708 675 1822 737 plus

128 766 282 812 quam
312 749 480 798 liberis
512 751 788 798 metuentes
821 750 1173 798 continuerunt
1201 749 1330 798 filios
1363 765 1479 798 suos
1512 749 1820 812 amplexibus

126 824 324 886 pavidis
355 825 565 873 scientes
603 823 724 887 quid
753 824 877 872 mali
907 825 1060 872 etiam
1083 825 1306 887 parvulis
1333 823 1467 872 bella
1500 823 1822 872 minarentur.

128 898 192 946 ad
230 900 455 961 pectora,
493 898 683 962 inquit,
721 901 1007 960 presserunt
1044 899 1257 963 pignora
1296 913 1407 959 sua,
1446 900 1504 946 ut
1543 897 1823 946 ostenderet

27 976 98 1020 ἰο
128 974 276 1036 poeta
315 974 526 1020 nimium
564 973 815 1021 adfectum
852 974 1104 1020 maternae
1148 972 1523 1034 Sollicitudinis,
1563 973 1709 1034 quasi
1740 972 1822 1020 de·

127 1064 263 1095 mum
301 1047 416 1095 inde
457 1047 630 1095 divelli
667 1063 766 1095 non
805 1049 1020 1109 possent.
1084 1050 1213 1095 certe
1250 1048 1404 1095 etiam
1439 1046 1567 1094 illud
1597 1046 1824 1110 intellegi

127 1123 294 1183 potest
341 1122 558 1170 voluisse
608 1137 691 1169 eas
741 1121 923 1169 satiare
975 1122 1124 1170 corda
1163 1137 1253 1169 sua
1292 1121 1500 1182 solacio,
1552 1123 1822 1182 antequam

126 1196 229 1244 illis
260 1196 341 1243 vel
372 1212 542 1244 earum
572 1194 740 1243 liberis
773 1195 967 1243 veniret
996 1196 1243 1244 interitus.
1292 1199 1394 1243 tum
1423 1209 1534 1242 vero
1567 1195 1633 1243 ad
1661 1210 1822 1243 vocem

128 1270 319 1325 eelereS,
361 1285 458 1330 qua
498 1270 676 1317 bucina
720 1271 915 1330 siquam
961 1270 1075 1318 dira
1121 1270 1270 1326 dedit,
1321 1270 1481 1329 raptis
1530 1271 1822 1317 concurrunt
1839 1276 1925 1316 520

54 1356 95 1388 15
126 1344 339 1404 undique
377 1344 482 1391 telis
518 1344 743 1391 indomiti
780 1344 1045 1405 ayricolae:
1086 1345 1314 1406 superius
1356 1341 1603 1405 „Silvia“,
1640 1342 1823 1406 inquit,

127 1418 327 1479 „prima
377 1433 516 1466 soror
560 1417 747 1480 palmis,
781 1433 1014 1480 percussa
1052 1418 1265 1466 lacertos
1304 1418 1549 1466 auxilium
1586 1421 1734 1466 vocat
1773 1420 1823 1465 et

126 1491 275 1540 duros
331 1492 611 1540 conclamat
664 1491 928 1555 agrestis“,
988 1496 1165 1555 postea
1211 1492 1338 1540 dixit
1390 1494 1567 1555 „vocat
1620 1493 1822 1555 agmina

127 1565 385 1628 Tyrrhus“
425 1568 475 1614 et
512 1566 704 1614 venisse
744 1567 964 1628 aliquos,
1002 1566 1152 1615 tertio
1195 1567 1400 1615 Furiam
1438 1567 1599 1628 ipsam
1637 1566 1821 1614 bellum

125 1640 248 1688 tuba
286 1639 510 1688 finitimis
551 1642 602 1688 et
639 1640 786 1704 longe
818 1640 995 1703 positis
1026 1641 1283 1690 nuntiasse
1319 1643 1546 1690 secutum
1577 1641 1673 1702 est,
1713 1643 1822 1688 tum

52 1725 96 1757 20
126 1730 242 1762 vero
280 1715 374 1763 hoc
413 1716 488 1762 est
524 1716 634 1762 tum
671 1716 834 1778 magis
875 1715 1098 1764 infinitos
1146 1716 1393 1779 agricolas
1442 1716 1660 1777 coepisse
1708 1730 1819 1763 con-

127 1804 336 1850 currere,
367 1790 424 1836 ut
454 1788 800 1837 manifestaret
830 1791 1022 1852 quanta
1052 1790 1238 1838 virtute
1270 1790 1458 1854 singuli
1489 1789 1676 1838 auxilia
1707 1805 1819 1837 con-

126 1865 387 1911 vocassent
417 1866 622 1926 propter
650 1864 894 1911 ultionem
925 1864 1061 1912 facti.
1115 1878 1202 1911 nec
1240 1879 1338 1912 non
1378 1867 1420 1912 et
1459 1864 1611 1912 Troia
1641 1865 1823 1923 pubes:

126 1936 219 1984 hoc
265 1939 340 1985 est
378 1937 709 1985 Troianorum
754 1939 990 1986 iuvenum
1033 1938 1318 1987 multitudo.
1397 1938 1547 1986 Troia
1593 1937 1663 1987 sic
1709 1953 1820 2000 pro-

126 2011 357 2058 nuntiare
397 2010 651 2072 debemus,
691 2013 771 2074 ut,
811 2027 925 2060 cum
962 2013 1074 2075 ipsa
1112 2012 1279 2074 patria
1318 2012 1649 2076 significatur,
1691 2012 1819 2059 duae

52 2095 94 2128 25
126 2084 348 2146 syllabae
373 2084 510 2146 fiant,
543 2086 741 2148 quando
767 2085 959 2148 aliquid
980 2086 1153 2149 ipsius,
1183 2089 1284 2136 tres
1317 2086 1539 2148 syllabae
1562 2103 1821 2135 numeren-

125 2160 223 2219 tur,
261 2162 319 2207 ut
357 2175 488 2207 nunc
527 2159 690 2221 prima
729 2159 796 2208 sit
833 2162 926 2221 tr0,
967 2161 1184 2209 secunda
1214 2163 1254 2223 i,
1293 2160 1446 2209 tertia
1485 2176 1529 2208 a.
1601 2159 1820 2208 Ascanio

127 2234 370 2280 auxilium
416 2234 590 2281 castris
637 2234 844 2293 effundit
888 2236 1095 2294 apertis:
1147 2235 1199 2283 in
1237 2236 1460 2298 periculo
1507 2235 1632 2299 regii
1677 2236 1821 2297 pueri

127 2322 224 2354 non
264 2307 511 2369 paulatim
549 2310 892 2369 processerant
939 2309 1003 2356 ad
1042 2309 1283 2358 auxilium
1321 2325 1411 2357 nec
1448 2309 1699 2372 partibus,
1736 2309 1820 2356 sed

127 2382 276 2429 semel
308 2397 474 2430 omnes
507 2381 714 2429 Troiani
744 2382 888 2430 effusi
918 2385 1048 2431 sunt.
1104 2386 1348 2445 quantum
1378 2385 1552 2431 tuetur
1567 2383 1818 2447 Vergilius

53 2466 96 2498 30
128 2454 457 2503 Troianorum
496 2457 655 2518 partis
697 2455 758 2504 ab
796 2456 886 2503 illa
923 2456 1138 2519 invidia,
1176 2474 1237 2505 ne
1269 2459 1320 2505 in
1353 2458 1516 2505 alieno
1547 2473 1699 2521 regno
1732 2472 1817 2519 po-

127 2529 213 2577 siti
250 2529 569 2592 inprobitatis
613 2531 797 2579 crimen
843 2531 1170 2579 incurrerent!
1240 2531 1593 2594 procedebant,
1638 2530 1818 2592 inquit,

127 2602 353 2664 Troiani,
393 2619 492 2651 non
523 2606 583 2651 ut
619 2605 880 2665 inferrent,
924 2604 1010 2653 sed
1047 2608 1107 2653 ut
1144 2606 1441 2668 repellerent
1478 2605 1684 2665 bellum,
1732 2619 1819 2651 nec

127 2678 184 2723 ut
213 2680 630 2740 persequerentur
661 2694 976 2742 quemquam,
1009 2678 1095 2727 sed
1126 2681 1186 2727 ut
1214 2681 1346 2743 regis
1371 2680 1529 2727 filium
1562 2681 1819 2726 tuerentur

247 2808 271 2846 2
298 2804 405 2848 Nar
420 2803 462 2847 V
479 2803 550 2847 ed.
569 2805 744 2848 Narem
769 2806 997 2860 expectes
1083 2810 1108 2848 3
1132 2806 1326 2862 sulperis
1349 2805 1403 2848 V.
1434 2805 1438 2862 Ι
1466 2809 1679 2848 monstret
1700 2805 1761 2848 sit
1776 2803 1818 2845 V

127 2867 397 2907 monstraret
427 2868 491 2907 est
522 2863 592 2907 ed.
694 2868 718 2906 6
751 2865 860 2907 cam'
882 2863 923 2906 V
954 2878 1056 2909 cum
1088 2865 1159 2908 ed.
1256 2870 1306 2907 11
1341 2865 1449 2908 inde
1479 2863 1521 2905 V
1551 2863 1713 2907 deinde
1744 2863 1815 2907 ed.

131 2924 184 2962 12
207 2922 374 2965 solacio
390 2921 430 2964 V
450 2936 536 2965 om.
555 2921 645 2966 ΗΟ
660 2921 696 2965 U
715 2923 785 2966 ed.
859 2927 913 2966 13
937 2925 1106 2967 veniret
1130 2923 1171 2967 V
1195 2924 1416 2968 accideret
1439 2922 1510 2966 ed.
1582 2927 1636 2966 15
1660 2922 1739 2966 teli
1760 2922 1815 2967 V.

130 2981 185 3021 20
215 2980 421 3034 infinitos
451 2980 494 3023 V
524 2982 575 3025 in
605 2982 823 3036 finitimos
854 2981 993 3026 HOU
1029 2983 1100 3026 ed.
1194 2987 1250 3026 28
1276 2982 1491 3038 partibus
1515 2979 1557 3024 V
1586 2982 1637 3025 in
1660 2995 1709 3037 p.
1745 2981 1814 3025 ed.
