2050 3226
229 138 335 192 568
704 136 937 182 DONATI
965 137 1245 182 INTERPR.
1270 136 1452 182 VERG.

229 279 356 326 acies
386 279 645 337 urbemque
675 277 872 326 Latini:
909 277 1034 325 Iuno
1075 294 1099 324 e
1137 293 1327 325 summo
1358 278 1551 325 tumulo
1590 279 1796 340 1110111313,
1837 277 1925 340 qui

228 353 348 400 tunc
386 368 475 400 nec
511 353 747 400 honorem
778 350 956 398 habuit
986 367 1075 399 nec
1106 366 1286 398 nomen
1325 353 1413 399 aut
1443 352 1663 414 aliquam
1696 352 1923 416 gloriam,

227 442 358 474 nunc
397 442 512 475 vero
564 443 623 473 ex
670 426 868 473 nomine
910 424 1068 472 Albae
1108 424 1332 474 Albanus
1383 426 1587 488 dicitur,
1638 426 1926 489 aspectabat

228 500 387 563 partis
437 503 487 549 et
535 499 697 562 ipsam
741 498 914 546 Latini
958 499 1228 548 civitatem.
1305 500 1595 562 aspectabat
1643 500 1708 548 ad
1758 499 1925 549 omnia

227 574 464 637 pertinet,
503 577 563 622 ut
601 573 667 623 sit
706 573 998 635 aspectabat
1035 589 1286 636 campum,
1319 574 1608 636 aspectabat
1638 574 1766 623 acies
1797 576 1922 623 uimi-

227 664 387 711 usque
428 647 609 711 partie,
649 647 940 710 aspectabat
977 648 1027 695 et
1056 647 1227 696 Latini
1263 647 1449 696 urbem.
1503 649 1731 708 externplo
1765 649 1926 696 Turni

150 743 154 746 ⁷
227 724 298 770 sic
329 726 398 770 est
427 723 603 781 adfata
632 736 865 778 sororem,
898 722 1016 770 diva
1046 722 1208 779 deam,
1248 723 1435 782 staqmis
1466 736 1588 782 quae
1617 723 1924 781 fluminibus-

127 806 211 846 140
229 811 318 856 que
347 797 536 844 sonoris
567 796 840 856 praesidet:
879 796 996 844 diva
1028 795 1193 844 deam:
1224 797 1360 844 varie
1393 795 1553 844 dicere
1583 794 1764 858 voluit,
1797 799 1924 845 cete-

227 887 339 918 rum
363 871 455 918 hoc
479 873 554 918 est
577 870 694 918 diva
718 870 852 933 quod
875 872 952 918 est
975 869 1079 918 dea.
1117 869 1323 918 dicendo
1348 870 1538 934 stagnis
1568 872 1618 918 et
1638 870 1924 919 fluminibus

228 945 417 994 sonoris
457 946 508 992 et
546 945 714 1008 stagni
751 947 985 992 naturam
1016 944 1232 993 breviter
1263 945 1526 1008 descripsit
1562 946 1611 992 et
1648 945 1924 993 fluminum.

228 1022 407 1083 stagna
455 1018 639 1082 quippe
684 1034 782 1066 non
834 1020 1035 1080 sonant,
1089 1018 1210 1081 quia
1256 1020 1413 1080 stant,
1463 1022 1514 1067 et
1558 1019 1765 1067 flumina
1813 1019 1924 1067 ideo

228 1095 430 1155 sonant,
471 1094 590 1155 quia
629 1108 821 1156 semper
859 1095 1067 1141 currunt
1104 1095 1156 1141 et
1189 1093 1519 1156 praecipitata
1557 1093 1775 1142 sonitum
1812 1094 1925 1141 mit-

227 1169 355 1215 tunt.
411 1168 600 1216 sonoris
633 1183 749 1231 ergo
788 1183 888 1215 non
919 1169 1110 1231 stagnis
1144 1170 1231 1216 aut
1265 1167 1554 1216 fluminibus
1587 1167 1927 1230 accipiendum

229 1244 326 1303 est,
365 1241 451 1290 sed
481 1241 768 1290 fluminibus
802 1242 935 1290 30113.
989 1257 1101 1290 cum
1131 1242 1289 1306 igitur
1321 1241 1672 1305 dispositiones
1704 1244 1926 1304 partium

229 1319 279 1364 et
325 1318 505 1364 cuncta
552 1332 680 1378 quae
727 1316 1028 1379 gerebantur
1078 1316 1137 1363 de
1188 1332 1380 1364 summo
1435 1315 1741 1379 prospiceret
1784 1316 1926 1377 Iuno,

230 1390 349 1453 quia
395 1389 582 1438 sciebat
626 1389 853 1452 inparem
891 1391 1136 1452 Turnum,
1186 1393 1408 1439 metuens
1454 1407 1516 1438 ne
1560 1391 1720 1452 ipsius
1766 1393 1926 1438 morte

228 1465 341 1527 ipsa
365 1480 562 1527 quoque
595 1480 708 1512 cum
740 1464 842 1513 suis
875 1464 1135 1512 conatibus
1167 1465 1366 1513 caderet
1397 1464 1625 1512 adhibuit
1647 1465 1927 1526 Iuturnam,

231 1538 366 1601 quod
403 1539 514 1601 ipsa
555 1554 749 1601 quoque
789 1540 917 1587 esset
948 1538 1040 1586 dea
1080 1541 1130 1586 et
1160 1539 1316 1586 Turni
1353 1555 1591 1602 germana
1624 1538 1927 1601 perindeque

231 1629 357 1675 quae
411 1613 650 1661 mandata
698 1612 888 1675 inplere
943 1612 1141 1661 deberet
1194 1615 1244 1661 et
1295 1615 1475 1676 posset.
1551 1613 1679 1660 hunc
1722 1613 1797 1660 oilli
1841 1627 1926 1660 rex

230 1687 436 1735 aetheris
469 1687 597 1735 altus
627 1687 854 1734 honorem
883 1687 1109 1748 Iuppiter
1143 1690 1306 1746 erepta
1329 1702 1423 1746 pro
1454 1687 1730 1747 viryinitate
1759 1701 1926 1734 sacra-

228 1762 320 1808 vit:
360 1761 479 1823 quia
509 1760 777 1809 verisimile
815 1777 919 1809 esse
956 1776 1054 1808 non
1094 1763 1293 1823 poterat
1331 1761 1542 1809 alterum
1581 1777 1639 1808 ex
1677 1761 1927 1824 germanis

229 1835 467 1883 fratribus
507 1851 611 1884 esse
648 1836 933 1897 mortalem,
972 1836 1182 1883 alteram
1219 1851 1335 1883 vero
1376 1836 1519 1883 deam
1557 1850 1660 1883 esse
1691 1834 1928 1898 potuisse,

232 1909 368 1957 dicta
407 1911 482 1958 est
527 1925 676 1958 causa
722 1926 849 1973 quae
887 1909 1150 1957 Iuturnam
1196 1926 1254 1957 ex
1298 1910 1502 1958 mortali
1545 1909 1732 1957 fecerat
1769 1909 1928 1971 deam,

232 1986 282 2030 et
319 1985 430 2045 ipsa
467 1983 642 2045 turpis.
719 2001 836 2032 nam
875 1983 1181 2047 adquisitum
1225 1983 1423 2032 honoris
1470 1983 1702 2031 meritum
1748 1983 1929 2032 summi

232 2056 480 2105 dedecoris
532 2057 651 2119 fuit,
704 2058 757 2105 in
808 2074 907 2120 quo
957 2059 1007 2106 et
1052 2058 1253 2106 dantem
1308 2061 1358 2106 et
1407 2057 1730 2120 accipientem
1778 2059 1928 2120 poeta

231 2130 420 2193 pariter
457 2133 602 2179 notat
640 2133 805 2180 dicens
842 2133 976 2181 hunc
1006 2133 1258 2193 honorem,
1288 2133 1382 2181 hoc
1412 2134 1487 2180 est
1519 2132 1644 2180 veris
1678 2130 1771 2179 diis
1812 2147 1925 2180 con-

231 2206 523 2266 venientem,
547 2205 638 2266 illi,
661 2206 924 2268 inpudicae
950 2206 1137 2255 scilicet
1160 2209 1210 2254 et
1240 2208 1382 2254 tanto
1415 2206 1641 2255 dedecori
1673 2205 1926 2266 obnoxiae,

231 2296 317 2326 rex
357 2279 569 2328 aetheris
609 2281 762 2341 altus,
806 2281 939 2342 apud
978 2297 1124 2343 quem
1161 2281 1393 2329 honestas
1433 2281 1592 2328 omnis
1632 2281 1682 2327 et
1720 2280 1925 2328 castitas

234 2369 338 2402 esse
382 2353 640 2414 debuerat,
690 2355 866 2416 utpote
915 2356 1002 2416 qui
1048 2357 1177 2403 esset
1222 2355 1346 2403 caeli
1393 2356 1555 2402 rector
1601 2356 1651 2402 et
1696 2353 1926 2414 siderum,

232 2443 322 2490 pro
361 2427 582 2476 mercede
620 2428 800 2475 inliciti
839 2428 999 2491 stupri
1046 2431 1095 2476 et
1132 2428 1408 2492 flagitiosae
1446 2428 1666 2476 libidinis
1704 2427 1925 2490 praemio

234 2501 450 2550 sacravit
489 2504 539 2550 et
578 2502 724 2550 dedit.
778 2502 900 2550 haec
939 2502 1234 2550 obtrectatio
1267 2518 1323 2550 eo
1362 2503 1598 2564 pertinet,
1636 2503 1694 2549 ut
1728 2501 1925 2549 Turnus

234 2592 292 2623 ex
331 2591 497 2624 sorore
535 2575 629 2623 tali
665 2576 913 2624 maculam
944 2576 1110 2637 potius
1142 2577 1347 2625 haberet
1379 2593 1530 2638 quam
1568 2577 1787 2638 aliquam
1820 2574 1923 2638 dig-

234 2649 457 2698 nitatem.
507 2651 734 2711 nympha,
767 2650 910 2698 decus
940 2651 1214 2707 fluviorum,
1248 2652 1411 2699 animo
1438 2650 1723 2711 qratissima
1747 2653 1924 2705 nostre,

356 2781 381 2819 3
427 2777 610 2820 dicatur
647 2775 689 2819 V
728 2789 841 2820 corr.
879 2775 949 2820 ed.
1081 2782 1105 2819 6
1154 2782 1194 2821 et
1239 2790 1327 2820 om.
1364 2776 1434 2820 ed.
1557 2780 1583 2819 8
1628 2776 1796 2820 sororis
1839 2789 1923 2830 pro

235 2836 414 2879 sonoris
435 2835 489 2878 V.
527 2835 531 2893 Ι
567 2840 759 2879 ceterum
783 2834 824 2878 V
854 2840 1023 2879 certum
1055 2836 1126 2879 ed.
1230 2840 1285 2879 10
1317 2836 1549 2880 describsit
1570 2833 1612 2876 V
1640 2835 1822 2889 scripsit
1852 2835 1923 2877 ed.

239 2899 292 2936 13
325 2908 417 2938 ‘non
447 2896 623 2951 staynis
645 2894 687 2936 V
711 2894 781 2937 ed.
814 2908 908 2938 ‘non
938 2894 993 2938 de
1022 2899 1106 2938 st?
1154 2894 1158 2951 1
1204 2900 1287 2939 aut
1309 2894 1351 2938 V
1382 2899 1425 2939 et
1455 2894 1526 2938 ed.
1557 2893 1754 2937 fortasse
1784 2896 1923 2936 recte.

240 2957 292 2995 16
333 2958 516 2998 ‘mortem
552 2953 593 2996 V
630 2967 741 2997 corr.
780 2953 850 2997 ed.
974 2956 1029 2996 20
1073 2954 1189 2998 altos
1222 2953 1276 2997 V.
1407 2958 1462 2997 26
1503 2954 1585 2997 hoe
1622 2957 1685 2997 est
1727 2965 1814 2995 om.
1852 2952 1923 2996 ed.

1957 961 2000 993 1⁰

1958 1330 2000 1363 15

1958 1701 2001 1733 20

1959 2069 2000 2102 25

1957 2440 2000 2472 30
