2050 3226
226 143 330 195 126
697 139 930 184 DONATI
959 139 1241 184 INTERPR.
1266 139 1446 184 VERG.

221 280 324 330 vim
370 281 609 328 currentis
656 279 873 328 fluminis
919 281 1080 328 maior
1125 281 1330 328 conatus
1382 279 1545 328 fuerat
1590 282 1912 343 necessarius,

220 355 280 402 ut
315 355 550 403 resistens
587 353 640 401 in
681 354 943 403 adversum
982 354 1258 401 contrarius
1290 354 1510 403 fluminis
1543 370 1714 404 cursus
1745 358 1914 418 posset

222 429 458 491 superari.
514 429 672 476 socios
709 428 915 476 instruit
955 428 1119 489 armis,
1160 429 1249 476 aut
1288 427 1437 477 armis
1475 430 1681 478 navium
1717 429 1811 476 hoc
1842 431 1917 477 est

221 503 344 552 velis
385 505 474 551 aut
513 503 664 550 armis
702 502 979 563 hominum,
1021 501 1141 563 quia
1180 503 1408 563 suspecto
1447 504 1668 566 tempore
1705 502 1916 552 inermes

220 593 322 626 non
362 577 633 625 debuerant
669 577 756 638 ire,
796 576 881 625 sed
919 575 1096 623 melius
1137 578 1213 624 est
1251 577 1432 624 sentire
1474 593 1611 625 arma
1642 577 1916 638 hominum,
1971 590 1990 623 ⁵

223 651 461 714 quoniam
500 666 652 713 supra
691 650 817 698 dixit
853 650 1162 713 remigioque
1202 652 1366 713 aptat3
1412 652 1465 697 in
1504 651 1915 713 consequentibus

223 727 391 773 autem
437 724 702 788 probatum
733 726 809 772 est
847 724 968 786 quid
1007 725 1075 772 sit
1121 724 1277 772 socios
1318 725 1468 772 simul
1505 725 1713 773 instruit
1752 725 1917 774 armis.

155 826 159 829 -
223 798 406 862 quippe
447 815 505 847 ex
543 799 662 848 navi
699 814 989 860 responsum
1020 801 1096 846 est
1124 797 1347 846 Pallanti
1379 792 1537 866 (117)
1571 799 1914 863 „Troiugenas

223 889 280 921 ac
317 874 420 921 tela
465 872 603 922 vides
648 874 852 921 inimica
889 870 1136 920 Latinis“.
1213 872 1371 921 socios
1420 873 1604 920 idcirco
1651 874 1800 922 armis
1838 873 1914 921 in-

223 947 426 1008 struxit,
467 963 566 995 non
604 948 662 994 ut
699 947 905 1008 faceret,
945 947 1031 994 sed
1068 949 1127 994 ut
1166 946 1434 1009 depelleret
1472 947 1776 996 violentiam.
1950 960 1993 992 10

339 1021 466 1069 Ecce
513 1024 674 1069 autem
718 1023 932 1069 subitum
979 1024 1120 1079 atque
1165 1021 1316 1068 oculis
1361 1021 1586 1068 ‘mirabile
1624 1025 1919 1069 monstrum:

222 1094 459 1156 subitum,
496 1094 677 1158 inquit,
716 1097 766 1143 et
795 1095 1046 1156 mirabile3
1077 1097 1279 1156 repente
1313 1095 1499 1157 quippe
1531 1097 1811 1143 occurrerat
1840 1110 1917 1143 res

221 1185 352 1217 nova
403 1171 454 1217 et
502 1171 651 1217 antea
700 1185 800 1217 non
845 1169 954 1218 visa
999 1184 1089 1216 nec
1128 1171 1324 1231 postea:
1365 1168 1500 1231 quod
1539 1185 1656 1233 ergo
1697 1168 1919 1217 subitum

221 1243 320 1291 fuit
357 1244 625 1291 commovit
655 1244 955 1304 intuentem,
998 1242 1132 1304 quod
1171 1243 1447 1291 subiectum
1485 1245 1560 1291 est
1605 1243 1760 1292 oculis
1799 1243 1919 1291 fecit

223 1317 605 1366 admirationem
667 1318 832 1365 animi.
931 1319 1210 1365 monstrum
1263 1317 1446 1365 dicitur
1507 1317 1639 1379 quod
1699 1317 1919 1365 exoritur
1949 1329 1992 1363 15

222 1394 395 1440 contra
418 1391 665 1439 rationem
687 1394 920 1453 naturae,
949 1391 1132 1440 idcirco
1159 1392 1345 1452 existit,
1375 1393 1436 1439 ut
1466 1391 1693 1439 futurum
1724 1390 1919 1454 aliquid

220 1467 477 1515 monstret.
529 1465 788 1529 subiungit
820 1466 967 1528 quale
998 1468 1292 1527 monstrum,
1323 1467 1381 1513 ut
1409 1465 1639 1513 mirabile
1672 1465 1916 1514 ostendat.

222 1540 436 1587 candida
466 1553 560 1600 per
597 1541 773 1587 silvam
805 1555 911 1587 cum
942 1541 1045 1599 fetu
1077 1540 1292 1587 concolor
1324 1540 1432 1587 albo
1460 1541 1719 1599 procubuit
1747 1540 1916 1587 viridi-

222 1628 311 1673 que
341 1615 396 1661 in
428 1614 563 1661 litore
593 1615 885 1674 conspicitur
908 1629 1017 1661 sus:
1047 1614 1238 1662 factum
1261 1615 1336 1662 est
1360 1613 1494 1675 quod
1517 1614 1745 1661 futurum
1775 1630 1916 1676 prae-

223 1687 412 1736 dixerat
449 1687 684 1749 Thybris:
731 1688 958 1735 facienda
1004 1690 1146 1735 erant
1190 1688 1407 1749 reliqua,
1454 1689 1692 1749 quoniam
1737 1687 1918 1736 somnii
1949 1702 1990 1733 20

221 1761 406 1810 veritas
452 1763 556 1809 iam
602 1762 768 1810 fuerat
805 1763 857 1809 in
906 1762 1157 1824 aliquibus
1205 1761 1523 1824 conprobata.
1611 1777 1759 1820 quam
1794 1762 1917 1821 pius

147 1844 204 1884 85
222 1834 417 1883 Aeneas
457 1837 543 1883 tibi
582 1837 729 1892 enim,
771 1837 878 1892 tibi,
918 1837 1139 1884 maxima
1176 1836 1322 1893 Iuno,
1361 1839 1542 1884 mactat
1579 1850 1725 1884 sacra
1754 1837 1916 1895 ferens

223 1913 265 1957 et
303 1924 412 1957 cum
446 1923 587 1970 yreye
625 1911 752 1957 sistit
789 1910 855 1957 ad
894 1925 1059 1958 aram:
1096 1910 1233 1972 pius,
1263 1910 1450 1972 inquit,
1481 1909 1675 1958 Aeneas
1706 1911 1915 1957 mactat:

222 1999 334 2031 cum
371 1982 624 2031 mactandi
662 1984 880 2031 officium
920 1984 1267 2032 crudelitatem
1297 1983 1464 2047 potius
1497 2000 1647 2047 quam
1679 1984 1916 2046 pietatem

222 2057 481 2121 significet,
519 2073 618 2105 non
656 2057 730 2106 ita
767 2058 909 2120 pium
949 2059 1075 2106 dixit
1114 2058 1260 2121 quasi
1295 2058 1678 2119 misericordem,
1710 2057 1795 2106 sed
1825 2073 1914 2119 pro
1947 2070 1988 2102 25

221 2133 330 2180 1000
379 2131 654 2194 supplicem
700 2133 894 2179 numini
941 2135 990 2180 et
1034 2133 1326 2197 religiosum
1371 2132 1752 2193 sacrificantem3
1798 2147 1915 2178 nam

222 2207 274 2253 et
302 2206 356 2253 in
387 2205 547 2267 primo
580 2205 705 2253 libro
739 2206 877 2268 pium
909 2206 1048 2267 dixit,
1079 2210 1138 2254 ut
1171 2207 1374 2255 deorum
1405 2207 1644 2254 cultorem
1668 2205 1915 2253 adsereret

222 2281 274 2328 et
309 2279 453 2326 illum
491 2280 759 2327 miraretur
798 2279 913 2328 deos
954 2280 1112 2328 omnis
1146 2281 1378 2329 adversos
1410 2280 1642 2328 habuisse
1674 2282 1724 2327 et
1753 2279 1914 2341 ipsam

220 2353 475 2401 Iunonem.
524 2353 735 2415 denique
777 2355 846 2401 sic
885 2354 1054 2416 posuit
1088 2348 1262 2421 (1,8):
1302 2355 1496 2416 „Musa‚
1526 2351 1702 2413 mihi‚“
1733 2353 1912 2415 inquit,

224 2443 433 2489 „causas
472 2443 712 2487 memora,
760 2443 859 2490 quo
899 2431 1098 2476 numine
1136 2430 1270 2477 laeso
1312 2428 1492 2490 quidve
1535 2428 1703 2475 dolens
1728 2427 1914 2490 ,regina
1946 2439 1988 2471 30

223 2501 369 2549 deum
406 2502 484 2550 tot
522 2502 718 2550 volvere
759 2517 901 2550 casus
931 2503 1179 2566 insignem
1217 2503 1405 2565 pietate
1443 2502 1623 2562 virum,
1661 2502 1740 2549 tot
1779 2500 1914 2548 adire

222 2575 416 2623 labores
454 2575 673 2637 inpuleri
701 2574 740 2622 .“
817 2592 965 2637 quam
1016 2577 1128 2639 pius
1179 2577 1372 2624 Aeneas
1423 2578 1632 2623 mactat:
1679 2576 1913 2637 putamus

223 2666 334 2696 eum
371 2650 587 2698 tacuisse
628 2650 686 2696 de
726 2650 932 2710 fetibus,
981 2651 1099 2711 quia
1147 2650 1272 2698 dixit
1312 2665 1463 2712 quam
1499 2651 1690 2698 mactat
1728 2651 1777 2696 et
1815 2664 1913 2696 non

223 2723 350 2771 dixit
399 2738 524 2785 quos
573 2725 774 2772 mactat.
863 2726 1027 2785 pot-est
1076 2727 1301 2772 constare
1347 2723 1406 2771 de
1446 2723 1671 2771 omnibus
1712 2723 1913 2783 dictum,

224 2894 514 2938 admiserunt
544 2894 673 2938 HOU
705 2894 775 2938 ed.
879 2898 903 2937 9
937 2908 991 2938 ac
1022 2896 1112 2939 tela
1134 2895 1176 2938 V
1209 2900 1251 2939 et
1278 2899 1310 2939 t.
1343 2893 1413 2937 ed.
1511 2898 1565 2937 17
1595 2893 1847 2938 mirabilem
1871 2891 1914 2934 V

224 2967 336 2996 corr.
372 2954 441 2997 ed.
566 2958 621 2998 18
653 2954 876 2998 cumcolor
899 2953 953 2996 V.
1078 2958 1132 2997 32
1163 2954 1388 3009 inpuleret
1412 2952 1465 2995 V.
