<?xml version="1.0" encoding="UTF-8"?>
<!DOCTYPE html PUBLIC "-//W3C//DTD XHTML 1.0 Transitional//EN"
    "http://www.w3.org/TR/xhtml1/DTD/xhtml1-transitional.dtd">
<html xmlns="http://www.w3.org/1999/xhtml" xml:lang="en" lang="en">
 <head>
  <title>
</title>
<meta http-equiv="Content-Type" content="text/html;charset=utf-8" />
  <meta name='ocr-system' content='tesseract 3.04.00' />
  <meta name='ocr-capabilities' content='ocr_page ocr_carea ocr_par ocr_line ocrx_word'/>
</head>
<body>
  <div class='ocr_page' id='page_1' title='image "./interpretationes02donauoft_0323.png"; bbox 0 0 2050 3226; ppageno 0'>
   <div class='ocr_carea' id='block_1_1' title="bbox 0 0 1836 351">
    <p class='ocr_par' dir='ltr' id='par_1_1' title="bbox 0 0 1836 351">
     <span class='ocr_line' id='line_1_1' title="bbox 0 0 1836 351; baseline -0.001 -131"><span class='ocrx_word' id='word_1_1' title='bbox 0 0 45 351; x_wconf 54' lang='grc' dir='ltr'>Ι</span> <span class='ocrx_word' id='word_1_2' title='bbox 802 175 1106 220; x_wconf 77' lang='lat' dir='ltr'>AENEIDos</span> <span class='ocrx_word' id='word_1_3' title='bbox 1137 175 1178 218; x_wconf 83' lang='lat' dir='ltr'><strong>x</strong></span> <span class='ocrx_word' id='word_1_4' title='bbox 1729 179 1836 234; x_wconf 87' lang='lat'>319</span> 
     </span>
    </p>
   </div>
   <div class='ocr_carea' id='block_1_2' title="bbox 12 308 1950 2528">
    <p class='ocr_par' dir='ltr' id='par_1_2' title="bbox 146 308 1840 599">
     <span class='ocr_line' id='line_1_2' title="bbox 149 308 1839 380; baseline -0.001 -15"><span class='ocrx_word' id='word_1_5' title='bbox 149 308 341 380; x_wconf 88' lang='lat' dir='ltr'>aliquid</span> <span class='ocrx_word' id='word_1_6' title='bbox 379 315 563 365; x_wconf 86' lang='lat' dir='ltr'>diceret</span> <span class='ocrx_word' id='word_1_7' title='bbox 602 316 661 363; x_wconf 91' lang='lat' dir='ltr'>de</span> <span class='ocrx_word' id='word_1_8' title='bbox 698 317 866 378; x_wconf 90' lang='lat' dir='ltr'>patria</span> <span class='ocrx_word' id='word_1_9' title='bbox 905 331 1009 365; x_wconf 92' lang='lat' dir='ltr'>sua.</span> <span class='ocrx_word' id='word_1_10' title='bbox 1063 315 1274 364; x_wconf 88' lang='lat' dir='ltr'>Mantua</span> <span class='ocrx_word' id='word_1_11' title='bbox 1305 315 1440 364; x_wconf 88' lang='lat' dir='ltr'>dives</span> <span class='ocrx_word' id='word_1_12' title='bbox 1474 315 1602 364; x_wconf 85' lang='lat' dir='ltr'>avis:</span> <span class='ocrx_word' id='word_1_13' title='bbox 1639 317 1732 366; x_wconf 91' lang='lat' dir='ltr'>hoc</span> <span class='ocrx_word' id='word_1_14' title='bbox 1765 319 1839 366; x_wconf 91' lang='lat' dir='ltr'>est</span> 
     </span>
     <span class='ocr_line' id='line_1_3' title="bbox 147 389 1838 455; baseline 0 -16"><span class='ocrx_word' id='word_1_15' title='bbox 147 391 397 455; x_wconf 82' lang='lat' dir='ltr'>generosis</span> <span class='ocrx_word' id='word_1_16' title='bbox 437 392 487 438; x_wconf 91' lang='lat' dir='ltr'>et</span> <span class='ocrx_word' id='word_1_17' title='bbox 524 389 807 452; x_wconf 81' lang='lat' dir='ltr'>praecipuis</span> <span class='ocrx_word' id='word_1_18' title='bbox 847 389 1116 439; x_wconf 86' lang='lat' dir='ltr'>maioribus</span> <span class='ocrx_word' id='word_1_19' title='bbox 1155 390 1301 438; x_wconf 85' lang='lat' dir='ltr'>fulta.</span> <span class='ocrx_word' id='word_1_20' title='bbox 1366 391 1491 453; x_wconf 90' lang='lat' dir='ltr'>ipsis</span> <span class='ocrx_word' id='word_1_21' title='bbox 1530 393 1699 438; x_wconf 89' lang='lat' dir='ltr'>tamen</span> <span class='ocrx_word' id='word_1_22' title='bbox 1732 393 1838 439; x_wconf 82' lang='lat' dir='ltr'>avis</span> 
     </span>
     <span class='ocr_line' id='line_1_4' title="bbox 146 463 1837 528; baseline 0.001 -16"><span class='ocrx_word' id='word_1_23' title='bbox 146 481 246 513; x_wconf 94' lang='lat' dir='ltr'>non</span> <span class='ocrx_word' id='word_1_24' title='bbox 283 481 441 512; x_wconf 90' lang='lat' dir='ltr'>unum</span> <span class='ocrx_word' id='word_1_25' title='bbox 479 479 634 528; x_wconf 89' lang='lat' dir='ltr'>genus</span> <span class='ocrx_word' id='word_1_26' title='bbox 675 464 903 512; x_wconf 91' lang='lat' dir='ltr'>omnibus</span> <span class='ocrx_word' id='word_1_27' title='bbox 944 464 1057 526; x_wconf 85' lang='lat' dir='ltr'>fuit,</span> <span class='ocrx_word' id='word_1_28' title='bbox 1097 463 1183 512; x_wconf 86' lang='lat' dir='ltr'>sed</span> <span class='ocrx_word' id='word_1_29' title='bbox 1215 481 1274 512; x_wconf 87' lang='lat' dir='ltr'>ex</span> <span class='ocrx_word' id='word_1_30' title='bbox 1305 463 1514 512; x_wconf 85' lang='lat' dir='ltr'>diversis</span> <span class='ocrx_word' id='word_1_31' title='bbox 1563 465 1837 528; x_wconf 82' lang='lat' dir='ltr'>originibus</span> 
     </span>
     <span class='ocr_line' id='line_1_5' title="bbox 148 538 1840 599; baseline -0.001 -12"><span class='ocrx_word' id='word_1_32' title='bbox 148 539 438 588; x_wconf 78' lang='lat' dir='ltr'>adunatum,</span> <span class='ocrx_word' id='word_1_33' title='bbox 521 552 641 599; x_wconf 72' lang='lat' dir='ltr'>qens</span> <span class='ocrx_word' id='word_1_34' title='bbox 689 538 765 585; x_wconf 73' lang='lat' dir='ltr'><em>illi</em></span> <span class='ocrx_word' id='word_1_35' title='bbox 814 538 1007 598; x_wconf 76' lang='lat' dir='ltr'>triplex,</span> <span class='ocrx_word' id='word_1_36' title='bbox 1051 538 1226 599; x_wconf 77' lang='lat' dir='ltr'>populi</span> <span class='ocrx_word' id='word_1_37' title='bbox 1274 539 1365 586; x_wconf 80' lang='lat' dir='ltr'>sub</span> <span class='ocrx_word' id='word_1_38' title='bbox 1411 541 1548 599; x_wconf 75' lang='lat' dir='ltr'>yente</span> <span class='ocrx_word' id='word_1_39' title='bbox 1594 540 1840 599; x_wconf 74' lang='lat' dir='ltr'>quaterni:</span> 
     </span>
    </p>

    <p class='ocr_par' dir='ltr' id='par_1_3' title="bbox 94 611 1843 898">
     <span class='ocr_line' id='line_1_6' title="bbox 94 611 1841 676; baseline 0.002 -18"><span class='ocrx_word' id='word_1_40' title='bbox 94 625 115 658; x_wconf 80' lang='lat'><strong>5</strong></span> <span class='ocrx_word' id='word_1_41' title='bbox 147 613 239 662; x_wconf 91' lang='lat' dir='ltr'>sub</span> <span class='ocrx_word' id='word_1_42' title='bbox 277 612 436 661; x_wconf 87' lang='lat' dir='ltr'>tribus</span> <span class='ocrx_word' id='word_1_43' title='bbox 477 611 707 676; x_wconf 89' lang='lat' dir='ltr'>gentibus</span> <span class='ocrx_word' id='word_1_44' title='bbox 746 613 923 675; x_wconf 92' lang='lat' dir='ltr'>populi</span> <span class='ocrx_word' id='word_1_45' title='bbox 961 612 1191 674; x_wconf 74' lang='lat' dir='ltr'>quaterni</span> <span class='ocrx_word' id='word_1_46' title='bbox 1229 612 1430 660; x_wconf 83' lang='lat' dir='ltr'>fuerant</span> <span class='ocrx_word' id='word_1_47' title='bbox 1466 613 1559 660; x_wconf 91' lang='lat' dir='ltr'>hoc</span> <span class='ocrx_word' id='word_1_48' title='bbox 1606 614 1681 660; x_wconf 88' lang='lat' dir='ltr'>est</span> <span class='ocrx_word' id='word_1_49' title='bbox 1721 613 1841 661; x_wconf 92' lang='lat' dir='ltr'>duo-</span> 
     </span>
     <span class='ocr_line' id='line_1_7' title="bbox 148 686 1842 749; baseline -0.001 -14"><span class='ocrx_word' id='word_1_50' title='bbox 148 688 317 735; x_wconf 82' lang='lat' dir='ltr'>decim.</span> <span class='ocrx_word' id='word_1_51' title='bbox 385 687 499 746; x_wconf 79' lang='lat' dir='ltr'>ipsa</span> <span class='ocrx_word' id='word_1_52' title='bbox 537 689 683 746; x_wconf 78' lang='lat' dir='ltr'>caput</span> <span class='ocrx_word' id='word_1_53' title='bbox 712 687 932 747; x_wconf 54' lang='lat' dir='ltr'>populi&amp;</span> <span class='ocrx_word' id='word_1_54' title='bbox 975 688 1130 735; x_wconf 84' lang='lat' dir='ltr'>Tusco</span> <span class='ocrx_word' id='word_1_55' title='bbox 1169 687 1228 734; x_wconf 84' lang='lat' dir='ltr'>de</span> <span class='ocrx_word' id='word_1_56' title='bbox 1265 687 1505 747; x_wconf 67' lang='lat' dir='ltr'>sanquine</span> <span class='ocrx_word' id='word_1_57' title='bbox 1541 687 1694 735; x_wconf 80' lang='lat' dir='ltr'>vires:</span> <span class='ocrx_word' id='word_1_58' title='bbox 1730 686 1842 749; x_wconf 88' lang='lat' dir='ltr'>ipsa</span> 
     </span>
     <span class='ocr_line' id='line_1_8' title="bbox 147 760 1843 823; baseline -0.001 -14"><span class='ocrx_word' id='word_1_59' title='bbox 147 760 323 810; x_wconf 85' lang='lat' dir='ltr'>civitas</span> <span class='ocrx_word' id='word_1_60' title='bbox 362 762 532 809; x_wconf 91' lang='lat' dir='ltr'>tamen</span> <span class='ocrx_word' id='word_1_61' title='bbox 571 760 797 809; x_wconf 88' lang='lat' dir='ltr'>omnibus</span> <span class='ocrx_word' id='word_1_62' title='bbox 838 761 1005 809; x_wconf 87' lang='lat' dir='ltr'>fuerat</span> <span class='ocrx_word' id='word_1_63' title='bbox 1044 763 1209 823; x_wconf 88' lang='lat' dir='ltr'>caput.</span> <span class='ocrx_word' id='word_1_64' title='bbox 1285 761 1398 808; x_wconf 79' lang='lat' dir='ltr'>hinc</span> <span class='ocrx_word' id='word_1_65' title='bbox 1435 775 1638 822; x_wconf 78' lang='lat' dir='ltr'>quoque,</span> <span class='ocrx_word' id='word_1_66' title='bbox 1678 760 1728 808; x_wconf 91' lang='lat' dir='ltr'>id</span> <span class='ocrx_word' id='word_1_67' title='bbox 1768 763 1843 809; x_wconf 89' lang='lat' dir='ltr'>est</span> 
     </span>
     <span class='ocr_line' id='line_1_9' title="bbox 146 834 1843 898; baseline 0 -16"><span class='ocrx_word' id='word_1_68' title='bbox 146 835 353 883; x_wconf 79' lang='lat' dir='ltr'>Mantua</span> <span class='ocrx_word' id='word_1_69' title='bbox 393 836 542 898; x_wconf 90' lang='lat' dir='ltr'>atque</span> <span class='ocrx_word' id='word_1_70' title='bbox 581 851 639 882; x_wconf 82' lang='lat' dir='ltr'>ex</span> <span class='ocrx_word' id='word_1_71' title='bbox 678 834 782 883; x_wconf 89' lang='lat' dir='ltr'>eius</span> <span class='ocrx_word' id='word_1_72' title='bbox 822 834 1044 897; x_wconf 86' lang='lat' dir='ltr'>populis,</span> <span class='ocrx_word' id='word_1_73' title='bbox 1084 836 1364 896; x_wconf 75' lang='lat' dir='ltr'>quinyentos</span> <span class='ocrx_word' id='word_1_74' title='bbox 1401 835 1454 882; x_wconf 81' lang='lat' dir='ltr'>in</span> <span class='ocrx_word' id='word_1_75' title='bbox 1491 849 1542 883; x_wconf 82' lang='lat' dir='ltr'>se</span> <span class='ocrx_word' id='word_1_76' title='bbox 1571 835 1843 884; x_wconf 68' lang='lat' dir='ltr'>Mezentius</span> 
     </span>
    </p>

    <p class='ocr_par' dir='ltr' id='par_1_4' title="bbox 12 907 1950 2528">
     <span class='ocr_line' id='line_1_10' title="bbox 16 907 1933 972; baseline 0.001 -16"><span class='ocrx_word' id='word_1_77' title='bbox 16 966 21 971; x_wconf 35' lang='lat'>‚</span> <span class='ocrx_word' id='word_1_78' title='bbox 147 913 331 957; x_wconf 87' lang='lat' dir='ltr'>armat:</span> <span class='ocrx_word' id='word_1_79' title='bbox 367 908 421 956; x_wconf 88' lang='lat' dir='ltr'>in</span> <span class='ocrx_word' id='word_1_80' title='bbox 460 924 533 970; x_wconf 84' lang='lat' dir='ltr'>se,</span> <span class='ocrx_word' id='word_1_81' title='bbox 573 909 834 958; x_wconf 87' lang='lat' dir='ltr'>adversum</span> <span class='ocrx_word' id='word_1_82' title='bbox 882 924 932 957; x_wconf 87' lang='lat' dir='ltr'>se</span> <span class='ocrx_word' id='word_1_83' title='bbox 980 911 1142 958; x_wconf 90' lang='lat' dir='ltr'>armat</span> <span class='ocrx_word' id='word_1_84' title='bbox 1179 909 1474 971; x_wconf 77' lang='lat' dir='ltr'>Mezentius,</span> <span class='ocrx_word' id='word_1_85' title='bbox 1518 909 1728 972; x_wconf 87' lang='lat' dir='ltr'>pulchra</span> <span class='ocrx_word' id='word_1_86' title='bbox 1772 910 1842 958; x_wconf 90' lang='lat' dir='ltr'>lo·</span> <span class='ocrx_word' id='word_1_87' title='bbox 1920 907 1933 918; x_wconf 74' lang='lat'><em>⁶</em></span> 
     </span>
     <span class='ocr_line' id='line_1_11' title="bbox 12 983 1844 1080; baseline 0.001 -51"><span class='ocrx_word' id='word_1_88' title='bbox 12 988 31 1080; x_wconf 48' lang='grc' dir='ltr'><em>ᾗ</em></span> <span class='ocrx_word' id='word_1_89' title='bbox 73 995 116 1029; x_wconf 81' lang='lat'>1⁰</span> <span class='ocrx_word' id='word_1_90' title='bbox 148 983 306 1046; x_wconf 82' lang='lat' dir='ltr'>cuti03</span> <span class='ocrx_word' id='word_1_91' title='bbox 355 983 410 1031; x_wconf 89' lang='lat' dir='ltr'>hi</span> <span class='ocrx_word' id='word_1_92' title='bbox 459 984 592 1031; x_wconf 88' lang='lat' dir='ltr'>enim</span> <span class='ocrx_word' id='word_1_93' title='bbox 641 986 700 1032; x_wconf 93' lang='lat' dir='ltr'>ut</span> <span class='ocrx_word' id='word_1_94' title='bbox 751 984 988 1032; x_wconf 86' lang='lat' dir='ltr'>adversus</span> <span class='ocrx_word' id='word_1_95' title='bbox 1027 983 1326 1032; x_wconf 76' lang='lat' dir='ltr'>Mezentium</span> <span class='ocrx_word' id='word_1_96' title='bbox 1377 984 1560 1032; x_wconf 92' lang='lat' dir='ltr'>armati</span> <span class='ocrx_word' id='word_1_97' title='bbox 1604 983 1844 1032; x_wconf 75' lang='lat' dir='ltr'>vaderent</span> 
     </span>
     <span class='ocr_line' id='line_1_12' title="bbox 27 1057 1843 1122; baseline 0.001 -17"><span class='ocrx_word' id='word_1_98' title='bbox 27 1059 30 1062; x_wconf 75' lang='grc'>’</span> <span class='ocrx_word' id='word_1_99' title='bbox 146 1057 252 1120; x_wconf 89' lang='lat' dir='ltr'>ipse</span> <span class='ocrx_word' id='word_1_100' title='bbox 306 1057 594 1120; x_wconf 72' lang='lat' dir='ltr'>perfecerat.</span> <span class='ocrx_word' id='word_1_101' title='bbox 693 1057 965 1120; x_wconf 90' lang='lat' dir='ltr'>plurimum</span> <span class='ocrx_word' id='word_1_102' title='bbox 1018 1058 1099 1106; x_wconf 90' lang='lat' dir='ltr'>hic</span> <span class='ocrx_word' id='word_1_103' title='bbox 1152 1057 1248 1106; x_wconf 91' lang='lat' dir='ltr'>sibi</span> <span class='ocrx_word' id='word_1_104' title='bbox 1301 1057 1556 1122; x_wconf 90' lang='lat' dir='ltr'>Vergilius</span> <span class='ocrx_word' id='word_1_105' title='bbox 1610 1057 1843 1120; x_wconf 74' lang='lat' dir='ltr'>adplicat,</span> 
     </span>
     <span class='ocr_line' id='line_1_13' title="bbox 12 1080 1842 1196; baseline 0.001 -17"><span class='ocrx_word' id='word_1_106' title='bbox 12 1080 25 1187; x_wconf 45' lang='lat' dir='ltr'>i</span> <span class='ocrx_word' id='word_1_107' title='bbox 149 1131 280 1193; x_wconf 89' lang='lat' dir='ltr'>quod</span> <span class='ocrx_word' id='word_1_108' title='bbox 318 1132 542 1180; x_wconf 90' lang='lat' dir='ltr'>Romano</span> <span class='ocrx_word' id='word_1_109' title='bbox 583 1131 781 1180; x_wconf 90' lang='lat' dir='ltr'>ductori</span> <span class='ocrx_word' id='word_1_110' title='bbox 811 1133 964 1180; x_wconf 89' lang='lat' dir='ltr'>etiam</span> <span class='ocrx_word' id='word_1_111' title='bbox 995 1132 1202 1180; x_wconf 86' lang='lat' dir='ltr'>Mantua</span> <span class='ocrx_word' id='word_1_112' title='bbox 1235 1131 1476 1179; x_wconf 86' lang='lat' dir='ltr'>auxilium</span> <span class='ocrx_word' id='word_1_113' title='bbox 1508 1133 1842 1196; x_wconf 73' lang='lat' dir='ltr'>praerogavit.</span> 
     </span>
     <span class='ocr_line' id='line_1_14' title="bbox 148 1206 1947 1266; baseline 0.001 -13"><span class='ocrx_word' id='word_1_114' title='bbox 148 1220 265 1266; x_wconf 73' lang='lat' dir='ltr'>quos</span> <span class='ocrx_word' id='word_1_115' title='bbox 295 1210 441 1265; x_wconf 77' lang='lat' dir='ltr'>patre</span> <span class='ocrx_word' id='word_1_116' title='bbox 486 1206 683 1254; x_wconf 79' lang='lat' dir='ltr'>Benaco</span> <span class='ocrx_word' id='word_1_117' title='bbox 729 1206 917 1254; x_wconf 81' lang='lat' dir='ltr'>velatus</span> <span class='ocrx_word' id='word_1_118' title='bbox 962 1206 1240 1254; x_wconf 77' lang='lat' dir='ltr'>harundine</span> <span class='ocrx_word' id='word_1_119' title='bbox 1281 1206 1459 1266; x_wconf 75' lang='lat' dir='ltr'>yla-uca</span> <span class='ocrx_word' id='word_1_120' title='bbox 1498 1207 1721 1254; x_wconf 79' lang='lat' dir='ltr'>Mincius</span> <span class='ocrx_word' id='word_1_121' title='bbox 1769 1207 1845 1253; x_wconf 79' lang='lat' dir='ltr'>in·</span> <span class='ocrx_word' id='word_1_122' title='bbox 1860 1215 1947 1255; x_wconf 84' lang='lat'>205</span> 
     </span>
     <span class='ocr_line' id='line_1_15' title="bbox 147 1279 1844 1343; baseline 0.001 -16"><span class='ocrx_word' id='word_1_123' title='bbox 147 1282 274 1339; x_wconf 80' lang='lat' dir='ltr'>festa</span> <span class='ocrx_word' id='word_1_124' title='bbox 312 1281 517 1328; x_wconf 83' lang='lat' dir='ltr'>ducebat</span> <span class='ocrx_word' id='word_1_125' title='bbox 551 1281 606 1327; x_wconf 78' lang='lat' dir='ltr'>in</span> <span class='ocrx_word' id='word_1_126' title='bbox 645 1294 858 1340; x_wconf 75' lang='lat' dir='ltr'>aequora</span> <span class='ocrx_word' id='word_1_127' title='bbox 889 1281 1041 1340; x_wconf 75' lang='lat' dir='ltr'>pinu:</span> <span class='ocrx_word' id='word_1_128' title='bbox 1081 1295 1205 1343; x_wconf 89' lang='lat' dir='ltr'>quos</span> <span class='ocrx_word' id='word_1_129' title='bbox 1246 1279 1562 1343; x_wconf 50' lang='lat' dir='ltr'>quingentos*</span> <span class='ocrx_word' id='word_1_130' title='bbox 1584 1281 1702 1329; x_wconf 88' lang='lat' dir='ltr'>navi</span> <span class='ocrx_word' id='word_1_131' title='bbox 1732 1295 1844 1343; x_wconf 93' lang='lat' dir='ltr'>por-</span> 
     </span>
     <span class='ocr_line' id='line_1_16' title="bbox 30 1353 1845 1421; baseline 0.001 -21"><span class='ocrx_word' id='word_1_132' title='bbox 30 1359 116 1421; x_wconf 46' lang='lat'>71¹⁶</span> <span class='ocrx_word' id='word_1_133' title='bbox 149 1354 291 1402; x_wconf 88' lang='lat' dir='ltr'>tabat</span> <span class='ocrx_word' id='word_1_134' title='bbox 313 1353 525 1402; x_wconf 91' lang='lat' dir='ltr'>Mincius</span> <span class='ocrx_word' id='word_1_135' title='bbox 556 1355 703 1402; x_wconf 92' lang='lat' dir='ltr'>natus</span> <span class='ocrx_word' id='word_1_136' title='bbox 735 1370 794 1402; x_wconf 83' lang='lat' dir='ltr'>ex</span> <span class='ocrx_word' id='word_1_137' title='bbox 817 1354 1035 1415; x_wconf 78' lang='lat' dir='ltr'>Benaco,</span> <span class='ocrx_word' id='word_1_138' title='bbox 1066 1354 1252 1403; x_wconf 90' lang='lat' dir='ltr'>habens</span> <span class='ocrx_word' id='word_1_139' title='bbox 1284 1354 1645 1403; x_wconf 89' lang='lat' dir='ltr'>harundinibus</span> <span class='ocrx_word' id='word_1_140' title='bbox 1677 1355 1845 1403; x_wconf 81' lang='lat' dir='ltr'>velata</span> 
     </span>
     <span class='ocr_line' id='line_1_17' title="bbox 22 1428 1845 1493; baseline 0 -17"><span class='ocrx_word' id='word_1_141' title='bbox 22 1428 49 1490; x_wconf 55' lang='grc' dir='ltr'>’,ᾖ</span> <span class='ocrx_word' id='word_1_142' title='bbox 147 1434 374 1490; x_wconf 88' lang='lat' dir='ltr'>tempora</span> <span class='ocrx_word' id='word_1_143' title='bbox 413 1444 470 1476; x_wconf 93' lang='lat' dir='ltr'>eo</span> <span class='ocrx_word' id='word_1_144' title='bbox 509 1444 645 1477; x_wconf 90' lang='lat' dir='ltr'>more</span> <span class='ocrx_word' id='word_1_145' title='bbox 685 1444 782 1490; x_wconf 90' lang='lat' dir='ltr'>quo</span> <span class='ocrx_word' id='word_1_146' title='bbox 821 1429 1102 1493; x_wconf 88' lang='lat' dir='ltr'>pinguntur</span> <span class='ocrx_word' id='word_1_147' title='bbox 1146 1428 1367 1476; x_wconf 80' lang='lat' dir='ltr'>flumina.</span> <span class='ocrx_word' id='word_1_148' title='bbox 1443 1429 1483 1476; x_wconf 81' lang='lat' dir='ltr'>it</span> <span class='ocrx_word' id='word_1_149' title='bbox 1522 1429 1693 1490; x_wconf 75' lang='lat' dir='ltr'>yravis</span> <span class='ocrx_word' id='word_1_150' title='bbox 1739 1428 1845 1476; x_wconf 93' lang='lat' dir='ltr'>Au-</span> 
     </span>
     <span class='ocr_line' id='line_1_18' title="bbox 20 1501 1846 1564; baseline 0.001 -15"><span class='ocrx_word' id='word_1_151' title='bbox 20 1501 33 1516; x_wconf 50' lang='lat'><em>*</em></span> <span class='ocrx_word' id='word_1_152' title='bbox 149 1502 285 1550; x_wconf 74' lang='lat' dir='ltr'>testes</span> <span class='ocrx_word' id='word_1_153' title='bbox 339 1506 627 1563; x_wconf 74' lang='lat' dir='ltr'>centenaque</span> <span class='ocrx_word' id='word_1_154' title='bbox 681 1504 853 1551; x_wconf 88' lang='lat' dir='ltr'>arbore</span> <span class='ocrx_word' id='word_1_155' title='bbox 906 1504 1082 1561; x_wconf 77' lang='lat' dir='ltr'>fluctus</span> <span class='ocrx_word' id='word_1_156' title='bbox 1119 1504 1345 1551; x_wconf 83' lang='lat' dir='ltr'>verberat</span> <span class='ocrx_word' id='word_1_157' title='bbox 1388 1503 1679 1564; x_wconf 66' lang='lat' dir='ltr'>adsumens,</span> <span class='ocrx_word' id='word_1_158' title='bbox 1731 1517 1846 1563; x_wconf 78' lang='lat' dir='ltr'>spu-</span> 
     </span>
     <span class='ocr_line' id='line_1_19' title="bbox 145 1575 1846 1640; baseline 0.001 -17"><span class='ocrx_word' id='word_1_159' title='bbox 145 1580 284 1624; x_wconf 87' lang='lat' dir='ltr'>mant</span> <span class='ocrx_word' id='word_1_160' title='bbox 319 1577 452 1624; x_wconf 79' lang='lat' dir='ltr'>vada</span> <span class='ocrx_word' id='word_1_161' title='bbox 488 1575 731 1625; x_wconf 85' lang='lat' dir='ltr'>marmore</span> <span class='ocrx_word' id='word_1_162' title='bbox 768 1591 930 1625; x_wconf 80' lang='lat' dir='ltr'>verso:</span> <span class='ocrx_word' id='word_1_163' title='bbox 968 1593 1069 1624; x_wconf 93' lang='lat' dir='ltr'>non</span> <span class='ocrx_word' id='word_1_164' title='bbox 1106 1577 1213 1639; x_wconf 87' lang='lat' dir='ltr'>ipse</span> <span class='ocrx_word' id='word_1_165' title='bbox 1254 1576 1485 1625; x_wconf 88' lang='lat' dir='ltr'>Aulestes</span> <span class='ocrx_word' id='word_1_166' title='bbox 1524 1577 1714 1640; x_wconf 84' lang='lat' dir='ltr'>graviS‚</span> <span class='ocrx_word' id='word_1_167' title='bbox 1761 1577 1846 1625; x_wconf 91' lang='lat' dir='ltr'>sed</span> 
     </span>
     <span class='ocr_line' id='line_1_20' title="bbox 146 1650 1846 1714; baseline 0.001 -16"><span class='ocrx_word' id='word_1_168' title='bbox 146 1652 288 1699; x_wconf 90' lang='lat' dir='ltr'>navis</span> <span class='ocrx_word' id='word_1_169' title='bbox 328 1650 381 1699; x_wconf 90' lang='lat' dir='ltr'>in</span> <span class='ocrx_word' id='word_1_170' title='bbox 421 1666 522 1713; x_wconf 91' lang='lat' dir='ltr'>qua</span> <span class='ocrx_word' id='word_1_171' title='bbox 560 1651 726 1699; x_wconf 85' lang='lat' dir='ltr'>fuerat</span> <span class='ocrx_word' id='word_1_172' title='bbox 764 1652 887 1699; x_wconf 89' lang='lat' dir='ltr'>satis</span> <span class='ocrx_word' id='word_1_173' title='bbox 928 1651 1228 1714; x_wconf 82' lang='lat' dir='ltr'>ponderosa3</span> <span class='ocrx_word' id='word_1_174' title='bbox 1268 1650 1482 1714; x_wconf 89' lang='lat' dir='ltr'>denique</span> <span class='ocrx_word' id='word_1_175' title='bbox 1516 1654 1714 1699; x_wconf 90' lang='lat' dir='ltr'>centum</span> <span class='ocrx_word' id='word_1_176' title='bbox 1746 1667 1846 1699; x_wconf 94' lang='lat' dir='ltr'>non</span> 
     </span>
     <span class='ocr_line' id='line_1_21' title="bbox 74 1725 1847 1789; baseline 0.001 -18"><span class='ocrx_word' id='word_1_177' title='bbox 74 1736 119 1770; x_wconf 62' lang='grc' dir='ltr'>πο</span> <span class='ocrx_word' id='word_1_178' title='bbox 146 1725 248 1772; x_wconf 91' lang='lat' dir='ltr'>iam</span> <span class='ocrx_word' id='word_1_179' title='bbox 285 1726 457 1786; x_wconf 79' lang='lat' dir='ltr'>remis,</span> <span class='ocrx_word' id='word_1_180' title='bbox 497 1725 583 1773; x_wconf 90' lang='lat' dir='ltr'>sed</span> <span class='ocrx_word' id='word_1_181' title='bbox 621 1725 880 1774; x_wconf 88' lang='lat' dir='ltr'>arboribus</span> <span class='ocrx_word' id='word_1_182' title='bbox 921 1725 1178 1789; x_wconf 86' lang='lat' dir='ltr'>agebatur.</span> <span class='ocrx_word' id='word_1_183' title='bbox 1255 1727 1419 1774; x_wconf 91' lang='lat' dir='ltr'>cetera</span> <span class='ocrx_word' id='word_1_184' title='bbox 1465 1725 1847 1788; x_wconf 88' lang='lat' dir='ltr'>descriptionem</span> 
     </span>
     <span class='ocr_line' id='line_1_22' title="bbox 23 1799 1845 1863; baseline 0.001 -18"><span class='ocrx_word' id='word_1_185' title='bbox 23 1799 29 1811; x_wconf 70' lang='lat'><strong>⁴</strong></span> <span class='ocrx_word' id='word_1_186' title='bbox 147 1800 317 1846; x_wconf 90' lang='lat' dir='ltr'>tenent</span> <span class='ocrx_word' id='word_1_187' title='bbox 365 1799 535 1863; x_wconf 87' lang='lat' dir='ltr'>pelagi</span> <span class='ocrx_word' id='word_1_188' title='bbox 583 1815 695 1848; x_wconf 91' lang='lat' dir='ltr'>cum</span> <span class='ocrx_word' id='word_1_189' title='bbox 743 1799 1058 1848; x_wconf 87' lang='lat' dir='ltr'>verberatum</span> <span class='ocrx_word' id='word_1_190' title='bbox 1102 1815 1350 1848; x_wconf 90' lang='lat' dir='ltr'>remorum</span> <span class='ocrx_word' id='word_1_191' title='bbox 1398 1799 1579 1848; x_wconf 91' lang='lat' dir='ltr'>ictibus</span> <span class='ocrx_word' id='word_1_192' title='bbox 1633 1802 1845 1863; x_wconf 90' lang='lat' dir='ltr'>spumat.</span> 
     </span>
     <span class='ocr_line' id='line_1_23' title="bbox 148 1873 1845 1938; baseline 0.002 -19"><span class='ocrx_word' id='word_1_193' title='bbox 148 1873 276 1920; x_wconf 78' lang='lat' dir='ltr'>hunc</span> <span class='ocrx_word' id='word_1_194' title='bbox 312 1874 438 1921; x_wconf 82' lang='lat' dir='ltr'>vehit</span> <span class='ocrx_word' id='word_1_195' title='bbox 473 1875 692 1922; x_wconf 78' lang='lat' dir='ltr'>inmanis</span> <span class='ocrx_word' id='word_1_196' title='bbox 733 1874 927 1922; x_wconf 75' lang='lat' dir='ltr'>Triton:</span> <span class='ocrx_word' id='word_1_197' title='bbox 965 1875 1153 1923; x_wconf 90' lang='lat' dir='ltr'>formae</span> <span class='ocrx_word' id='word_1_198' title='bbox 1203 1876 1469 1936; x_wconf 85' lang='lat' dir='ltr'>maximae,</span> <span class='ocrx_word' id='word_1_199' title='bbox 1516 1890 1606 1936; x_wconf 92' lang='lat' dir='ltr'>pro</span> <span class='ocrx_word' id='word_1_200' title='bbox 1652 1876 1845 1938; x_wconf 87' lang='lat' dir='ltr'>magni-</span> 
     </span>
     <span class='ocr_line' id='line_1_24' title="bbox 149 1946 1950 2016; baseline 0.002 -23"><span class='ocrx_word' id='word_1_201' title='bbox 149 1946 322 1995; x_wconf 89' lang='lat' dir='ltr'>tudine</span> <span class='ocrx_word' id='word_1_202' title='bbox 360 1947 519 2010; x_wconf 90' lang='lat' dir='ltr'>ipsius</span> <span class='ocrx_word' id='word_1_203' title='bbox 558 1948 700 2016; x_wconf 86' lang='lat' dir='ltr'>navis</span> <span class='ocrx_word' id='word_1_204' title='bbox 740 1949 997 1997; x_wconf 86' lang='lat' dir='ltr'>formatus.</span> <span class='ocrx_word' id='word_1_205' title='bbox 1068 1952 1111 1997; x_wconf 89' lang='lat' dir='ltr'>et</span> <span class='ocrx_word' id='word_1_206' title='bbox 1149 1949 1348 1996; x_wconf 84' lang='lat' dir='ltr'>caerula</span> <span class='ocrx_word' id='word_1_207' title='bbox 1386 1949 1566 1997; x_wconf 77' lang='lat' dir='ltr'>concha</span> <span class='ocrx_word' id='word_1_208' title='bbox 1604 1951 1846 1996; x_wconf 74' lang='lat' dir='ltr'>eaeterrens</span> <span class='ocrx_word' id='word_1_209' title='bbox 1863 1957 1950 1997; x_wconf 88' lang='grc'>210</span> 
     </span>
     <span class='ocr_line' id='line_1_25' title="bbox 148 2021 1847 2084; baseline 0.001 -16"><span class='ocrx_word' id='word_1_210' title='bbox 148 2022 300 2080; x_wconf 82' lang='lat' dir='ltr'>freta:</span> <span class='ocrx_word' id='word_1_211' title='bbox 339 2021 641 2070; x_wconf 87' lang='lat' dir='ltr'>constitutus</span> <span class='ocrx_word' id='word_1_212' title='bbox 680 2022 734 2070; x_wconf 91' lang='lat' dir='ltr'>in</span> <span class='ocrx_word' id='word_1_213' title='bbox 773 2023 982 2084; x_wconf 79' lang='lat' dir='ltr'>concha,</span> <span class='ocrx_word' id='word_1_214' title='bbox 1022 2025 1271 2071; x_wconf 86' lang='lat' dir='ltr'>exterrens</span> <span class='ocrx_word' id='word_1_215' title='bbox 1310 2023 1440 2071; x_wconf 87' lang='lat' dir='ltr'>freta</span> <span class='ocrx_word' id='word_1_216' title='bbox 1479 2023 1692 2071; x_wconf 87' lang='lat' dir='ltr'>caerula.</span> <span class='ocrx_word' id='word_1_217' title='bbox 1770 2023 1847 2071; x_wconf 84' lang='lat' dir='ltr'>eui</span> 
     </span>
     <span class='ocr_line' id='line_1_26' title="bbox 77 2095 1847 2158; baseline 0.001 -17"><span class='ocrx_word' id='word_1_218' title='bbox 77 2105 119 2139; x_wconf 73' lang='lat'>2⁵</span> <span class='ocrx_word' id='word_1_219' title='bbox 152 2095 357 2143; x_wconf 85' lang='lat' dir='ltr'>laterum</span> <span class='ocrx_word' id='word_1_220' title='bbox 406 2099 545 2143; x_wconf 83' lang='lat' dir='ltr'>tenus</span> <span class='ocrx_word' id='word_1_221' title='bbox 593 2096 790 2157; x_wconf 74' lang='lat' dir='ltr'>hispida</span> <span class='ocrx_word' id='word_1_222' title='bbox 838 2098 981 2145; x_wconf 79' lang='lat' dir='ltr'>nanti</span> <span class='ocrx_word' id='word_1_223' title='bbox 1029 2099 1170 2158; x_wconf 80' lang='lat' dir='ltr'>frons</span> <span class='ocrx_word' id='word_1_224' title='bbox 1218 2097 1459 2145; x_wconf 77' lang='lat' dir='ltr'>hominem</span> <span class='ocrx_word' id='word_1_225' title='bbox 1501 2099 1742 2157; x_wconf 74' lang='lat' dir='ltr'>praefert,</span> <span class='ocrx_word' id='word_1_226' title='bbox 1793 2097 1847 2144; x_wconf 79' lang='lat' dir='ltr'>in</span> 
     </span>
     <span class='ocr_line' id='line_1_27' title="bbox 144 2169 1848 2232; baseline 0 -15"><span class='ocrx_word' id='word_1_227' title='bbox 144 2170 342 2229; x_wconf 72' lang='lat' dir='ltr'>pristim</span> <span class='ocrx_word' id='word_1_228' title='bbox 391 2169 568 2217; x_wconf 79' lang='lat' dir='ltr'>desinit</span> <span class='ocrx_word' id='word_1_229' title='bbox 613 2171 775 2227; x_wconf 75' lang='lat' dir='ltr'>alvuS,</span> <span class='ocrx_word' id='word_1_230' title='bbox 828 2185 1030 2232; x_wconf 82' lang='lat' dir='ltr'>spumea</span> <span class='ocrx_word' id='word_1_231' title='bbox 1079 2172 1304 2231; x_wconf 79' lang='lat' dir='ltr'>semifero</span> <span class='ocrx_word' id='word_1_232' title='bbox 1354 2172 1444 2219; x_wconf 83' lang='lat' dir='ltr'>sub</span> <span class='ocrx_word' id='word_1_233' title='bbox 1485 2174 1678 2230; x_wconf 76' lang='lat' dir='ltr'>pectore</span> <span class='ocrx_word' id='word_1_234' title='bbox 1715 2186 1848 2218; x_wconf 89' lang='lat' dir='ltr'>mur-</span> 
     </span>
     <span class='ocr_line' id='line_1_28' title="bbox 149 2244 1846 2308; baseline 0.001 -18"><span class='ocrx_word' id='word_1_235' title='bbox 149 2247 315 2291; x_wconf 82' lang='lat' dir='ltr'>murat</span> <span class='ocrx_word' id='word_1_236' title='bbox 349 2244 513 2292; x_wconf 85' lang='lat' dir='ltr'>unda:</span> <span class='ocrx_word' id='word_1_237' title='bbox 549 2259 709 2307; x_wconf 89' lang='lat' dir='ltr'>usque</span> <span class='ocrx_word' id='word_1_238' title='bbox 749 2245 813 2292; x_wconf 93' lang='lat' dir='ltr'>ad</span> <span class='ocrx_word' id='word_1_239' title='bbox 850 2245 1009 2293; x_wconf 91' lang='lat' dir='ltr'>latera</span> <span class='ocrx_word' id='word_1_240' title='bbox 1046 2245 1359 2308; x_wconf 86' lang='lat' dir='ltr'>praeferebat</span> <span class='ocrx_word' id='word_1_241' title='bbox 1388 2246 1598 2294; x_wconf 89' lang='lat' dir='ltr'>humani</span> <span class='ocrx_word' id='word_1_242' title='bbox 1629 2246 1846 2308; x_wconf 87' lang='lat' dir='ltr'>corporis</span> 
     </span>
     <span class='ocr_line' id='line_1_29' title="bbox 150 2317 1847 2382; baseline 0.001 -18"><span class='ocrx_word' id='word_1_243' title='bbox 150 2317 383 2379; x_wconf 84' lang='lat' dir='ltr'>formam,</span> <span class='ocrx_word' id='word_1_244' title='bbox 421 2317 671 2380; x_wconf 90' lang='lat' dir='ltr'>hispidam</span> <span class='ocrx_word' id='word_1_245' title='bbox 708 2320 875 2367; x_wconf 92' lang='lat' dir='ltr'>tamen</span> <span class='ocrx_word' id='word_1_246' title='bbox 921 2319 1014 2367; x_wconf 90' lang='lat' dir='ltr'>hoc</span> <span class='ocrx_word' id='word_1_247' title='bbox 1053 2321 1129 2368; x_wconf 85' lang='lat' dir='ltr'>est</span> <span class='ocrx_word' id='word_1_248' title='bbox 1175 2335 1415 2382; x_wconf 89' lang='lat' dir='ltr'>asperam.</span> <span class='ocrx_word' id='word_1_249' title='bbox 1492 2319 1686 2381; x_wconf 88' lang='lat' dir='ltr'>reliqua</span> <span class='ocrx_word' id='word_1_250' title='bbox 1732 2334 1847 2381; x_wconf 90' lang='lat' dir='ltr'>pars</span> 
     </span>
     <span class='ocr_line' id='line_1_30' title="bbox 41 2391 1847 2456; baseline 0.001 -18"><span class='ocrx_word' id='word_1_251' title='bbox 41 2442 46 2450; x_wconf 63' lang='grc'><strong>,</strong></span> <span class='ocrx_word' id='word_1_252' title='bbox 152 2391 256 2440; x_wconf 90' lang='lat' dir='ltr'>eius</span> <span class='ocrx_word' id='word_1_253' title='bbox 279 2392 333 2439; x_wconf 89' lang='lat' dir='ltr'>in</span> <span class='ocrx_word' id='word_1_254' title='bbox 355 2391 567 2441; x_wconf 86' lang='lat' dir='ltr'>bestiam</span> <span class='ocrx_word' id='word_1_255' title='bbox 590 2392 835 2441; x_wconf 89' lang='lat' dir='ltr'>marinam</span> <span class='ocrx_word' id='word_1_256' title='bbox 865 2393 1156 2442; x_wconf 89' lang='lat' dir='ltr'>mutabatur</span> <span class='ocrx_word' id='word_1_257' title='bbox 1187 2395 1237 2441; x_wconf 90' lang='lat' dir='ltr'>et</span> <span class='ocrx_word' id='word_1_258' title='bbox 1267 2394 1359 2443; x_wconf 91' lang='lat' dir='ltr'>sub</span> <span class='ocrx_word' id='word_1_259' title='bbox 1391 2394 1618 2443; x_wconf 86' lang='lat' dir='ltr'>semifero</span> <span class='ocrx_word' id='word_1_260' title='bbox 1650 2395 1847 2456; x_wconf 85' lang='lat' dir='ltr'>pectore</span> 
     </span>
     <span class='ocr_line' id='line_1_31' title="bbox 40 2465 1848 2528; baseline -0.002 -11"><span class='ocrx_word' id='word_1_261' title='bbox 40 2475 122 2517; x_wconf 72' lang='lat'>1⁸⁰</span> <span class='ocrx_word' id='word_1_262' title='bbox 151 2465 332 2514; x_wconf 88' lang='lat' dir='ltr'>fluctus</span> <span class='ocrx_word' id='word_1_263' title='bbox 379 2481 612 2528; x_wconf 89' lang='lat' dir='ltr'>spumare</span> <span class='ocrx_word' id='word_1_264' title='bbox 658 2467 971 2515; x_wconf 86' lang='lat' dir='ltr'>videbantur.</span> <span class='ocrx_word' id='word_1_265' title='bbox 1054 2470 1120 2516; x_wconf 81' lang='lat' dir='ltr'>tot</span> <span class='ocrx_word' id='word_1_266' title='bbox 1171 2468 1276 2515; x_wconf 82' lang='lat' dir='ltr'>lecti</span> <span class='ocrx_word' id='word_1_267' title='bbox 1319 2482 1543 2528; x_wconf 77' lang='lat' dir='ltr'>proceres</span> <span class='ocrx_word' id='word_1_268' title='bbox 1593 2471 1663 2514; x_wconf 77' lang='lat' dir='ltr'>ter</span> <span class='ocrx_word' id='word_1_269' title='bbox 1711 2467 1848 2514; x_wconf 81' lang='lat' dir='ltr'>denis</span> 
     </span>
    </p>
   </div>
   <div class='ocr_carea' id='block_1_3' title="bbox 82 2577 1850 3048">
    <p class='ocr_par' dir='ltr' id='par_1_5' title="bbox 154 2577 1850 2931">
     <span class='ocr_line' id='line_1_32' title="bbox 271 2577 1849 2624; baseline 0 -3"><span class='ocrx_word' id='word_1_270' title='bbox 271 2582 297 2621; x_wconf 88' lang='lat'>5</span> <span class='ocrx_word' id='word_1_271' title='bbox 329 2578 412 2622; x_wconf 83' lang='lat' dir='ltr'>sub</span> <span class='ocrx_word' id='word_1_272' title='bbox 440 2578 482 2621; x_wconf 92' lang='lat' dir='ltr'>R</span> <span class='ocrx_word' id='word_1_273' title='bbox 511 2579 590 2623; x_wconf 88' lang='lat' dir='ltr'>sed</span> <span class='ocrx_word' id='word_1_274' title='bbox 612 2577 799 2622; x_wconf 89' lang='lat' dir='ltr'>VHOU</span> <span class='ocrx_word' id='word_1_275' title='bbox 824 2578 895 2623; x_wconf 91' lang='lat' dir='ltr'>ed.</span> <span class='ocrx_word' id='word_1_276' title='bbox 989 2583 1015 2623; x_wconf 82' lang='lat'>6</span> <span class='ocrx_word' id='word_1_277' title='bbox 1045 2580 1160 2624; x_wconf 81' lang='lat' dir='ltr'>viris</span> <span class='ocrx_word' id='word_1_278' title='bbox 1183 2578 1281 2623; x_wconf 92' lang='lat' dir='ltr'>VR.</span> <span class='ocrx_word' id='word_1_279' title='bbox 1375 2584 1399 2623; x_wconf 80' lang='lat'><strong>7</strong></span> <span class='ocrx_word' id='word_1_280' title='bbox 1431 2580 1483 2623; x_wconf 85' lang='lat' dir='ltr'>id</span> <span class='ocrx_word' id='word_1_281' title='bbox 1507 2584 1572 2623; x_wconf 81' lang='lat' dir='ltr'>est</span> <span class='ocrx_word' id='word_1_282' title='bbox 1593 2578 1634 2621; x_wconf 90' lang='lat' dir='ltr'><strong>V</strong></span> <span class='ocrx_word' id='word_1_283' title='bbox 1665 2578 1784 2622; x_wconf 80' lang='lat' dir='ltr'>idem</span> <span class='ocrx_word' id='word_1_284' title='bbox 1808 2577 1849 2620; x_wconf 92' lang='lat' dir='ltr'>R</span> 
     </span>
     <span class='ocr_line' id='line_1_33' title="bbox 154 2636 1850 2697; baseline 0 -17"><span class='ocrx_word' id='word_1_285' title='bbox 154 2636 277 2680; x_wconf 78' lang='lat' dir='ltr'>dicta</span> <span class='ocrx_word' id='word_1_286' title='bbox 307 2642 372 2681; x_wconf 85' lang='lat' dir='ltr'>est</span> <span class='ocrx_word' id='word_1_287' title='bbox 401 2637 473 2680; x_wconf 90' lang='lat' dir='ltr'>ed.</span> <span class='ocrx_word' id='word_1_288' title='bbox 597 2641 623 2681; x_wconf 93' lang='lat'>8</span> <span class='ocrx_word' id='word_1_289' title='bbox 655 2642 788 2693; x_wconf 79' lang='lat' dir='ltr'>atque</span> <span class='ocrx_word' id='word_1_290' title='bbox 820 2651 908 2682; x_wconf 90' lang='lat' dir='ltr'>om.</span> <span class='ocrx_word' id='word_1_291' title='bbox 938 2637 1080 2683; x_wconf 89' lang='lat' dir='ltr'>HOU</span> <span class='ocrx_word' id='word_1_292' title='bbox 1105 2639 1178 2682; x_wconf 90' lang='lat' dir='ltr'>ed.</span> <span class='ocrx_word' id='word_1_293' title='bbox 1229 2638 1234 2697; x_wconf 82' lang='grc'>1</span> <span class='ocrx_word' id='word_1_294' title='bbox 1283 2639 1391 2683; x_wconf 81' lang='lat' dir='ltr'>hinc</span> <span class='ocrx_word' id='word_1_295' title='bbox 1429 2651 1600 2695; x_wconf 78' lang='lat' dir='ltr'>quoque</span> <span class='ocrx_word' id='word_1_296' title='bbox 1639 2636 1850 2681; x_wconf 84' lang='lat' dir='ltr'>lemmati</span> 
     </span>
     <span class='ocr_line' id='line_1_34' title="bbox 154 2694 1844 2754; baseline 0.001 -16"><span class='ocrx_word' id='word_1_297' title='bbox 154 2695 369 2750; x_wconf 81' lang='lat' dir='ltr'>praefixit</span> <span class='ocrx_word' id='word_1_298' title='bbox 393 2696 464 2740; x_wconf 87' lang='lat' dir='ltr'>ed.</span> <span class='ocrx_word' id='word_1_299' title='bbox 557 2700 583 2740; x_wconf 84' lang='lat'>9</span> <span class='ocrx_word' id='word_1_300' title='bbox 617 2698 819 2753; x_wconf 78' lang='lat' dir='ltr'>loquutio</span> <span class='ocrx_word' id='word_1_301' title='bbox 842 2694 898 2741; x_wconf 91' lang='lat' dir='ltr'>V.</span> <span class='ocrx_word' id='word_1_302' title='bbox 993 2703 1046 2742; x_wconf 89' lang='lat'>11</span> <span class='ocrx_word' id='word_1_303' title='bbox 1072 2698 1303 2754; x_wconf 80' lang='lat' dir='ltr'>adpliceat</span> <span class='ocrx_word' id='word_1_304' title='bbox 1324 2698 1378 2741; x_wconf 93' lang='lat' dir='ltr'>R.</span> <span class='ocrx_word' id='word_1_305' title='bbox 1467 2702 1519 2741; x_wconf 87' lang='lat'>12</span> <span class='ocrx_word' id='word_1_306' title='bbox 1551 2698 1733 2741; x_wconf 84' lang='lat' dir='ltr'>romani</span> <span class='ocrx_word' id='word_1_307' title='bbox 1757 2695 1809 2739; x_wconf 93' lang='lat' dir='ltr'>V.</span> <span class='ocrx_word' id='word_1_308' title='bbox 1840 2698 1844 2752; x_wconf 75' lang='grc' dir='ltr'>Ι</span> 
     </span>
     <span class='ocr_line' id='line_1_35' title="bbox 155 2754 1847 2814; baseline 0 -16"><span class='ocrx_word' id='word_1_309' title='bbox 155 2755 384 2799; x_wconf 87' lang='lat' dir='ltr'>Mantuae</span> <span class='ocrx_word' id='word_1_310' title='bbox 423 2755 494 2800; x_wconf 88' lang='lat' dir='ltr'>ed.</span> <span class='ocrx_word' id='word_1_311' title='bbox 543 2755 548 2814; x_wconf 67' lang='grc' dir='ltr'>Ι</span> <span class='ocrx_word' id='word_1_312' title='bbox 592 2757 860 2813; x_wconf 75' lang='lat' dir='ltr'>proroyavit</span> <span class='ocrx_word' id='word_1_313' title='bbox 890 2756 963 2800; x_wconf 87' lang='lat' dir='ltr'>ed.</span> <span class='ocrx_word' id='word_1_314' title='bbox 1087 2761 1141 2800; x_wconf 83' lang='lat'>13</span> <span class='ocrx_word' id='word_1_315' title='bbox 1174 2757 1404 2802; x_wconf 77' lang='lat' dir='ltr'>arundine</span> <span class='ocrx_word' id='word_1_316' title='bbox 1435 2756 1577 2810; x_wconf 87' lang='lat' dir='ltr'>(infra</span> <span class='ocrx_word' id='word_1_317' title='bbox 1607 2756 1724 2811; x_wconf 83' lang='lat' dir='ltr'>har.)</span> <span class='ocrx_word' id='word_1_318' title='bbox 1750 2754 1847 2798; x_wconf 90' lang='lat' dir='ltr'>VR.</span> 
     </span>
     <span class='ocr_line' id='line_1_36' title="bbox 160 2814 1850 2860; baseline 0.002 -4"><span class='ocrx_word' id='word_1_319' title='bbox 160 2818 211 2856; x_wconf 85' lang='lat'>15</span> <span class='ocrx_word' id='word_1_320' title='bbox 243 2815 407 2858; x_wconf 81' lang='lat' dir='ltr'>mieius</span> <span class='ocrx_word' id='word_1_321' title='bbox 431 2820 569 2859; x_wconf 83' lang='lat' dir='ltr'>natus</span> <span class='ocrx_word' id='word_1_322' title='bbox 592 2814 634 2858; x_wconf 88' lang='lat' dir='ltr'><strong>R</strong></span> <span class='ocrx_word' id='word_1_323' title='bbox 663 2817 879 2860; x_wconf 81' lang='lat' dir='ltr'>inimicus</span> <span class='ocrx_word' id='word_1_324' title='bbox 907 2831 953 2860; x_wconf 85' lang='lat' dir='ltr'>n.</span> <span class='ocrx_word' id='word_1_325' title='bbox 979 2814 1033 2860; x_wconf 88' lang='lat' dir='ltr'>V.</span> <span class='ocrx_word' id='word_1_326' title='bbox 1128 2821 1183 2860; x_wconf 88' lang='grc'>16</span> <span class='ocrx_word' id='word_1_327' title='bbox 1215 2818 1383 2860; x_wconf 79' lang='lat' dir='ltr'>auleste</span> <span class='ocrx_word' id='word_1_328' title='bbox 1407 2814 1503 2858; x_wconf 89' lang='lat' dir='ltr'>VR.</span> <span class='ocrx_word' id='word_1_329' title='bbox 1599 2818 1652 2857; x_wconf 92' lang='lat'>18</span> <span class='ocrx_word' id='word_1_330' title='bbox 1682 2815 1850 2859; x_wconf 83' lang='lat' dir='ltr'>vadam</span> 
     </span>
     <span class='ocr_line' id='line_1_37' title="bbox 156 2873 1850 2931; baseline 0.001 -16"><span class='ocrx_word' id='word_1_331' title='bbox 156 2886 281 2917; x_wconf 88' lang='lat' dir='ltr'>armo</span> <span class='ocrx_word' id='word_1_332' title='bbox 311 2887 483 2919; x_wconf 79' lang='lat' dir='ltr'>reverso</span> <span class='ocrx_word' id='word_1_333' title='bbox 505 2873 562 2918; x_wconf 87' lang='lat' dir='ltr'>V.</span> <span class='ocrx_word' id='word_1_334' title='bbox 663 2879 716 2918; x_wconf 84' lang='lat'>21</span> <span class='ocrx_word' id='word_1_335' title='bbox 750 2875 1117 2920; x_wconf 87' lang='lat' dir='ltr'>converberatum</span> <span class='ocrx_word' id='word_1_336' title='bbox 1146 2889 1232 2931; x_wconf 92' lang='lat' dir='ltr'>pro</span> <span class='ocrx_word' id='word_1_337' title='bbox 1264 2889 1365 2919; x_wconf 86' lang='lat' dir='ltr'>cum</span> <span class='ocrx_word' id='word_1_338' title='bbox 1395 2888 1434 2918; x_wconf 88' lang='lat' dir='ltr'>v.</span> <span class='ocrx_word' id='word_1_339' title='bbox 1460 2873 1515 2917; x_wconf 90' lang='lat' dir='ltr'>V.</span> <span class='ocrx_word' id='word_1_340' title='bbox 1553 2875 1556 2930; x_wconf 53' lang='grc' dir='ltr'><strong>ᾗ</strong></span> <span class='ocrx_word' id='word_1_341' title='bbox 1591 2873 1744 2928; x_wconf 82' lang='lat' dir='ltr'>fumat</span> <span class='ocrx_word' id='word_1_342' title='bbox 1765 2873 1850 2917; x_wconf 90' lang='lat' dir='ltr'>VR</span> 
     </span>
    </p>

    <p class='ocr_par' dir='ltr' id='par_1_6' title="bbox 82 2930 1849 3048">
     <span class='ocr_line' id='line_1_38' title="bbox 82 2930 1849 2989; baseline 0.001 -14"><span class='ocrx_word' id='word_1_343' title='bbox 82 2930 105 2975; x_wconf 60' lang='grc' dir='ltr'>ἱ</span> <span class='ocrx_word' id='word_1_344' title='bbox 155 2937 336 2985; x_wconf 72' lang='lat' dir='ltr'>epwmat</span> <span class='ocrx_word' id='word_1_345' title='bbox 359 2933 430 2975; x_wconf 89' lang='lat' dir='ltr'>ed.</span> <span class='ocrx_word' id='word_1_346' title='bbox 524 2937 580 2976; x_wconf 92' lang='grc'>22</span> <span class='ocrx_word' id='word_1_347' title='bbox 603 2934 753 2987; x_wconf 80' lang='lat' dir='ltr'>forma</span> <span class='ocrx_word' id='word_1_348' title='bbox 776 2935 980 2978; x_wconf 74' lang='lat' dir='ltr'>maxima</span> <span class='ocrx_word' id='word_1_349' title='bbox 1005 2933 1077 2978; x_wconf 91' lang='lat' dir='ltr'>ed.</span> <span class='ocrx_word' id='word_1_350' title='bbox 1170 2938 1225 2978; x_wconf 84' lang='lat'>23</span> <span class='ocrx_word' id='word_1_351' title='bbox 1251 2947 1390 2979; x_wconf 84' lang='lat' dir='ltr'>conca</span> <span class='ocrx_word' id='word_1_352' title='bbox 1408 2932 1503 2976; x_wconf 88' lang='lat' dir='ltr'>VR.</span> <span class='ocrx_word' id='word_1_353' title='bbox 1588 2937 1645 2977; x_wconf 88' lang='grc'>26</span> <span class='ocrx_word' id='word_1_354' title='bbox 1668 2933 1849 2989; x_wconf 79' lang='lat' dir='ltr'>spumia</span> 
     </span>
     <span class='ocr_line' id='line_1_39' title="bbox 157 2987 819 3048; baseline 0.006 -17"><span class='ocrx_word' id='word_1_355' title='bbox 157 2987 253 3033; x_wconf 88' lang='lat' dir='ltr'>VR.</span> <span class='ocrx_word' id='word_1_356' title='bbox 375 2995 430 3035; x_wconf 76' lang='grc'>27</span> <span class='ocrx_word' id='word_1_357' title='bbox 456 2992 719 3048; x_wconf 77' lang='lat' dir='ltr'>proferebat</span> <span class='ocrx_word' id='word_1_358' title='bbox 749 2992 819 3036; x_wconf 92' lang='lat' dir='ltr'>ed.</span> 
     </span>
    </p>
   </div>
   <div class='ocr_carea' id='block_1_4' title="bbox 0 757 51 1521">
    <p class='ocr_par' dir='ltr' id='par_1_7' title="bbox 0 757 51 1521">
     <span class='ocr_line' id='line_1_40' title="bbox 0 757 51 1521; baseline 0 0"><span class='ocrx_word' id='word_1_359' title='bbox 0 757 37 1521; x_wconf 95' lang='lat' dir='ltr'>     </span> <span class='ocrx_word' id='word_1_360' title='bbox 49 1455 51 1521; x_wconf 95' lang='lat' dir='ltr'> </span> 
     </span>
    </p>
   </div>
   <div class='ocr_carea' id='block_1_5' title="bbox 160 2544 515 2550">
    <p class='ocr_par' dir='ltr' id='par_1_8' title="bbox 160 2544 515 2550">
     <span class='ocr_line' id='line_1_41' title="bbox 160 2544 515 2550; baseline 0 0"><span class='ocrx_word' id='word_1_361' title='bbox 160 2544 515 2550; x_wconf 95' lang='lat' dir='ltr'> </span> 
     </span>
    </p>
   </div>
  </div>
 </body>
</html>
