<?xml version="1.0" encoding="UTF-8"?>
<!DOCTYPE html PUBLIC "-//W3C//DTD XHTML 1.0 Transitional//EN"
    "http://www.w3.org/TR/xhtml1/DTD/xhtml1-transitional.dtd">
<html xmlns="http://www.w3.org/1999/xhtml" xml:lang="en" lang="en">
 <head>
  <title>
</title>
<meta http-equiv="Content-Type" content="text/html;charset=utf-8" />
  <meta name='ocr-system' content='tesseract 3.04.00' />
  <meta name='ocr-capabilities' content='ocr_page ocr_carea ocr_par ocr_line ocrx_word'/>
</head>
<body>
  <div class='ocr_page' id='page_1' title='image "./interpretationes02donauoft_0264.png"; bbox 0 0 2050 3226; ppageno 0'>
   <div class='ocr_carea' id='block_1_1' title="bbox 257 207 1476 261">
    <p class='ocr_par' dir='ltr' id='par_1_1' title="bbox 257 207 1476 261">
     <span class='ocr_line' id='line_1_1' title="bbox 257 207 1476 261; baseline -0.007 1"><span class='ocrx_word' id='word_1_1' title='bbox 257 209 366 261; x_wconf 79' lang='grc'><strong>260</strong></span> <span class='ocrx_word' id='word_1_2' title='bbox 730 207 961 252; x_wconf 85' lang='lat' dir='ltr'>DONATI</span> <span class='ocrx_word' id='word_1_3' title='bbox 991 207 1271 252; x_wconf 87' lang='lat' dir='ltr'>INTERPR.</span> <span class='ocrx_word' id='word_1_4' title='bbox 1297 207 1476 253; x_wconf 77' lang='lat' dir='ltr'><strong>VERG.</strong></span> 
     </span>
    </p>
   </div>
   <div class='ocr_carea' id='block_1_2' title="bbox 153 346 2050 2704">
    <p class='ocr_par' dir='ltr' id='par_1_2' title="bbox 153 346 2050 2704">
     <span class='ocr_line' id='line_1_2' title="bbox 255 346 1945 411; baseline 0.002 -17"><span class='ocrx_word' id='word_1_5' title='bbox 255 348 472 395; x_wconf 87' lang='lat' dir='ltr'><strong>retinens</strong></span> <span class='ocrx_word' id='word_1_6' title='bbox 530 346 690 395; x_wconf 85' lang='lat' dir='ltr'><strong>breve.</strong></span> <span class='ocrx_word' id='word_1_7' title='bbox 788 347 1060 411; x_wconf 89' lang='lat' dir='ltr'><strong>inglorium</strong></span> <span class='ocrx_word' id='word_1_8' title='bbox 1115 347 1239 395; x_wconf 81' lang='lat' dir='ltr'><strong>dixit</strong></span> <span class='ocrx_word' id='word_1_9' title='bbox 1291 347 1413 396; x_wconf 87' lang='grc'><strong>11300</strong></span> <span class='ocrx_word' id='word_1_10' title='bbox 1472 349 1650 396; x_wconf 86' lang='grc'><strong>11101011</strong></span> <span class='ocrx_word' id='word_1_11' title='bbox 1709 349 1945 410; x_wconf 83' lang='lat' dir='ltr'><strong>potuisse,</strong></span> 
     </span>
     <span class='ocr_line' id='line_1_3' title="bbox 257 420 1946 485; baseline 0.001 -17"><span class='ocrx_word' id='word_1_12' title='bbox 257 421 377 483; x_wconf 87' lang='lat' dir='ltr'><strong>quia</strong></span> <span class='ocrx_word' id='word_1_13' title='bbox 415 436 534 470; x_wconf 89' lang='lat' dir='ltr'><strong>casu</strong></span> <span class='ocrx_word' id='word_1_14' title='bbox 571 420 737 483; x_wconf 89' lang='lat' dir='ltr'><strong>potius</strong></span> <span class='ocrx_word' id='word_1_15' title='bbox 777 423 1002 470; x_wconf 86' lang='lat' dir='ltr'><strong>evaserat</strong></span> <span class='ocrx_word' id='word_1_16' title='bbox 1041 437 1191 483; x_wconf 88' lang='lat' dir='ltr'><strong>quam</strong></span> <span class='ocrx_word' id='word_1_17' title='bbox 1228 420 1411 470; x_wconf 83' lang='lat' dir='ltr'><strong>virtute</strong></span> <span class='ocrx_word' id='word_1_18' title='bbox 1451 423 1670 485; x_wconf 84' lang='lat' dir='ltr'><strong>corporis</strong></span> <span class='ocrx_word' id='word_1_19' title='bbox 1710 423 1798 470; x_wconf 91' lang='lat' dir='ltr'><strong>aut</strong></span> <span class='ocrx_word' id='word_1_20' title='bbox 1835 422 1946 470; x_wconf 91' lang='lat' dir='ltr'><strong>sub-</strong></span> 
     </span>
     <span class='ocr_line' id='line_1_4' title="bbox 256 494 1947 554; baseline 0.001 -11"><span class='ocrx_word' id='word_1_21' title='bbox 256 494 441 543; x_wconf 91' lang='lat' dir='ltr'><strong>tilitate</strong></span> <span class='ocrx_word' id='word_1_22' title='bbox 493 495 700 543; x_wconf 85' lang='lat' dir='ltr'><strong>consilii.</strong></span> <span class='ocrx_word' id='word_1_23' title='bbox 775 495 910 554; x_wconf 76' lang='lat' dir='ltr'><strong>isque</strong></span> <span class='ocrx_word' id='word_1_24' title='bbox 962 496 1047 542; x_wconf 78' lang='lat' dir='ltr'><strong>abi</strong></span> <span class='ocrx_word' id='word_1_25' title='bbox 1101 509 1151 542; x_wconf 82' lang='lat' dir='ltr'><strong>se</strong></span> <span class='ocrx_word' id='word_1_26' title='bbox 1206 496 1365 543; x_wconf 79' lang='lat' dir='ltr'><strong>Turni</strong></span> <span class='ocrx_word' id='word_1_27' title='bbox 1416 496 1579 544; x_wconf 82' lang='lat' dir='ltr'><strong>media</strong></span> <span class='ocrx_word' id='word_1_28' title='bbox 1630 496 1756 544; x_wconf 88' lang='lat' dir='ltr'><strong>inter</strong></span> <span class='ocrx_word' id='word_1_29' title='bbox 1807 497 1947 544; x_wconf 84' lang='lat' dir='ltr'><strong>milia</strong></span> 
     </span>
     <span class='ocr_line' id='line_1_5' title="bbox 153 569 1945 630; baseline 0.001 -14"><span class='ocrx_word' id='word_1_30' title='bbox 153 578 238 616; x_wconf 81' lang='lat'><strong>550</strong></span> <span class='ocrx_word' id='word_1_31' title='bbox 255 569 396 625; x_wconf 81' lang='lat' dir='ltr'><strong>vidit,</strong></span> <span class='ocrx_word' id='word_1_32' title='bbox 427 569 539 616; x_wconf 81' lang='lat' dir='ltr'><strong>hinc</strong></span> <span class='ocrx_word' id='word_1_33' title='bbox 577 570 704 617; x_wconf 78' lang='lat' dir='ltr'><strong>acies</strong></span> <span class='ocrx_word' id='word_1_34' title='bbox 735 571 876 627; x_wconf 77' lang='lat' dir='ltr'><strong>atque</strong></span> <span class='ocrx_word' id='word_1_35' title='bbox 913 569 1025 616; x_wconf 81' lang='lat' dir='ltr'><strong>hinc</strong></span> <span class='ocrx_word' id='word_1_36' title='bbox 1056 569 1183 617; x_wconf 81' lang='lat' dir='ltr'><strong>acies</strong></span> <span class='ocrx_word' id='word_1_37' title='bbox 1222 570 1419 617; x_wconf 81' lang='lat' dir='ltr'><strong>adstare</strong></span> <span class='ocrx_word' id='word_1_38' title='bbox 1456 570 1692 626; x_wconf 71' lang='lat' dir='ltr'><strong>Latinae,</strong></span> <span class='ocrx_word' id='word_1_39' title='bbox 1732 573 1786 617; x_wconf 74' lang='lat' dir='ltr'><strong>itt</strong></span> <span class='ocrx_word' id='word_1_40' title='bbox 1821 571 1945 630; x_wconf 79' lang='lat' dir='ltr'><strong>fera,</strong></span> 
     </span>
     <span class='ocr_line' id='line_1_6' title="bbox 255 643 2050 703; baseline 0 -12"><span class='ocrx_word' id='word_1_41' title='bbox 255 657 378 703; x_wconf 76' lang='lat' dir='ltr'><strong>quae</strong></span> <span class='ocrx_word' id='word_1_42' title='bbox 409 643 562 691; x_wconf 81' lang='lat' dir='ltr'><strong>densa</strong></span> <span class='ocrx_word' id='word_1_43' title='bbox 592 645 854 690; x_wconf 76' lang='lat' dir='ltr'><strong>venantum</strong></span> <span class='ocrx_word' id='word_1_44' title='bbox 892 645 1063 703; x_wconf 75' lang='lat' dir='ltr'><strong>saepta</strong></span> <span class='ocrx_word' id='word_1_45' title='bbox 1103 657 1280 691; x_wconf 90' lang='lat' dir='ltr'><strong>corona</strong></span> <span class='ocrx_word' id='word_1_46' title='bbox 1319 647 1486 692; x_wconf 90' lang='lat' dir='ltr'><strong>contra</strong></span> <span class='ocrx_word' id='word_1_47' title='bbox 1532 644 1626 692; x_wconf 80' lang='lat' dir='ltr'><strong>tela</strong></span> <span class='ocrx_word' id='word_1_48' title='bbox 1663 644 1788 703; x_wconf 78' lang='lat' dir='ltr'><strong>furit</strong></span> <span class='ocrx_word' id='word_1_49' title='bbox 1825 657 1946 691; x_wconf 83' lang='lat' dir='ltr'><strong>sese·</strong></span> <span class='ocrx_word' id='word_1_50' title='bbox 2001 656 2020 691; x_wconf 72' lang='lat'>5</span> <span class='ocrx_word' id='word_1_51' title='bbox 2049 674 2050 677; x_wconf 59' lang='lat'><em>=</em></span> 
     </span>
     <span class='ocr_line' id='line_1_7' title="bbox 256 717 1945 778; baseline 0 -14"><span class='ocrx_word' id='word_1_52' title='bbox 256 732 344 777; x_wconf 75' lang='lat' dir='ltr'><strong>que</strong></span> <span class='ocrx_word' id='word_1_53' title='bbox 381 717 501 764; x_wconf 77' lang='lat' dir='ltr'><strong>liant</strong></span> <span class='ocrx_word' id='word_1_54' title='bbox 537 717 702 764; x_wconf 80' lang='lat' dir='ltr'><strong>nescia</strong></span> <span class='ocrx_word' id='word_1_55' title='bbox 739 717 882 764; x_wconf 79' lang='lat' dir='ltr'><strong>morti</strong></span> <span class='ocrx_word' id='word_1_56' title='bbox 918 717 1056 764; x_wconf 91' lang='lat' dir='ltr'><strong>inicit</strong></span> <span class='ocrx_word' id='word_1_57' title='bbox 1086 720 1129 764; x_wconf 88' lang='lat' dir='ltr'><strong>et</strong></span> <span class='ocrx_word' id='word_1_58' title='bbox 1157 717 1287 765; x_wconf 82' lang='lat' dir='ltr'><strong>saltu</strong></span> <span class='ocrx_word' id='word_1_59' title='bbox 1316 732 1472 778; x_wconf 82' lang='lat' dir='ltr'><strong>snpra</strong></span> <span class='ocrx_word' id='word_1_60' title='bbox 1501 717 1745 766; x_wconf 77' lang='lat' dir='ltr'><strong>venabula</strong></span> <span class='ocrx_word' id='word_1_61' title='bbox 1775 718 1945 777; x_wconf 75' lang='lat' dir='ltr'><strong>fertur,</strong></span> 
     </span>
     <span class='ocr_line' id='line_1_8' title="bbox 153 790 1949 851; baseline 0.001 -14"><span class='ocrx_word' id='word_1_62' title='bbox 153 800 238 838; x_wconf 87' lang='lat'><strong>555</strong></span> <span class='ocrx_word' id='word_1_63' title='bbox 255 791 374 838; x_wconf 79' lang='lat' dir='ltr'><strong>haut</strong></span> <span class='ocrx_word' id='word_1_64' title='bbox 412 791 552 838; x_wconf 84' lang='lat' dir='ltr'><strong>aliter</strong></span> <span class='ocrx_word' id='word_1_65' title='bbox 581 791 771 838; x_wconf 80' lang='lat' dir='ltr'><strong>invenis</strong></span> <span class='ocrx_word' id='word_1_66' title='bbox 801 790 983 838; x_wconf 82' lang='lat' dir='ltr'><strong>medios</strong></span> <span class='ocrx_word' id='word_1_67' title='bbox 1013 791 1279 839; x_wconf 79' lang='lat' dir='ltr'><strong>morituras</strong></span> <span class='ocrx_word' id='word_1_68' title='bbox 1316 792 1371 839; x_wconf 92' lang='lat' dir='ltr'><strong>in</strong></span> <span class='ocrx_word' id='word_1_69' title='bbox 1407 792 1556 839; x_wconf 78' lang='lat' dir='ltr'><strong>hostis</strong></span> <span class='ocrx_word' id='word_1_70' title='bbox 1586 793 1742 839; x_wconf 77' lang='lat' dir='ltr'><strong>inruit</strong></span> <span class='ocrx_word' id='word_1_71' title='bbox 1779 795 1822 840; x_wconf 90' lang='lat' dir='ltr'><strong>et</strong></span> <span class='ocrx_word' id='word_1_72' title='bbox 1851 806 1949 851; x_wconf 78' lang='lat' dir='ltr'><strong>qua</strong></span> 
     </span>
     <span class='ocr_line' id='line_1_9' title="bbox 255 864 1950 928; baseline 0 -16"><span class='ocrx_word' id='word_1_73' title='bbox 255 865 350 912; x_wconf 86' lang='lat' dir='ltr'><strong>tela</strong></span> <span class='ocrx_word' id='word_1_74' title='bbox 394 865 523 912; x_wconf 81' lang='lat' dir='ltr'><strong>videt</strong></span> <span class='ocrx_word' id='word_1_75' title='bbox 566 864 858 912; x_wconf 80' lang='lat' dir='ltr'><strong>densissima</strong></span> <span class='ocrx_word' id='word_1_76' title='bbox 896 865 1068 912; x_wconf 82' lang='lat' dir='ltr'><strong>tendit:</strong></span> <span class='ocrx_word' id='word_1_77' title='bbox 1117 865 1244 913; x_wconf 85' lang='lat' dir='ltr'><strong>nihil</strong></span> <span class='ocrx_word' id='word_1_78' title='bbox 1292 864 1484 927; x_wconf 77' lang='lat' dir='ltr'><strong>profuit</strong></span> <span class='ocrx_word' id='word_1_79' title='bbox 1531 865 1768 914; x_wconf 89' lang='lat' dir='ltr'><strong>Helenori</strong></span> <span class='ocrx_word' id='word_1_80' title='bbox 1813 865 1950 928; x_wconf 91' lang='lat' dir='ltr'><strong>quod</strong></span> 
     </span>
     <span class='ocr_line' id='line_1_10' title="bbox 254 937 1950 1003; baseline 0.001 -17"><span class='ocrx_word' id='word_1_81' title='bbox 254 940 425 986; x_wconf 90' lang='lat' dir='ltr'><strong>ruinas</strong></span> <span class='ocrx_word' id='word_1_82' title='bbox 464 938 618 986; x_wconf 87' lang='lat' dir='ltr'><strong>turris</strong></span> <span class='ocrx_word' id='word_1_83' title='bbox 662 938 841 998; x_wconf 87' lang='lat' dir='ltr'><strong>evasit,</strong></span> <span class='ocrx_word' id='word_1_84' title='bbox 891 937 1024 1001; x_wconf 86' lang='lat' dir='ltr'><strong>quod</strong></span> <span class='ocrx_word' id='word_1_85' title='bbox 1069 954 1170 986; x_wconf 89' lang='lat' dir='ltr'><strong>non</strong></span> <span class='ocrx_word' id='word_1_86' title='bbox 1215 938 1410 988; x_wconf 91' lang='lat' dir='ltr'><strong>interiit</strong></span> <span class='ocrx_word' id='word_1_87' title='bbox 1455 939 1623 1003; x_wconf 88' lang='lat' dir='ltr'><strong>gladio</strong></span> <span class='ocrx_word' id='word_1_88' title='bbox 1673 954 1763 988; x_wconf 90' lang='lat' dir='ltr'><strong>suo</strong></span> <span class='ocrx_word' id='word_1_89' title='bbox 1804 955 1950 1002; x_wconf 90' lang='lat' dir='ltr'><strong>quem</strong></span> 
     </span>
     <span class='ocr_line' id='line_1_11' title="bbox 255 1007 2050 1077; baseline -0.001 -17"><span class='ocrx_word' id='word_1_90' title='bbox 255 1012 457 1061; x_wconf 88' lang='lat' dir='ltr'><strong>tenebat</strong></span> <span class='ocrx_word' id='word_1_91' title='bbox 494 1011 682 1060; x_wconf 90' lang='lat' dir='ltr'><strong>nudum</strong></span> <span class='ocrx_word' id='word_1_92' title='bbox 729 1007 852 1077; x_wconf 89' lang='lat' dir='ltr'><strong>(non</strong></span> <span class='ocrx_word' id='word_1_93' title='bbox 899 1013 1031 1060; x_wconf 89' lang='lat' dir='ltr'><strong>enim</strong></span> <span class='ocrx_word' id='word_1_94' title='bbox 1077 1013 1282 1062; x_wconf 84' lang='lat' dir='ltr'><strong>evadere</strong></span> <span class='ocrx_word' id='word_1_95' title='bbox 1330 1013 1429 1062; x_wconf 85' lang='lat' dir='ltr'><strong>fuit</strong></span> <span class='ocrx_word' id='word_1_96' title='bbox 1465 1013 1605 1061; x_wconf 83' lang='lat' dir='ltr'><strong>milia</strong></span> <span class='ocrx_word' id='word_1_97' title='bbox 1642 1014 1862 1062; x_wconf 89' lang='lat' dir='ltr'><strong>hostium</strong></span> <span class='ocrx_word' id='word_1_98' title='bbox 1901 1015 1951 1061; x_wconf 88' lang='lat' dir='ltr'><strong>et</strong></span> <span class='ocrx_word' id='word_1_99' title='bbox 1981 1026 2050 1065; x_wconf 60' lang='lat'><strong>10}</strong></span> 
     </span>
     <span class='ocr_line' id='line_1_12' title="bbox 255 1080 1948 1150; baseline 0.001 -16"><span class='ocrx_word' id='word_1_100' title='bbox 255 1089 478 1135; x_wconf 86' lang='lat' dir='ltr'><strong>catervas</strong></span> <span class='ocrx_word' id='word_1_101' title='bbox 517 1080 804 1150; x_wconf 82' lang='lat' dir='ltr'><strong>incurrisse)</strong></span> <span class='ocrx_word' id='word_1_102' title='bbox 857 1085 919 1134; x_wconf 88' lang='lat' dir='ltr'><strong>ad</strong></span> <span class='ocrx_word' id='word_1_103' title='bbox 968 1087 1062 1134; x_wconf 89' lang='grc'><strong>1100</strong></span> <span class='ocrx_word' id='word_1_104' title='bbox 1111 1086 1372 1149; x_wconf 80' lang='grc'><strong>1101111013113,</strong></span> <span class='ocrx_word' id='word_1_105' title='bbox 1424 1090 1504 1148; x_wconf 86' lang='grc'><strong>1113,</strong></span> <span class='ocrx_word' id='word_1_106' title='bbox 1554 1088 1704 1136; x_wconf 84' lang='lat' dir='ltr'><strong>turris</strong></span> <span class='ocrx_word' id='word_1_107' title='bbox 1756 1087 1948 1136; x_wconf 80' lang='lat' dir='ltr'><strong>casibus</strong></span> 
     </span>
     <span class='ocr_line' id='line_1_13' title="bbox 255 1160 1948 1225; baseline 0.001 -17"><span class='ocrx_word' id='word_1_108' title='bbox 255 1160 401 1222; x_wconf 85' lang='lat' dir='ltr'><strong>liber,</strong></span> <span class='ocrx_word' id='word_1_109' title='bbox 440 1161 693 1208; x_wconf 85' lang='lat' dir='ltr'><strong>teneretur</strong></span> <span class='ocrx_word' id='word_1_110' title='bbox 729 1160 860 1208; x_wconf 87' lang='lat' dir='ltr'><strong>inter</strong></span> <span class='ocrx_word' id='word_1_111' title='bbox 899 1176 1038 1209; x_wconf 88' lang='lat' dir='ltr'><strong>arma</strong></span> <span class='ocrx_word' id='word_1_112' title='bbox 1077 1162 1319 1224; x_wconf 82' lang='lat' dir='ltr'><strong>captivus.</strong></span> <span class='ocrx_word' id='word_1_113' title='bbox 1395 1161 1438 1210; x_wconf 90' lang='lat' dir='ltr'><strong>is</strong></span> <span class='ocrx_word' id='word_1_114' title='bbox 1476 1161 1634 1225; x_wconf 82' lang='lat' dir='ltr'><strong>igitur</strong></span> <span class='ocrx_word' id='word_1_115' title='bbox 1671 1160 1758 1209; x_wconf 88' lang='lat' dir='ltr'><strong>ubi</strong></span> <span class='ocrx_word' id='word_1_116' title='bbox 1794 1161 1948 1209; x_wconf 85' lang='lat' dir='ltr'><strong>hosti-</strong></span> 
     </span>
     <span class='ocr_line' id='line_1_14' title="bbox 254 1234 1951 1300; baseline 0 -18"><span class='ocrx_word' id='word_1_117' title='bbox 254 1235 345 1283; x_wconf 92' lang='lat' dir='ltr'><strong>bus</strong></span> <span class='ocrx_word' id='word_1_118' title='bbox 392 1250 443 1282; x_wconf 87' lang='lat' dir='ltr'><strong>se</strong></span> <span class='ocrx_word' id='word_1_119' title='bbox 489 1234 848 1283; x_wconf 84' lang='lat' dir='ltr'><strong>circumdatum</strong></span> <span class='ocrx_word' id='word_1_120' title='bbox 897 1235 1187 1298; x_wconf 81' lang='lat' dir='ltr'><strong>nullamque</strong></span> <span class='ocrx_word' id='word_1_121' title='bbox 1237 1243 1375 1298; x_wconf 83' lang='lat' dir='ltr'><strong>spem</strong></span> <span class='ocrx_word' id='word_1_122' title='bbox 1425 1251 1676 1298; x_wconf 85' lang='lat' dir='ltr'><strong>superesse</strong></span> <span class='ocrx_word' id='word_1_123' title='bbox 1725 1235 1951 1300; x_wconf 85' lang='lat' dir='ltr'><strong>fugiendi</strong></span> 
     </span>
     <span class='ocr_line' id='line_1_15' title="bbox 256 1307 2050 1371; baseline 0 -14"><span class='ocrx_word' id='word_1_124' title='bbox 256 1307 531 1371; x_wconf 73' lang='lat' dir='ltr'><strong>conspexit,</strong></span> <span class='ocrx_word' id='word_1_125' title='bbox 583 1309 686 1357; x_wconf 92' lang='lat' dir='ltr'><strong>ruit</strong></span> <span class='ocrx_word' id='word_1_126' title='bbox 739 1309 792 1355; x_wconf 91' lang='lat' dir='ltr'><strong>in</strong></span> <span class='ocrx_word' id='word_1_127' title='bbox 847 1310 1093 1357; x_wconf 84' lang='lat' dir='ltr'><strong>confertos</strong></span> <span class='ocrx_word' id='word_1_128' title='bbox 1148 1309 1304 1359; x_wconf 87' lang='lat' dir='ltr'><strong>hostis</strong></span> <span class='ocrx_word' id='word_1_129' title='bbox 1359 1310 1579 1358; x_wconf 88' lang='lat' dir='ltr'><strong>ferarum</strong></span> <span class='ocrx_word' id='word_1_130' title='bbox 1631 1325 1768 1357; x_wconf 87' lang='lat' dir='ltr'><strong>more</strong></span> <span class='ocrx_word' id='word_1_131' title='bbox 1823 1325 1950 1371; x_wconf 91' lang='lat' dir='ltr'><strong>quae</strong></span> <span class='ocrx_word' id='word_1_132' title='bbox 2049 1348 2050 1351; x_wconf 16' lang='grc' dir='ltr'>η</span> 
     </span>
     <span class='ocr_line' id='line_1_16' title="bbox 255 1382 2050 1449; baseline -0.001 -17"><span class='ocrx_word' id='word_1_133' title='bbox 255 1382 456 1432; x_wconf 85' lang='lat' dir='ltr'><strong>vivendi</strong></span> <span class='ocrx_word' id='word_1_134' title='bbox 494 1382 833 1445; x_wconf 75' lang='lat' dir='ltr'><strong>desperatione</strong></span> <span class='ocrx_word' id='word_1_135' title='bbox 882 1398 931 1431; x_wconf 92' lang='lat' dir='ltr'><strong>se</strong></span> <span class='ocrx_word' id='word_1_136' title='bbox 970 1384 1205 1448; x_wconf 86' lang='lat' dir='ltr'><strong>ingerunt</strong></span> <span class='ocrx_word' id='word_1_137' title='bbox 1251 1384 1381 1432; x_wconf 87' lang='lat' dir='ltr'><strong>ferro</strong></span> <span class='ocrx_word' id='word_1_138' title='bbox 1422 1385 1472 1431; x_wconf 88' lang='lat' dir='ltr'><strong>et</strong></span> <span class='ocrx_word' id='word_1_139' title='bbox 1516 1385 1695 1446; x_wconf 91' lang='lat' dir='ltr'><strong>petunt</strong></span> <span class='ocrx_word' id='word_1_140' title='bbox 1739 1385 1951 1432; x_wconf 90' lang='lat' dir='ltr'><strong>mortem</strong></span> <span class='ocrx_word' id='word_1_141' title='bbox 1982 1390 2050 1449; x_wconf 45' lang='lat'><strong>151}</strong></span> 
     </span>
     <span class='ocr_line' id='line_1_17' title="bbox 257 1457 2050 1520; baseline 0.001 -16"><span class='ocrx_word' id='word_1_142' title='bbox 257 1473 409 1520; x_wconf 85' lang='grc'><strong>11113111</strong></span> <span class='ocrx_word' id='word_1_143' title='bbox 447 1458 607 1505; x_wconf 84' lang='lat' dir='ltr'><strong>vitare</strong></span> <span class='ocrx_word' id='word_1_144' title='bbox 646 1473 746 1505; x_wconf 90' lang='lat' dir='ltr'><strong>non</strong></span> <span class='ocrx_word' id='word_1_145' title='bbox 784 1459 1005 1519; x_wconf 90' lang='lat' dir='ltr'><strong>possunt.</strong></span> <span class='ocrx_word' id='word_1_146' title='bbox 1083 1461 1135 1506; x_wconf 90' lang='lat' dir='ltr'><strong>at</strong></span> <span class='ocrx_word' id='word_1_147' title='bbox 1164 1458 1374 1518; x_wconf 72' lang='lat' dir='ltr'><strong>pedibus</strong></span> <span class='ocrx_word' id='word_1_148' title='bbox 1414 1458 1549 1518; x_wconf 74' lang='lat' dir='ltr'><strong>lonye</strong></span> <span class='ocrx_word' id='word_1_149' title='bbox 1585 1458 1755 1506; x_wconf 79' lang='lat' dir='ltr'><strong>melior</strong></span> <span class='ocrx_word' id='word_1_150' title='bbox 1784 1458 1950 1518; x_wconf 53' lang='lat' dir='ltr'><strong>Imeus</strong></span> <span class='ocrx_word' id='word_1_151' title='bbox 2049 1457 2050 1469; x_wconf 54' lang='lat'>³</span> 
     </span>
     <span class='ocr_line' id='line_1_18' title="bbox 255 1531 1949 1592; baseline 0.001 -14"><span class='ocrx_word' id='word_1_152' title='bbox 255 1533 380 1578; x_wconf 90' lang='lat' dir='ltr'><strong>inter</strong></span> <span class='ocrx_word' id='word_1_153' title='bbox 411 1535 455 1579; x_wconf 90' lang='lat' dir='ltr'><strong>et</strong></span> <span class='ocrx_word' id='word_1_154' title='bbox 483 1531 631 1579; x_wconf 78' lang='lat' dir='ltr'><strong>hostis</strong></span> <span class='ocrx_word' id='word_1_155' title='bbox 661 1532 787 1578; x_wconf 89' lang='lat' dir='ltr'><strong>inter</strong></span> <span class='ocrx_word' id='word_1_156' title='bbox 818 1534 862 1578; x_wconf 88' lang='lat' dir='ltr'><strong>ct</strong></span> <span class='ocrx_word' id='word_1_157' title='bbox 891 1546 1033 1579; x_wconf 82' lang='lat' dir='ltr'><strong>arma</strong></span> <span class='ocrx_word' id='word_1_158' title='bbox 1063 1533 1186 1592; x_wconf 72' lang='lat' dir='ltr'><strong>faya</strong></span> <span class='ocrx_word' id='word_1_159' title='bbox 1216 1547 1382 1580; x_wconf 78' lang='lat' dir='ltr'><strong>maros</strong></span> <span class='ocrx_word' id='word_1_160' title='bbox 1414 1535 1558 1580; x_wconf 87' lang='lat' dir='ltr'><strong>tenet:</strong></span> <span class='ocrx_word' id='word_1_161' title='bbox 1597 1531 1724 1580; x_wconf 85' lang='lat' dir='ltr'><strong>dixit</strong></span> <span class='ocrx_word' id='word_1_162' title='bbox 1747 1547 1949 1579; x_wconf 86' lang='lat' dir='ltr'><strong>causam</strong></span> 
     </span>
     <span class='ocr_line' id='line_1_19' title="bbox 257 1604 1948 1668; baseline 0.001 -16"><span class='ocrx_word' id='word_1_163' title='bbox 257 1621 356 1667; x_wconf 87' lang='lat' dir='ltr'><strong>qua</strong></span> <span class='ocrx_word' id='word_1_164' title='bbox 393 1606 526 1653; x_wconf 89' lang='lat' dir='ltr'><strong>inter</strong></span> <span class='ocrx_word' id='word_1_165' title='bbox 557 1604 712 1653; x_wconf 88' lang='lat' dir='ltr'><strong>hostis</strong></span> <span class='ocrx_word' id='word_1_166' title='bbox 745 1606 795 1652; x_wconf 91' lang='lat' dir='ltr'><strong>et</strong></span> <span class='ocrx_word' id='word_1_167' title='bbox 824 1606 957 1653; x_wconf 90' lang='lat' dir='ltr'><strong>inter</strong></span> <span class='ocrx_word' id='word_1_168' title='bbox 988 1621 1126 1653; x_wconf 85' lang='lat' dir='ltr'><strong>arma</strong></span> <span class='ocrx_word' id='word_1_169' title='bbox 1169 1606 1233 1653; x_wconf 86' lang='lat' dir='ltr'><strong>ad</strong></span> <span class='ocrx_word' id='word_1_170' title='bbox 1270 1621 1437 1654; x_wconf 89' lang='lat' dir='ltr'><strong>muros</strong></span> <span class='ocrx_word' id='word_1_171' title='bbox 1477 1605 1644 1668; x_wconf 88' lang='lat' dir='ltr'><strong>potuit</strong></span> <span class='ocrx_word' id='word_1_172' title='bbox 1681 1606 1948 1668; x_wconf 86' lang='lat' dir='ltr'><strong>pervenire.</strong></span> 
     </span>
     <span class='ocr_line' id='line_1_20' title="bbox 255 1678 1951 1742; baseline -0.001 -15"><span class='ocrx_word' id='word_1_173' title='bbox 255 1678 460 1741; x_wconf 85' lang='lat' dir='ltr'><strong>pedibus</strong></span> <span class='ocrx_word' id='word_1_174' title='bbox 499 1680 697 1740; x_wconf 90' lang='lat' dir='ltr'><strong>melior,</strong></span> <span class='ocrx_word' id='word_1_175' title='bbox 743 1679 929 1742; x_wconf 82' lang='lat' dir='ltr'><strong>inquit,</strong></span> <span class='ocrx_word' id='word_1_176' title='bbox 979 1695 1129 1741; x_wconf 86' lang='lat' dir='ltr'><strong>quam</strong></span> <span class='ocrx_word' id='word_1_177' title='bbox 1177 1680 1395 1728; x_wconf 88' lang='lat' dir='ltr'><strong>Helenor</strong></span> <span class='ocrx_word' id='word_1_178' title='bbox 1432 1682 1482 1728; x_wconf 91' lang='lat' dir='ltr'><strong>et</strong></span> <span class='ocrx_word' id='word_1_179' title='bbox 1518 1679 1596 1728; x_wconf 90' lang='lat' dir='ltr'><strong>his</strong></span> <span class='ocrx_word' id='word_1_180' title='bbox 1644 1679 1846 1728; x_wconf 89' lang='lat' dir='ltr'><strong>adiutus</strong></span> <span class='ocrx_word' id='word_1_181' title='bbox 1887 1680 1951 1727; x_wconf 88' lang='grc'><strong>311</strong></span> 
     </span>
     <span class='ocr_line' id='line_1_21' title="bbox 256 1753 2045 1817; baseline -0.002 -17"><span class='ocrx_word' id='word_1_182' title='bbox 256 1769 424 1801; x_wconf 89' lang='lat' dir='ltr'><strong>muros</strong></span> <span class='ocrx_word' id='word_1_183' title='bbox 462 1753 583 1817; x_wconf 86' lang='lat' dir='ltr'><strong>fuga</strong></span> <span class='ocrx_word' id='word_1_184' title='bbox 621 1753 755 1802; x_wconf 87' lang='lat' dir='ltr'><strong>facta</strong></span> <span class='ocrx_word' id='word_1_185' title='bbox 793 1754 1031 1815; x_wconf 86' lang='lat' dir='ltr'><strong>pervenit.</strong></span> <span class='ocrx_word' id='word_1_186' title='bbox 1110 1754 1303 1813; x_wconf 76' lang='lat' dir='ltr'><strong>altaque</strong></span> <span class='ocrx_word' id='word_1_187' title='bbox 1353 1756 1502 1802; x_wconf 82' lang='lat' dir='ltr'><strong>certat</strong></span> <span class='ocrx_word' id='word_1_188' title='bbox 1544 1754 1782 1814; x_wconf 76' lang='lat' dir='ltr'><strong>prendere</strong></span> <span class='ocrx_word' id='word_1_189' title='bbox 1832 1757 1951 1801; x_wconf 88' lang='lat' dir='ltr'><strong>tecta</strong></span> <span class='ocrx_word' id='word_1_190' title='bbox 1981 1765 2045 1796; x_wconf 80' lang='lat'><strong>20·</strong></span> 
     </span>
     <span class='ocr_line' id='line_1_22' title="bbox 255 1828 1951 1888; baseline 0 -14"><span class='ocrx_word' id='word_1_191' title='bbox 255 1842 409 1875; x_wconf 78' lang='lat' dir='ltr'><strong>mana</strong></span> <span class='ocrx_word' id='word_1_192' title='bbox 446 1828 720 1886; x_wconf 78' lang='lat' dir='ltr'><strong>sociamque</strong></span> <span class='ocrx_word' id='word_1_193' title='bbox 767 1828 998 1888; x_wconf 69' lang='lat' dir='ltr'><strong>attinyere</strong></span> <span class='ocrx_word' id='word_1_194' title='bbox 1045 1828 1265 1876; x_wconf 78' lang='lat' dir='ltr'><strong>dextras:</strong></span> <span class='ocrx_word' id='word_1_195' title='bbox 1318 1828 1405 1875; x_wconf 91' lang='lat' dir='ltr'><strong>ubi</strong></span> <span class='ocrx_word' id='word_1_196' title='bbox 1460 1828 1523 1876; x_wconf 85' lang='lat' dir='ltr'><strong>ad</strong></span> <span class='ocrx_word' id='word_1_197' title='bbox 1577 1843 1744 1876; x_wconf 90' lang='lat' dir='ltr'><strong>muros</strong></span> <span class='ocrx_word' id='word_1_198' title='bbox 1799 1828 1951 1888; x_wconf 84' lang='lat' dir='ltr'><strong>venit,</strong></span> 
     </span>
     <span class='ocr_line' id='line_1_23' title="bbox 259 1900 1949 1964; baseline 0 -15"><span class='ocrx_word' id='word_1_199' title='bbox 259 1902 421 1964; x_wconf 86' lang='lat' dir='ltr'><strong>coepit</strong></span> <span class='ocrx_word' id='word_1_200' title='bbox 451 1900 546 1949; x_wconf 91' lang='lat' dir='ltr'><strong>niti</strong></span> <span class='ocrx_word' id='word_1_201' title='bbox 583 1902 641 1948; x_wconf 89' lang='lat' dir='ltr'><strong>ut</strong></span> <span class='ocrx_word' id='word_1_202' title='bbox 670 1900 906 1950; x_wconf 89' lang='lat' dir='ltr'><strong>retineret</strong></span> <span class='ocrx_word' id='word_1_203' title='bbox 944 1903 1190 1950; x_wconf 86' lang='lat' dir='ltr'><strong>tectorum</strong></span> <span class='ocrx_word' id='word_1_204' title='bbox 1219 1904 1333 1950; x_wconf 88' lang='lat' dir='ltr'><strong>tuta</strong></span> <span class='ocrx_word' id='word_1_205' title='bbox 1366 1904 1455 1951; x_wconf 86' lang='lat' dir='ltr'><strong>aut</strong></span> <span class='ocrx_word' id='word_1_206' title='bbox 1486 1902 1732 1951; x_wconf 88' lang='lat' dir='ltr'><strong>sociorum</strong></span> <span class='ocrx_word' id='word_1_207' title='bbox 1766 1901 1949 1951; x_wconf 84' lang='lat' dir='ltr'><strong>dextris</strong></span> 
     </span>
     <span class='ocr_line' id='line_1_24' title="bbox 258 1975 1951 2036; baseline 0.001 -14"><span class='ocrx_word' id='word_1_208' title='bbox 258 1975 520 2023; x_wconf 85' lang='lat' dir='ltr'><strong>tolleretur</strong></span> <span class='ocrx_word' id='word_1_209' title='bbox 548 1975 602 2022; x_wconf 90' lang='lat' dir='ltr'><strong>in</strong></span> <span class='ocrx_word' id='word_1_210' title='bbox 634 1990 897 2023; x_wconf 86' lang='lat' dir='ltr'><strong>summum.</strong></span> <span class='ocrx_word' id='word_1_211' title='bbox 959 1990 1098 2035; x_wconf 73' lang='lat' dir='ltr'><strong>quein</strong></span> <span class='ocrx_word' id='word_1_212' title='bbox 1131 1977 1331 2024; x_wconf 75' lang='lat' dir='ltr'><strong>Turnus</strong></span> <span class='ocrx_word' id='word_1_213' title='bbox 1353 1977 1547 2036; x_wconf 77' lang='lat' dir='ltr'><strong>pariter</strong></span> <span class='ocrx_word' id='word_1_214' title='bbox 1585 1990 1733 2024; x_wconf 74' lang='lat' dir='ltr'><strong>cursa</strong></span> <span class='ocrx_word' id='word_1_215' title='bbox 1770 1976 1951 2035; x_wconf 76' lang='lat' dir='ltr'><strong>teloque</strong></span> 
     </span>
     <span class='ocr_line' id='line_1_25' title="bbox 257 2048 1952 2111; baseline 0.001 -15"><span class='ocrx_word' id='word_1_216' title='bbox 257 2052 470 2097; x_wconf 77' lang='lat' dir='ltr'><strong>secutas:</strong></span> <span class='ocrx_word' id='word_1_217' title='bbox 522 2064 688 2109; x_wconf 88' lang='lat' dir='ltr'><strong>cursu,</strong></span> <span class='ocrx_word' id='word_1_218' title='bbox 738 2048 922 2111; x_wconf 83' lang='lat' dir='ltr'><strong>inquit,</strong></span> <span class='ocrx_word' id='word_1_219' title='bbox 974 2051 1170 2098; x_wconf 87' lang='lat' dir='ltr'><strong>secutus</strong></span> <span class='ocrx_word' id='word_1_220' title='bbox 1217 2052 1268 2098; x_wconf 87' lang='lat' dir='ltr'><strong>et</strong></span> <span class='ocrx_word' id='word_1_221' title='bbox 1305 2051 1428 2099; x_wconf 87' lang='lat' dir='ltr'><strong>telo:</strong></span> <span class='ocrx_word' id='word_1_222' title='bbox 1482 2052 1681 2098; x_wconf 85' lang='lat' dir='ltr'><strong>tantum</strong></span> <span class='ocrx_word' id='word_1_223' title='bbox 1735 2049 1952 2097; x_wconf 86' lang='lat' dir='ltr'><strong>cucurrit</strong></span> 
     </span>
     <span class='ocr_line' id='line_1_26' title="bbox 258 2123 2041 2188; baseline -0.001 -18"><span class='ocrx_word' id='word_1_224' title='bbox 258 2123 453 2171; x_wconf 88' lang='lat' dir='ltr'><strong>Turnus</strong></span> <span class='ocrx_word' id='word_1_225' title='bbox 501 2125 742 2184; x_wconf 85' lang='lat' dir='ltr'><strong>quantum</strong></span> <span class='ocrx_word' id='word_1_226' title='bbox 790 2124 1010 2171; x_wconf 73' lang='lat' dir='ltr'><strong>cucurrit</strong></span> <span class='ocrx_word' id='word_1_227' title='bbox 1056 2126 1105 2172; x_wconf 86' lang='lat' dir='ltr'><strong>et</strong></span> <span class='ocrx_word' id='word_1_228' title='bbox 1143 2125 1313 2174; x_wconf 87' lang='lat' dir='ltr'><strong>telum.</strong></span> <span class='ocrx_word' id='word_1_229' title='bbox 1374 2140 1609 2188; x_wconf 85' lang='lat' dir='ltr'><strong>magnam</strong></span> <span class='ocrx_word' id='word_1_230' title='bbox 1645 2123 1718 2171; x_wconf 90' lang='lat' dir='ltr'><strong>ibi</strong></span> <span class='ocrx_word' id='word_1_231' title='bbox 1754 2123 1950 2172; x_wconf 88' lang='lat' dir='ltr'><strong>laudem</strong></span> <span class='ocrx_word' id='word_1_232' title='bbox 1981 2135 2041 2168; x_wconf 78' lang='lat'><strong>25·</strong></span> 
     </span>
     <span class='ocr_line' id='line_1_27' title="bbox 259 2196 1951 2260; baseline -0.001 -15"><span class='ocrx_word' id='word_1_233' title='bbox 259 2196 499 2246; x_wconf 84' lang='lat' dir='ltr'><strong>currentis</strong></span> <span class='ocrx_word' id='word_1_234' title='bbox 525 2196 782 2259; x_wconf 84' lang='lat' dir='ltr'><strong>expressit,</strong></span> <span class='ocrx_word' id='word_1_235' title='bbox 811 2213 922 2245; x_wconf 88' lang='grc'><strong>011111</strong></span> <span class='ocrx_word' id='word_1_236' title='bbox 947 2197 1068 2246; x_wconf 85' lang='lat' dir='ltr'><strong>dicit</strong></span> <span class='ocrx_word' id='word_1_237' title='bbox 1098 2213 1210 2246; x_wconf 89' lang='lat' dir='ltr'><strong>eum</strong></span> <span class='ocrx_word' id='word_1_238' title='bbox 1232 2214 1346 2247; x_wconf 91' lang='lat' dir='ltr'><strong>cum</strong></span> <span class='ocrx_word' id='word_1_239' title='bbox 1377 2199 1475 2247; x_wconf 89' lang='lat' dir='ltr'><strong>telo</strong></span> <span class='ocrx_word' id='word_1_240' title='bbox 1507 2198 1786 2260; x_wconf 89' lang='lat' dir='ltr'><strong>pervenisse</strong></span> <span class='ocrx_word' id='word_1_241' title='bbox 1818 2197 1951 2260; x_wconf 88' lang='lat' dir='ltr'><strong>quod</strong></span> 
     </span>
     <span class='ocr_line' id='line_1_28' title="bbox 157 2271 1950 2330; baseline 0.002 -15"><span class='ocrx_word' id='word_1_242' title='bbox 157 2277 241 2315; x_wconf 84' lang='lat'><strong>560</strong></span> <span class='ocrx_word' id='word_1_243' title='bbox 258 2272 455 2319; x_wconf 83' lang='lat' dir='ltr'><strong>iecerat.</strong></span> <span class='ocrx_word' id='word_1_244' title='bbox 523 2271 742 2330; x_wconf 76' lang='lat' dir='ltr'><strong>increpat</strong></span> <span class='ocrx_word' id='word_1_245' title='bbox 779 2271 854 2319; x_wconf 79' lang='lat' dir='ltr'><strong>his</strong></span> <span class='ocrx_word' id='word_1_246' title='bbox 892 2272 1054 2328; x_wconf 78' lang='lat' dir='ltr'><strong>victor,</strong></span> <span class='ocrx_word' id='word_1_247' title='bbox 1095 2273 1384 2321; x_wconf 84' lang='lat' dir='ltr'><strong>insultantis</strong></span> <span class='ocrx_word' id='word_1_248' title='bbox 1423 2288 1541 2322; x_wconf 84' lang='lat' dir='ltr'><strong>voce</strong></span> <span class='ocrx_word' id='word_1_249' title='bbox 1577 2287 1696 2320; x_wconf 91' lang='lat' dir='ltr'><strong>usus</strong></span> <span class='ocrx_word' id='word_1_250' title='bbox 1726 2271 1804 2319; x_wconf 87' lang='lat' dir='ltr'><strong>his</strong></span> <span class='ocrx_word' id='word_1_251' title='bbox 1837 2287 1950 2319; x_wconf 88' lang='grc'><strong>0011-</strong></span> 
     </span>
     <span class='ocr_line' id='line_1_29' title="bbox 259 2344 1948 2408; baseline 0 -16"><span class='ocrx_word' id='word_1_252' title='bbox 259 2345 558 2408; x_wconf 88' lang='lat' dir='ltr'><strong>prehensum</strong></span> <span class='ocrx_word' id='word_1_253' title='bbox 580 2344 833 2407; x_wconf 86' lang='lat' dir='ltr'><strong>increpare</strong></span> <span class='ocrx_word' id='word_1_254' title='bbox 859 2361 957 2392; x_wconf 91' lang='lat' dir='ltr'><strong>non</strong></span> <span class='ocrx_word' id='word_1_255' title='bbox 982 2346 1195 2395; x_wconf 81' lang='lat' dir='ltr'><strong>destitit:</strong></span> <span class='ocrx_word' id='word_1_256' title='bbox 1226 2350 1481 2394; x_wconf 71' lang='lat' dir='ltr'><strong>nostraene</strong></span> <span class='ocrx_word' id='word_1_257' title='bbox 1506 2346 1719 2402; x_wconf 80' lang='lat' dir='ltr'><strong>evadere,</strong></span> <span class='ocrx_word' id='word_1_258' title='bbox 1741 2346 1948 2401; x_wconf 78' lang='lat' dir='ltr'><strong>demenS,</strong></span> 
     </span>
     <span class='ocr_line' id='line_1_30' title="bbox 260 2419 1948 2482; baseline -0.001 -15"><span class='ocrx_word' id='word_1_259' title='bbox 260 2419 469 2479; x_wconf 78' lang='lat' dir='ltr'><strong>sperasti</strong></span> <span class='ocrx_word' id='word_1_260' title='bbox 507 2422 549 2466; x_wconf 88' lang='lat' dir='ltr'><strong>te</strong></span> <span class='ocrx_word' id='word_1_261' title='bbox 580 2433 724 2478; x_wconf 74' lang='lat' dir='ltr'><strong>posse</strong></span> <span class='ocrx_word' id='word_1_262' title='bbox 761 2421 974 2467; x_wconf 72' lang='lat' dir='ltr'><strong>manus?</strong></span> <span class='ocrx_word' id='word_1_263' title='bbox 1031 2436 1182 2482; x_wconf 84' lang='lat' dir='ltr'><strong>quam</strong></span> <span class='ocrx_word' id='word_1_264' title='bbox 1220 2419 1382 2469; x_wconf 85' lang='lat' dir='ltr'><strong>brevis</strong></span> <span class='ocrx_word' id='word_1_265' title='bbox 1424 2419 1575 2468; x_wconf 86' lang='lat' dir='ltr'><strong>dictio</strong></span> <span class='ocrx_word' id='word_1_266' title='bbox 1609 2422 1658 2467; x_wconf 92' lang='lat' dir='ltr'><strong>et</strong></span> <span class='ocrx_word' id='word_1_267' title='bbox 1689 2419 1948 2482; x_wconf 88' lang='lat' dir='ltr'><strong>superfluis</strong></span> 
     </span>
     <span class='ocr_line' id='line_1_31' title="bbox 260 2492 2042 2557; baseline -0.002 -16"><span class='ocrx_word' id='word_1_268' title='bbox 260 2494 450 2541; x_wconf 80' lang='lat' dir='ltr'><strong>carens!</strong></span> <span class='ocrx_word' id='word_1_269' title='bbox 491 2493 611 2555; x_wconf 88' lang='lat' dir='ltr'><strong>quid</strong></span> <span class='ocrx_word' id='word_1_270' title='bbox 636 2493 764 2540; x_wconf 87' lang='lat' dir='ltr'><strong>enim</strong></span> <span class='ocrx_word' id='word_1_271' title='bbox 798 2492 957 2541; x_wconf 90' lang='lat' dir='ltr'><strong>multa</strong></span> <span class='ocrx_word' id='word_1_272' title='bbox 979 2493 1228 2557; x_wconf 87' lang='lat' dir='ltr'><strong>ingereret</strong></span> <span class='ocrx_word' id='word_1_273' title='bbox 1258 2493 1419 2543; x_wconf 89' lang='lat' dir='ltr'><strong>verbis</strong></span> <span class='ocrx_word' id='word_1_274' title='bbox 1442 2494 1496 2541; x_wconf 93' lang='lat' dir='ltr'><strong>in</strong></span> <span class='ocrx_word' id='word_1_275' title='bbox 1527 2510 1638 2542; x_wconf 89' lang='lat' dir='ltr'><strong>eum</strong></span> <span class='ocrx_word' id='word_1_276' title='bbox 1670 2510 1818 2556; x_wconf 88' lang='lat' dir='ltr'><strong>quem</strong></span> <span class='ocrx_word' id='word_1_277' title='bbox 1848 2494 1950 2541; x_wconf 89' lang='lat' dir='ltr'><strong>iam</strong></span> <span class='ocrx_word' id='word_1_278' title='bbox 1980 2505 2042 2537; x_wconf 85' lang='lat'><strong>30›</strong></span> 
     </span>
     <span class='ocr_line' id='line_1_32' title="bbox 260 2565 1948 2631; baseline 0 -16"><span class='ocrx_word' id='word_1_279' title='bbox 260 2567 462 2616; x_wconf 85' lang='lat' dir='ltr'><strong>tenebat</strong></span> <span class='ocrx_word' id='word_1_280' title='bbox 500 2565 703 2614; x_wconf 86' lang='lat' dir='ltr'><strong>exitium</strong></span> <span class='ocrx_word' id='word_1_281' title='bbox 742 2568 791 2613; x_wconf 88' lang='lat' dir='ltr'><strong>et</strong></span> <span class='ocrx_word' id='word_1_282' title='bbox 831 2567 894 2615; x_wconf 84' lang='lat' dir='ltr'><strong>ad</strong></span> <span class='ocrx_word' id='word_1_283' title='bbox 932 2568 1070 2616; x_wconf 87' lang='lat' dir='ltr'><strong>cuius</strong></span> <span class='ocrx_word' id='word_1_284' title='bbox 1110 2583 1321 2630; x_wconf 88' lang='lat' dir='ltr'><strong>poenam</strong></span> <span class='ocrx_word' id='word_1_285' title='bbox 1366 2567 1561 2631; x_wconf 88' lang='lat' dir='ltr'><strong>gladius</strong></span> <span class='ocrx_word' id='word_1_286' title='bbox 1601 2567 1800 2616; x_wconf 87' lang='lat' dir='ltr'><strong>deberet</strong></span> <span class='ocrx_word' id='word_1_287' title='bbox 1837 2582 1948 2629; x_wconf 89' lang='lat' dir='ltr'><strong>pro·</strong></span> 
     </span>
     <span class='ocr_line' id='line_1_33' title="bbox 261 2640 1949 2704; baseline -0.001 -15"><span class='ocrx_word' id='word_1_288' title='bbox 261 2657 433 2704; x_wconf 88' lang='lat' dir='ltr'><strong>perare</strong></span> <span class='ocrx_word' id='word_1_289' title='bbox 485 2656 636 2703; x_wconf 89' lang='lat' dir='ltr'><strong>quam</strong></span> <span class='ocrx_word' id='word_1_290' title='bbox 687 2640 856 2701; x_wconf 83' lang='lat' dir='ltr'><strong>verba,</strong></span> <span class='ocrx_word' id='word_1_291' title='bbox 908 2641 989 2689; x_wconf 85' lang='grc'><strong>0111</strong></span> <span class='ocrx_word' id='word_1_292' title='bbox 1039 2643 1161 2691; x_wconf 89' lang='lat' dir='ltr'><strong>satis</strong></span> <span class='ocrx_word' id='word_1_293' title='bbox 1213 2641 1276 2691; x_wconf 87' lang='lat' dir='ltr'><strong>ad</strong></span> <span class='ocrx_word' id='word_1_294' title='bbox 1326 2641 1749 2690; x_wconf 84' lang='lat' dir='ltr'><strong>conservationem</strong></span> <span class='ocrx_word' id='word_1_295' title='bbox 1795 2640 1949 2701; x_wconf 86' lang='lat' dir='ltr'><strong>daret,</strong></span> 
     </span>
    </p>
   </div>
   <div class='ocr_carea' id='block_1_3' title="bbox 263 2734 617 2740">
    <p class='ocr_par' dir='ltr' id='par_1_3' title="bbox 263 2734 617 2740">
     <span class='ocr_line' id='line_1_34' title="bbox 263 2734 617 2740; baseline 0 0"><span class='ocrx_word' id='word_1_296' title='bbox 263 2734 617 2740; x_wconf 95' lang='lat' dir='ltr'><strong> </strong></span> 
     </span>
    </p>
   </div>
   <div class='ocr_carea' id='block_1_4' title="bbox 263 2781 1950 3077">
    <p class='ocr_par' dir='ltr' id='par_1_4' title="bbox 263 2781 1950 3077">
     <span class='ocr_line' id='line_1_35' title="bbox 383 2781 1950 2839; baseline 0 -14"><span class='ocrx_word' id='word_1_297' title='bbox 383 2787 405 2825; x_wconf 87' lang='lat'>1</span> <span class='ocrx_word' id='word_1_298' title='bbox 439 2782 683 2839; x_wconf 77' lang='lat' dir='ltr'><strong>inyloriam</strong></span> <span class='ocrx_word' id='word_1_299' title='bbox 706 2781 759 2824; x_wconf 91' lang='lat' dir='ltr'><strong>V.</strong></span> <span class='ocrx_word' id='word_1_300' title='bbox 861 2786 886 2825; x_wconf 87' lang='lat'>6</span> <span class='ocrx_word' id='word_1_301' title='bbox 918 2783 1074 2826; x_wconf 83' lang='lat' dir='ltr'><strong>mortis</strong></span> <span class='ocrx_word' id='word_1_302' title='bbox 1104 2783 1175 2827; x_wconf 88' lang='lat' dir='ltr'><strong>ed.</strong></span> <span class='ocrx_word' id='word_1_303' title='bbox 1277 2786 1302 2825; x_wconf 88' lang='grc'><strong>9</strong></span> <span class='ocrx_word' id='word_1_304' title='bbox 1333 2783 1520 2826; x_wconf 75' lang='lat' dir='ltr'><strong>ruinam</strong></span> <span class='ocrx_word' id='word_1_305' title='bbox 1551 2781 1621 2826; x_wconf 88' lang='lat' dir='ltr'><strong>ed.</strong></span> <span class='ocrx_word' id='word_1_306' title='bbox 1667 2781 1672 2839; x_wconf 79' lang='grc' dir='ltr'>Ι</span> <span class='ocrx_word' id='word_1_307' title='bbox 1718 2787 1801 2825; x_wconf 78' lang='lat' dir='ltr'><strong>ant</strong></span> <span class='ocrx_word' id='word_1_308' title='bbox 1830 2782 1950 2837; x_wconf 80' lang='lat' dir='ltr'><strong>quod</strong></span> 
     </span>
     <span class='ocr_line' id='line_1_36' title="bbox 263 2840 1949 2897; baseline 0 -13"><span class='ocrx_word' id='word_1_309' title='bbox 263 2841 334 2884; x_wconf 86' lang='lat' dir='ltr'><strong>ed.</strong></span> <span class='ocrx_word' id='word_1_310' title='bbox 429 2844 483 2884; x_wconf 92' lang='lat'><strong>10</strong></span> <span class='ocrx_word' id='word_1_311' title='bbox 513 2841 606 2895; x_wconf 78' lang='lat' dir='ltr'><strong>fuit</strong></span> <span class='ocrx_word' id='word_1_312' title='bbox 629 2840 670 2883; x_wconf 91' lang='lat' dir='ltr'>V</span> <span class='ocrx_word' id='word_1_313' title='bbox 696 2842 848 2897; x_wconf 80' lang='lat' dir='ltr'><strong>potuit</strong></span> <span class='ocrx_word' id='word_1_314' title='bbox 879 2841 949 2885; x_wconf 91' lang='lat' dir='ltr'><strong>ed.</strong></span> <span class='ocrx_word' id='word_1_315' title='bbox 1045 2846 1097 2885; x_wconf 90' lang='lat'><strong>11</strong></span> <span class='ocrx_word' id='word_1_316' title='bbox 1130 2843 1328 2886; x_wconf 80' lang='lat' dir='ltr'><strong>incurrit</strong></span> <span class='ocrx_word' id='word_1_317' title='bbox 1357 2841 1428 2885; x_wconf 84' lang='lat' dir='ltr'><strong>ed.</strong></span> <span class='ocrx_word' id='word_1_318' title='bbox 1453 2842 1571 2896; x_wconf 85' lang='lat' dir='ltr'><strong>post.</strong></span> <span class='ocrx_word' id='word_1_319' title='bbox 1673 2844 1726 2883; x_wconf 88' lang='lat'><strong>13</strong></span> <span class='ocrx_word' id='word_1_320' title='bbox 1759 2841 1949 2884; x_wconf 82' lang='lat' dir='ltr'><strong>circum-</strong></span> 
     </span>
     <span class='ocr_line' id='line_1_37' title="bbox 263 2898 1945 2945; baseline -0.001 -1"><span class='ocrx_word' id='word_1_321' title='bbox 263 2901 398 2944; x_wconf 83' lang='lat' dir='ltr'><strong>datus</strong></span> <span class='ocrx_word' id='word_1_322' title='bbox 421 2900 463 2943; x_wconf 93' lang='lat' dir='ltr'><strong>V</strong></span> <span class='ocrx_word' id='word_1_323' title='bbox 487 2913 599 2943; x_wconf 86' lang='lat' dir='ltr'><strong>corr.</strong></span> <span class='ocrx_word' id='word_1_324' title='bbox 626 2900 696 2944; x_wconf 87' lang='lat' dir='ltr'><strong>ed.</strong></span> <span class='ocrx_word' id='word_1_325' title='bbox 806 2905 860 2943; x_wconf 85' lang='lat'><strong>14</strong></span> <span class='ocrx_word' id='word_1_326' title='bbox 892 2905 1113 2944; x_wconf 82' lang='lat' dir='ltr'><strong>consertos</strong></span> <span class='ocrx_word' id='word_1_327' title='bbox 1143 2901 1215 2945; x_wconf 89' lang='lat' dir='ltr'><strong>ed.</strong></span> <span class='ocrx_word' id='word_1_328' title='bbox 1322 2904 1374 2943; x_wconf 76' lang='lat'><strong>17</strong></span> <span class='ocrx_word' id='word_1_329' title='bbox 1406 2905 1447 2944; x_wconf 90' lang='lat' dir='ltr'><strong>et</strong></span> <span class='ocrx_word' id='word_1_330' title='bbox 1477 2901 1586 2944; x_wconf 89' lang='lat' dir='ltr'><strong>ante</strong></span> <span class='ocrx_word' id='word_1_331' title='bbox 1617 2900 1756 2944; x_wconf 79' lang='lat' dir='ltr'><strong>hostis</strong></span> <span class='ocrx_word' id='word_1_332' title='bbox 1787 2913 1875 2943; x_wconf 91' lang='lat' dir='ltr'><strong>om.</strong></span> <span class='ocrx_word' id='word_1_333' title='bbox 1893 2898 1945 2942; x_wconf 91' lang='lat' dir='ltr'><strong>V.</strong></span> 
     </span>
     <span class='ocr_line' id='line_1_38' title="bbox 266 2958 1949 3017; baseline 0.001 -16"><span class='ocrx_word' id='word_1_334' title='bbox 266 2963 320 3002; x_wconf 87' lang='lat'><strong>30</strong></span> <span class='ocrx_word' id='word_1_335' title='bbox 352 2960 567 3017; x_wconf 74' lang='lat' dir='ltr'><strong>inyererit</strong></span> <span class='ocrx_word' id='word_1_336' title='bbox 588 2958 630 3002; x_wconf 89' lang='lat' dir='ltr'><strong>V</strong></span> <span class='ocrx_word' id='word_1_337' title='bbox 660 2960 840 3016; x_wconf 73' lang='lat' dir='ltr'><strong>inyerat</strong></span> <span class='ocrx_word' id='word_1_338' title='bbox 870 2958 940 3002; x_wconf 91' lang='lat' dir='ltr'><strong>ed.</strong></span> <span class='ocrx_word' id='word_1_339' title='bbox 1064 2964 1117 3002; x_wconf 88' lang='grc'><strong>31</strong></span> <span class='ocrx_word' id='word_1_340' title='bbox 1151 2961 1340 3004; x_wconf 80' lang='lat' dir='ltr'><strong>exitium</strong></span> <span class='ocrx_word' id='word_1_341' title='bbox 1362 2958 1405 3002; x_wconf 90' lang='lat' dir='ltr'><strong>V</strong></span> <span class='ocrx_word' id='word_1_342' title='bbox 1435 2959 1497 3002; x_wconf 83' lang='lat' dir='ltr'><strong>ad</strong></span> <span class='ocrx_word' id='word_1_343' title='bbox 1527 2973 1562 3003; x_wconf 93' lang='lat' dir='ltr'><strong>e.</strong></span> <span class='ocrx_word' id='word_1_344' title='bbox 1596 2958 1667 3002; x_wconf 91' lang='lat' dir='ltr'><strong>ed.</strong></span> <span class='ocrx_word' id='word_1_345' title='bbox 1712 2958 1717 3017; x_wconf 93' lang='grc' dir='ltr'>Ι</span> <span class='ocrx_word' id='word_1_346' title='bbox 1763 2958 1949 3003; x_wconf 83' lang='lat' dir='ltr'><strong>debebat</strong></span> 
     </span>
     <span class='ocr_line' id='line_1_39' title="bbox 264 3017 1679 3077; baseline 0.001 -17"><span class='ocrx_word' id='word_1_347' title='bbox 264 3018 335 3061; x_wconf 87' lang='lat' dir='ltr'><strong>ed.</strong></span> <span class='ocrx_word' id='word_1_348' title='bbox 459 3022 512 3061; x_wconf 85' lang='lat'><strong>32</strong></span> <span class='ocrx_word' id='word_1_349' title='bbox 545 3032 680 3075; x_wconf 79' lang='lat' dir='ltr'><strong>qnam</strong></span> <span class='ocrx_word' id='word_1_350' title='bbox 704 3017 746 3062; x_wconf 95' lang='lat' dir='ltr'><strong>V</strong></span> <span class='ocrx_word' id='word_1_351' title='bbox 768 3019 926 3075; x_wconf 76' lang='lat' dir='ltr'><strong>potius</strong></span> <span class='ocrx_word' id='word_1_352' title='bbox 956 3032 995 3074; x_wconf 78' lang='lat' dir='ltr'><strong>q.</strong></span> <span class='ocrx_word' id='word_1_353' title='bbox 1029 3018 1100 3063; x_wconf 88' lang='lat' dir='ltr'><strong>ed.</strong></span> <span class='ocrx_word' id='word_1_354' title='bbox 1148 3019 1153 3077; x_wconf 85' lang='grc' dir='ltr'>Ι</span> <span class='ocrx_word' id='word_1_355' title='bbox 1200 3019 1578 3064; x_wconf 84' lang='lat' dir='ltr'><strong>conversationem</strong></span> <span class='ocrx_word' id='word_1_356' title='bbox 1609 3017 1679 3062; x_wconf 88' lang='lat' dir='ltr'><strong>ed.</strong></span> 
     </span>
    </p>
   </div>
   <div class='ocr_carea' id='block_1_5' title="bbox 2046 1403 2050 2112">
    <p class='ocr_par' dir='ltr' id='par_1_5' title="bbox 2046 1403 2050 2112">
     <span class='ocr_line' id='line_1_40' title="bbox 2046 1403 2050 2112; baseline 0 0"><span class='ocrx_word' id='word_1_357' title='bbox 2046 1403 2050 2112; x_wconf 95' lang='lat' dir='ltr'><strong> </strong></span> 
     </span>
    </p>
   </div>
  </div>
 </body>
</html>
