2050 3226
263 154 367 207 116
728 151 961 196 DONATI
989 152 1056 195 IN
1058 152 1270 196 TERPR.
1295 152 1476 197 VERG.

255 293 354 352 ipsi
384 308 530 354 Quam
563 293 730 340 Turno
761 293 863 353 reyi
894 296 980 340 aut
1007 293 1111 353 reyi
1142 306 1380 352 apparere
1410 292 1607 340 Latino.
1670 309 1728 340 ex
1759 296 1946 356 apert0‚

257 367 343 428 ait,
381 383 480 415 11011
511 367 678 414 Turno
719 369 807 414 aut
843 365 1024 414 Latino
1065 382 1167 414 esse
1208 366 1347 428 cupit
1382 365 1608 427 infestus,
1648 383 1796 429 quem
1835 383 1946 416 con-

254 443 359 490 stat
402 441 565 489 nullas
614 455 788 489 causas
829 440 932 488 odii
970 440 1278 502 praebuisse,
1319 440 1404 488 sed
1440 439 1519 488 illi
1557 456 1706 502 quem
1742 444 1948 504 propter

255 515 499 564 excidium
530 515 706 564 Troiae
745 514 1067 562 execrabilem
1105 514 1282 562 habuit
1317 514 1584 563 inimicum.
1639 515 1791 563 etiam
1829 516 1946 564 huic

253 591 388 652 parti
438 590 641 638 edoceat
690 588 834 637 debet
881 587 1107 651 adiungi,
1156 589 1300 651 quia,
1338 590 1396 636 ut
1434 587 1622 636 dictum
1660 591 1756 650 est,
1795 591 1946 638 semel
1999 603 2019 636 5

252 665 474 727 positum
520 664 687 711 omnia
731 663 908 711 tenuit.
991 678 1234 725 ponamus
1282 678 1398 725 ergo
1445 663 1497 709 in
1544 662 1705 725 capite
1744 662 1946 712 edoceat

253 740 302 786 et
341 753 452 786 cum
489 738 598 800 ipso
636 736 784 786 verbo
822 751 1166 799 percurramus
1199 736 1378 785 omnia.
1433 736 1650 784 mittitur
1688 738 1738 785 et
1775 738 1946 801 magni

162 817 167 821 ’
250 812 473 860 Venulus
512 811 767 859 Diomedis
808 810 870 858 ad
907 811 1103 871 urbem,
1143 811 1231 872 qui
1267 813 1408 873 petat
1447 810 1689 859 auxilium
1728 813 1777 859 et
1813 812 1944 860 hunc

251 887 454 935 edoceat
485 886 746 934 advectum
776 884 978 932 Aenean
1011 885 1171 945 classi,
1204 884 1408 933 edoceat
1437 886 1595 933 victos
1634 885 1830 947 penatis
1868 887 1942 933 in-

250 961 399 1022 ferre,
431 960 636 1008 edoceat
676 960 794 1007 fatis
833 976 1001 1022 regem
1033 975 1083 1007 se
1116 958 1277 1007 dicere
1314 959 1476 1021 posci,
1515 958 1718 1007 edoceat
1754 960 1941 1009 multas
1973 973 2016 1005 10

250 1036 412 1099 gentis
453 1049 503 1082 se
544 1033 811 1097 adiungere
843 1034 948 1082 viro
985 1033 1237 1081 Dardanio
1270 1027 1431 1099 (quod
1463 1033 1657 1081 addidit
1686 1033 1940 1082 Dardanio

248 1125 348 1156 non
386 1110 554 1170 vacat3
605 1108 867 1156 admonere
915 1107 1046 1155 enim
1092 1107 1254 1155 voluit
1291 1107 1564 1155 Diomeden
1604 1107 1708 1155 odii
1745 1108 1941 1169 veteris,

249 1183 385 1245 quod
429 1185 648 1230 metuere
697 1181 869 1229 debuit
914 1183 1118 1244 propter
1169 1182 1415 1229 excidium
1465 1175 1689 1246 Troiae),
1738 1181 1941 1230 edoceat

247 1257 394 1305 Latio
417 1256 748 1304 increbescere
780 1271 959 1302 nomen
991 1256 1110 1316 eius,
1142 1255 1346 1304 edoceat
1378 1255 1499 1317 quid
1531 1257 1696 1303 struat
1724 1255 1802 1304 his
1827 1272 1938 1304 con·

248 1333 424 1393 ceptis,
458 1331 661 1378 edoceat
690 1330 886 1377 Aeneae
917 1331 1045 1378 hanc
1076 1345 1180 1377 esse
1213 1330 1509 1377 sententiam
1540 1331 1603 1391 et,
1636 1330 1678 1379 si
1710 1332 1940 1378 eventum
1970 1340 2012 1373 15

245 1422 458 1468 pugnae·
482 1405 721 1466 sequatur
757 1404 961 1451 fortuna
999 1404 1294 1466 prosperior,
1333 1421 1391 1450 ex
1431 1406 1601 1465 aperto
1639 1405 1800 1467 magis
1839 1405 1939 1467 ipsi

245 1479 476 1528 Diomedi
522 1479 679 1527 veteri
723 1478 857 1526 hosti
894 1478 1205 1526 redditurum
1243 1478 1400 1526 vicem
1442 1493 1591 1540 quam
1629 1477 1808 1526 Latino
1849 1480 1938 1526 aut

245 1553 413 1602 Turno
452 1553 751 1601 nociturum.

365 1627 513 1675 Talia
541 1641 636 1686 per
666 1626 894 1674 Latium:
932 1625 1081 1674 multi
1117 1625 1198 1673 hic
1237 1625 1553 1688 distinguunt
1584 1628 1633 1673 et
1670 1625 1849 1673 finiunt
1888 1629 1937 1674 et

243 1701 435 1749 faciunt
465 1702 616 1763 caput
654 1716 765 1748 cum
804 1700 1020 1762 quodam
1057 1700 1277 1747 transitu
1315 1701 1365 1746 et
1402 1702 1680 1761 sequuntur
1718 1700 1934 1749 dicentes
1967 1711 2010 1743 20

243 1790 369 1838 quac
418 1775 800 1822 Laomedontius
848 1775 987 1821 heros
1037 1777 1208 1821 cuncta
1257 1773 1426 1820 videns
1474 1788 1650 1834 mayno
1702 1789 1936 1822 curarum

169 1856 225 1896 20
242 1851 445 1908 fluctuat
475 1852 611 1896 aestu
643 1851 783 1906 atque
815 1849 1035 1895 animum
1065 1862 1196 1894 mmo
1233 1847 1326 1894 huc
1364 1847 1558 1894 celerem
1592 1862 1723 1895 mmo
1762 1849 1937 1896 dividit

242 1923 358 1971 illuc
401 1924 456 1970 in
494 1923 748 1982 partisque
792 1923 925 1981 rapit
968 1922 1138 1969 varias
1171 1935 1352 1980 perque
1391 1922 1556 1968 omnia
1593 1925 1767 1969 versat.
1843 1938 1933 1970 nos

241 1997 369 2044 hanc
406 1997 866 2060 pronuntiationem
903 1995 1146 2057 propositi
1177 2010 1344 2043 versus
1377 1996 1447 2042 sic
1478 1995 1729 2044 trademus
1762 1996 1934 2044 addita

243 2071 554 2119 ordinatione
586 2086 779 2118 sensus:
812 2085 938 2131 quae
972 2071 1147 2117 cuncta
1178 2070 1304 2117 talia
1342 2069 1512 2117 videns
1545 2068 1930 2119 Laomedontius
1963 2079 2006 2112 25

240 2146 383 2193 heros
430 2161 519 2207 per
556 2143 759 2191 Latium
798 2143 924 2206 geri,
963 2159 1144 2206 magno
1185 2159 1416 2190 curarum
1453 2144 1663 2191 fluctuat
1701 2146 1844 2191 aestu
1883 2146 1932 2192 et

241 2221 403 2267 cetera
428 2233 555 2280 quae
581 2219 868 2279 sequuntur,
891 2220 950 2264 ut
973 2218 1111 2264 nulla
1136 2217 1202 2265 sit
1226 2217 1487 2279 separatio.
1543 2219 1720 2265 cuncta
1743 2217 1930 2279 videns,

238 2293 291 2340 id
315 2295 390 2342 est
412 2293 558 2355 plane
582 2291 895 2340 considerans
929 2291 1094 2339 omnia
1126 2294 1174 2339 et
1203 2291 1388 2339 habens
1421 2294 1654 2353 conperta
1686 2307 1742 2339 ac
1772 2292 1928 2339 mani-

238 2367 380 2415 festa.
457 2365 592 2428 quod
642 2367 713 2413 ait
766 2367 963 2426 cuncta,
1012 2365 1139 2412 illud
1189 2365 1457 2427 exprimere
1496 2365 1678 2427 voluit,
1725 2382 1783 2412 ex
1827 2366 1927 2414 illis

239 2457 367 2502 quae
397 2455 513 2503 pars
545 2440 740 2488 diversa
779 2439 1005 2502 agitabat
1042 2439 1167 2486 nihil
1206 2439 1408 2487 Aenean
1446 2440 1668 2488 latuisse.
1711 2438 1926 2491 Laome·
1959 2449 2003 2480 30

239 2515 466 2563 dontium
498 2514 623 2561 dixit
653 2516 891 2573 astutum,
924 2514 1173 2573 callidum,
1212 2513 1505 2576 vigilantem
1545 2515 1594 2561 et
1630 2513 1925 2574 responden-

237 2591 337 2637 tem
375 2589 645 2638 virtutibus
685 2587 1050 2635 Laomedontis.
1128 2589 1178 2634 et
1214 2603 1384 2634 revera
1422 2588 1544 2635 haec
1582 2588 1744 2649 prima
1791 2588 1924 2635 solli·

357 2735 381 2773 2
423 2744 551 2786 quem
589 2733 814 2774 constaret
843 2727 885 2770 V
923 2742 1060 2783 quum
1098 2732 1321 2771 constaret
1350 2727 1439 2771 ΗΟ
1474 2728 1544 2771 ed.
1585 2742 1713 2783 quem
1751 2732 1926 2770 constat

236 2803 331 2832 nos.
456 2794 478 2831 7
519 2790 617 2844 ipso
655 2789 784 2832 verbo
819 2786 860 2829 V
902 2788 1004 2842 ipsa
1042 2787 1236 2830 dictione
1280 2786 1350 2829 ed.
1474 2791 1499 2829 8
1542 2788 1662 2830 hunc
1696 2786 1853 2830 doceat
1883 2785 1924 2828 V

235 2849 275 2891 h.
302 2849 482 2892 edoceat
511 2848 581 2891 ed.
681 2851 735 2890 14
766 2851 916 2890 struat
939 2845 979 2888 V
1009 2845 1131 2899 ferat
1161 2845 1231 2889 ed.
1272 2845 1274 2902 Ι
1311 2847 1532 2900 conceptis
1555 2845 1597 2889 V
1621 2845 1692 2888 ed.
1724 2845 1922 2900 coeptis?

239 2912 291 2949 15
330 2913 381 2950 ut
411 2909 451 2950 si
483 2906 523 2949 V
556 2906 625 2951 ed.
668 2907 779 2951 etsi
818 2905 888 2949 ed.
921 2907 1040 2960 post.
1164 2908 1219 2947 30
1250 2918 1367 2960 pars
1397 2903 1438 2946 V
1470 2918 1556 2959 per
1594 2905 1664 2948 ed.
1717 2903 1720 2962 Ι
1776 2905 1922 2960 ayita-

236 2966 346 3009 bant
376 2966 446 3009 ed.
