2050 3226
760 112 1065 184 AENEmos
1090 139 1198 184 vm
1726 143 1831 197 125

139 296 230 342 quo
276 285 319 329 te
365 294 564 340 cumque
614 281 726 328 lacu
774 280 1086 327 miserantem
1131 279 1435 327 incommoda
1485 284 1653 328 nostra
1701 282 1832 341 fonte
1850 292 1904 332 75

137 359 287 412 tenes,
335 368 629 414 quocumque
673 354 773 402 solo
809 353 1172 413 pulcherrimus
1218 355 1343 400 exis:
1388 369 1488 416 quo
1534 357 1584 402 te
1624 370 1832 417 cumque

136 429 213 478 bis
253 428 596 492 accipiendum
635 430 732 488 est,
771 430 829 476 ut
866 429 934 476 sit
973 443 1072 489 quo
1111 430 1161 476 te
1200 443 1408 490 cumque
1446 427 1561 476 lacu
1602 430 1739 476 tenes
1782 432 1833 478 et

137 519 450 566 quocumque
488 503 626 550 fonte
665 502 956 563 contineris3
995 502 1082 550 sed
1126 501 1305 549 horum
1352 502 1564 550 alterum
1610 503 1675 550 ad
1724 504 1831 552 eius

20 594 30 636 ς·
85 595 105 628 5
136 578 379 642 originem
415 578 647 640 pertinet,
686 577 899 624 alterum
936 575 998 623 ad
1038 575 1237 624 exitum.
1290 590 1479 635 semper
1506 576 1684 624 honore
1712 592 1830 633 me0,

21 646 22 649 '
134 644 323 712 semper
367 652 662 700 celebrabere
707 651 873 698 donis:
911 651 1038 711 sive,
1076 650 1264 712 inquit,
1303 649 1367 698 ad
1407 649 1650 714 originem
1689 653 1831 698 tuam

134 741 328 787 venero,
367 726 470 774 sive
509 728 559 774 te
598 726 652 772 in
691 724 803 772 aliis
842 725 964 772 locis
1004 725 1303 773 constitutus
1344 727 1602 772 exeuntem
1632 741 1831 787 repper-

134 816 219 848 ero
250 800 330 849 vel
360 799 616 848 conditum
645 800 772 859 lacu,
804 798 1059 847 celebrabo
1091 801 1141 846 te
1174 798 1317 847 donis
1341 814 1536 862 semper
1566 801 1616 847 et
1639 815 1832 862 semper

132 873 387 923 honorabo
426 873 725 922 muneribus.
805 889 996 936 semper
1034 873 1346 935 duplicatum
1382 873 1583 935 plenam
1621 875 1830 936 praesti·

12 999 21 1018 ,Ι
62 967 104 999 ιο
132 951 301 997 torum
322 948 614 997 memoriam
644 950 905 996 monstrat.
960 947 1072 995 fons
1104 951 1154 996 et
1184 948 1323 996 lacus
1354 963 1454 995 non
1486 950 1606 996 sunt
1636 948 1829 996 eadem:

133 1023 243 1071 fons
295 1025 371 1071 est
418 1022 507 1070 ubi
556 1025 632 1071 est
682 1038 842 1084 aquae
890 1023 1117 1082 initium,
1167 1022 1306 1070 lacus
1351 1021 1439 1069 ubi
1488 1022 1642 1071 fontis
1697 1038 1831 1084 aqua

134 1098 402 1161 colligitur.
455 1098 549 1145 hoc
581 1113 698 1160 ergo
730 1096 923 1144 numini
955 1095 1187 1159 spondet:
1225 1095 1523 1158 ubicumque
1554 1099 1620 1156 te,
1649 1096 1830 1159 inquit,

131 1171 391 1232 invenero,
427 1172 531 1220 sive
561 1173 846 1220 nascentem
877 1186 934 1217 ex
964 1171 1102 1218 fonte
1136 1170 1239 1218 sive
1271 1170 1324 1216 in
1356 1172 1535 1234 stagno
1568 1171 1830 1219 collectum

133 1245 237 1294 sive
274 1245 509 1293 fluentem
545 1262 635 1308 per
671 1245 853 1292 liberos
892 1246 1074 1304 exitus,
1113 1244 1385 1292 venerabor
1421 1246 1470 1292 te
1508 1259 1599 1306 pro
1638 1245 1828 1293 meritis

60 1337 101 1368 15
132 1321 235 1367 tuis
274 1323 324 1368 et
361 1335 554 1382 semper
593 1320 795 1367 offeram
831 1320 965 1367 vota.
1041 1334 1234 1381 semper
1271 1319 1424 1366 etiam
1460 1318 1587 1366 illud
1632 1318 1831 1367 videtur

132 1393 424 1458 significare,
454 1394 644 1458 iugiter
663 1393 935 1441 inferendis
964 1393 1250 1441 muneribus
1282 1393 1508 1440 futurum
1539 1393 1829 1454 obnoxium3

132 1469 295 1516 solent
334 1468 517 1531 quippe
556 1468 757 1516 liberari
795 1483 923 1515 nexu
962 1468 1051 1529 qui
1082 1467 1232 1515 semel
1262 1469 1567 1529 promittunt
1599 1470 1648 1515 et
1679 1469 1830 1516 semel

130 1544 250 1591 vota
309 1543 614 1605 persolvunt.
706 1543 924 1603 coruiyer
983 1542 1316 1602 Hesperidum
1367 1543 1551 1600 fluvius
1603 1546 1830 1602 reynator

132 1632 398 1678 aquarum:
436 1618 665 1680 corniger
699 1616 828 1677 ideo,
867 1617 986 1679 quia
1023 1632 1402 1678 nonnumquam
1440 1616 1645 1664 flumina
1675 1616 1829 1664 scissa

57 1707 102 1739 κο
129 1690 183 1738 in
220 1691 378 1753 partis
410 1693 669 1753 tamquam
706 1692 761 1738 in
799 1706 986 1738 cornua
1017 1690 1324 1739 dividuntur.
1378 1690 1710 1753 Hesperidum
1739 1690 1829 1737 fiu—

131 1765 255 1826 vius,
288 1765 466 1829 dignus
499 1765 587 1828 qui
616 1780 706 1828 per
735 1765 940 1813 Italiam
969 1765 1108 1813 fluas.
1170 1767 1408 1828 regnator
1439 1781 1698 1827 aquarum,
1729 1780 1828 1812 non

132 1854 335 1887 suarum
372 1839 741 1901 tantummodo,
772 1839 859 1887 sed
898 1840 1122 1887 omnium
1158 1839 1435 1887 fluminum.
1487 1840 1580 1888 hoo
1619 1838 1826 1887 dicendo

129 1913 292 1961 voluit
314 1914 444 1961 huno
467 1914 634 1963 studio
658 1914 914 1962 laudantis
930 1913 1175 1962 universis
1200 1913 1429 1962 amnibus
1446 1929 1549 1962 esse
1566 1915 1827 1975 potiorem.

133 1987 269 2035 adsis
307 2002 334 2035 o
373 1991 586 2036 tautum:
636 1987 768 2036 adsis
818 1987 1010 2036 nisibus
1059 1987 1203 2049 meis,
1252 1988 1346 2036 hoo
1398 1990 1474 2036 est
1513 1991 1652 2036 actus
1691 2003 1827 2036 meos

57 2075 101 2108 25
131 2076 228 2109 non
268 2061 465 2110 deseras
504 2064 634 2124 peto.
696 2066 739 2110 et
768 2062 1000 2122 placidus
1038 2066 1124 2110 tua
1161 2063 1335 2110 munia
1371 2063 1562 2121 firmes:
1599 2061 1826 2124 placidus

131 2137 311 2197 mente,
342 2136 570 2197 placidus
600 2135 817 2197 flumine,
847 2139 1054 2198 propter
1082 2136 1407 2184 inminentem
1439 2136 1826 2200 navigationem.

131 2211 202 2257 sic
236 2214 470 2258 memorat
504 2211 817 2271 yeminasque
855 2211 966 2271 leyit
1002 2211 1061 2258 de
1103 2211 1256 2258 classe
1299 2211 1494 2259 biremis
1535 2211 1826 2271 remiyioque
1843 2219 1899 2259 80

131 2287 281 2343 aptat,
335 2285 488 2332 socios
548 2285 696 2332 simul
754 2285 954 2332 instruit
1013 2286 1191 2332 armis:
1250 2300 1435 2348 magna
1494 2285 1713 2333 brevitas
1777 2287 1826 2332 et

130 2358 338 2420 pulchra
368 2359 420 2406 in
450 2358 694 2407 brevitate
730 2358 1011 2420 descriptio.
1079 2359 1222 2406 navis
1255 2359 1409 2423 elegit
1439 2359 1583 2420 duas,
1622 2359 1712 2407 has
1750 2359 1824 2405 in-

0 2492 3 2502 >
58 2445 101 2477 30
132 2432 284 2480 struit
328 2434 478 2481 remis
526 2435 575 2481 et
622 2434 766 2495 aptas
820 2433 1044 2481 cursibus
1091 2435 1316 2495 praestat
1361 2436 1411 2481 et
1457 2435 1620 2481 armat
1664 2433 1823 2481 socios

132 2522 254 2568 quos
286 2506 451 2555 fuerat
480 2509 789 2569 portaturus.
841 2507 950 2555 ideo
976 2507 1130 2571 elegit
1150 2507 1366 2569 biremis,
1392 2508 1628 2569 quoniam
1653 2508 1824 2555 contra

252 2668 275 2707 1
310 2665 414 2708 lacu
443 2663 493 2706 in
522 2662 744 2707 lemmate
776 2664 904 2707 lacus
934 2663 985 2706 in
1015 2664 1207 2719 interpr.
1228 2663 1268 2707 V
1296 2665 1423 2708 lacus
1452 2662 1702 2717 utrobique
1735 2662 1822 2717 ed.‚

132 2722 213 2766 sed
251 2722 686 2778 interpretationem
727 2723 832 2766 lacu
870 2736 1061 2778 poscere
1098 2725 1245 2778 patet.
1370 2727 1393 2765 7
1427 2724 1718 2766 constitutum
1751 2721 1821 2765 ed.

133 2786 185 2824 21
218 2783 334 2837 fluat
364 2782 435 2825 ed.
529 2787 586 2826 24
616 2787 796 2826 tantum
819 2781 861 2824 V
893 2782 1075 2826 tandem
1106 2782 1177 2825 ed.
1225 2783 1228 2837 ἦ
1274 2783 1452 2826 nisibus
1475 2781 1516 2823 V
1547 2781 1720 2825 visibus
1750 2780 1821 2824 ed.

130 2841 289 2885 usibus
335 2841 406 2885 ed.
446 2843 565 2897 post.
699 2846 754 2884 25
799 2846 841 2884 et
878 2841 1063 2896 placide
1109 2842 1224 2885 Don.
1269 2841 1438 2897 legisse
1480 2842 1655 2883 temere
1697 2853 1821 2894 susp.

130 2898 359 2955 Hoppius.
408 2900 412 2951 Ι
460 2901 623 2944 munia
646 2900 688 2943 V
718 2901 913 2943 numina
944 2900 1015 2944 ed.
1049 2902 1097 2944 et
1126 2899 1265 2957 Verg.
1298 2899 1419 2943 libri.
1542 2903 1596 2942 31
1630 2900 1718 2955 quo'
1740 2898 1821 2942 VO

132 2959 349 3013 quomodo
379 2958 423 3001 H
455 2959 548 3002 ed.:
588 2959 712 3004 hunc
751 2972 951 3003 errorem
987 2959 1037 3002 in
1066 2958 1402 3014 posterioribus
1435 2957 1567 3002 libris
1598 2971 1821 3014 persaepe
