2050 3226
801 165 1105 211 AENEmos
1136 165 1200 210 XI
1738 168 1847 222 543

157 308 418 357 obsederat
449 309 499 356 et
529 322 707 369 aspera
737 322 994 355 nemorum
1018 305 1202 356 deserit
1231 311 1290 354 ea
1319 306 1492 369 utique
1517 306 1850 356 destinatione

156 382 358 444 mentis,
396 383 456 429 ut
494 382 674 430 saltem
710 381 929 444 patriam
965 382 1192 429 tueretur
1228 396 1286 429 ae
1322 395 1504 429 muros.
1557 381 1642 428 vix
1680 395 1703 429 e
1742 395 1851 429 eon-

155 460 318 517 spectu
341 456 524 504 exierat
544 470 861 516 campumque
884 456 1089 512 tenebat,
1128 455 1223 504 hoc
1253 457 1331 504 est
1358 470 1473 502 mox
1499 456 1560 503 ut
1580 454 1852 517 reliquerat

156 531 320 579 fauces
359 531 410 579 et
439 529 505 578 ad
535 545 766 592 campum
795 532 1020 590 venerat,
1059 544 1166 578 ewm
1193 532 1337 590 pater·
1366 528 1561 577 Aeneas
1590 529 1747 578 saltus
1776 530 1851 577 in-

105 617 125 649 5
153 619 352 668 qressus
390 607 582 665 apertos
620 607 942 666 exuperatque
984 605 1155 665 iuqmn
1206 603 1426 663 silvaque
1470 603 1638 651 evadit
1674 617 1853 663 opaca:
1871 613 1954 653 905

156 680 294 742 ipsae
333 679 452 727 sunt
490 678 681 740 fauces,
730 680 922 726 montes
959 677 1059 741 ipsi
1105 678 1257 741 atque
1294 677 1407 741 ipsa
1451 678 1581 727 silva
1627 678 1677 726 et
1712 678 1852 741 ipsae

158 753 419 817 angustiae
468 768 591 815 quas
638 769 751 801 cum
799 751 1040 801 Camillae
1086 751 1291 801 consilio
1339 753 1533 801 Turnus
1580 751 1854 813 obsederat,

157 828 217 875 ut
254 827 458 876 Aenean
505 842 619 876 cum
666 827 769 876 suis
816 826 972 891 copiis
1017 826 1298 890 ingressum
1342 825 1581 891 suffragio
1626 827 1725 876 loci
1767 827 1855 889 qui

158 903 330 964 aperto
368 901 529 950 Marte
575 917 675 950 non
721 902 921 963 poterat
966 900 1319 966 adgrederetur
1366 902 1417 950 et
1464 900 1716 963 funderet3
1769 900 1856 949 sed

83 988 126 1019 10
157 974 354 1024 Aeneae
391 975 634 1040 vigilante
671 975 873 1025 fortuna
912 976 963 1023 et
999 975 1105 1024 fato
1144 974 1358 1024 infelicis
1389 975 1548 1023 Turni
1576 975 1853 1038 perfectum

158 1052 234 1098 est
294 1051 354 1097 ut
413 1050 502 1098 illo
560 1051 765 1112 propter
811 1048 948 1098 urbis
1003 1050 1190 1098 statum
1243 1048 1551 1098 obsidionem
1603 1049 1856 1098 deserente

158 1124 489 1172 Troianorum
541 1139 775 1173 numerus
831 1139 957 1186 quae
1003 1123 1193 1171 dudum
1239 1124 1439 1172 fuerant
1489 1123 1688 1173 obsessa
1732 1123 1857 1172 liber

159 1213 458 1262 securusque
506 1199 759 1246 transiret.
833 1198 904 1246 sic
954 1199 1094 1246 ambo
1142 1198 1208 1246 ad
1251 1212 1418 1246 muros
1462 1198 1630 1259 rapidi
1674 1201 1857 1258 totoque

157 1274 385 1332 feruntur
423 1273 616 1334 aymine
653 1286 740 1320 nec
778 1272 934 1332 lonqis
970 1273 1097 1320 inter
1133 1286 1184 1320 se
1214 1273 1451 1331 passibus
1490 1273 1691 1321 absunt:
1729 1272 1859 1320 alter

85 1358 126 1391 15
159 1346 495 1395 defendendae
551 1346 771 1395 civitatis
825 1361 997 1407 causa,
1048 1347 1174 1394 alter
1223 1345 1492 1409 capiendae
1545 1362 1646 1394 non
1694 1346 1856 1410 longis

156 1421 288 1469 inter
325 1436 376 1470 se
415 1420 624 1468 aberant
660 1419 913 1483 passibus3
952 1435 1051 1468 non
1089 1421 1356 1484 longorum
1393 1436 1633 1484 passuum
1670 1420 1858 1485 signifi-

159 1494 289 1543 catio
323 1494 542 1543 ostendit
571 1496 735 1543 minus
766 1494 920 1543 fuisse
944 1511 1095 1558 quam
1121 1495 1281 1557 mille,
1314 1496 1357 1543 si
1379 1494 1512 1543 enim
1533 1495 1648 1558 plus
1679 1497 1857 1556 essent,

157 1568 299 1617 milia
331 1569 625 1618 dicerentur.
681 1584 740 1617 ac
768 1569 917 1617 simul
939 1567 1135 1617 Aeneas
1165 1570 1406 1629 fumantis
1433 1569 1632 1629 pulvere
1663 1583 1858 1629 campos

151 1644 402 1704 prospexit
433 1644 569 1705 lonqe
592 1643 963 1703 Laurentiaque
994 1643 1193 1704 agmina
1220 1643 1343 1691 vidit
1364 1646 1408 1691 et
1428 1657 1629 1691 saevum
1651 1641 1858 1692 Aenean
1875 1650 1960 1690 910

85 1730 127 1762 20
160 1718 356 1779 aqnovit
380 1719 582 1766 Turnus
614 1718 669 1765 in
702 1718 857 1766 armis
888 1718 1216 1778 adventusque
1245 1719 1408 1765 virum
1441 1719 1682 1777 flatusque
1717 1718 1858 1766 audi-

159 1793 227 1839 vit
258 1806 510 1852 equorum:
547 1793 642 1840 hoc
679 1793 755 1840 est
794 1791 926 1854 quod
961 1791 1088 1839 dixit
1125 1807 1223 1839 non
1262 1792 1423 1855 longis
1454 1791 1703 1854 passibus3
1741 1807 1858 1840 nam

161 1868 211 1914 et
249 1866 451 1914 videbat
487 1867 645 1915 hostis
694 1868 743 1914 et
792 1882 1035 1928 equorum
1080 1866 1230 1914 flatus
1278 1865 1527 1915 audiebat.
1604 1865 1740 1929 quod
1786 1867 1859 1914 ait

160 1942 306 2004 longe
338 1939 488 2001 vidit,
518 1940 734 2002 priorem
764 1940 947 1989 vidisse
973 1940 1314 2003 accipiendum
1345 1942 1440 2002 est,
1472 1940 1558 1989 sed
1589 1943 1639 1989 et
1662 1940 1857 1989 Turnus

162 2017 211 2062 et
248 2013 424 2062 Rutuh'
464 2013 693 2063 similiter
729 2014 985 2077 videbant3
1030 2015 1123 2062 hoc
1169 2015 1299 2062 enim
1344 2014 1632 2078 praestabat
1677 2030 1857 2077 aequa-

87 2103 129 2135 25
161 2089 277 2136 litas
313 2089 489 2151 campi.
546 2090 860 2148 continuoque
898 2090 1067 2136 ineant
1097 2103 1293 2149 puqnas
1332 2091 1376 2136 et
1396 2089 1590 2149 proelia
1619 2092 1856 2149 temptent,

161 2163 215 2210 ni
260 2177 428 2210 roseus
474 2164 628 2223 fessos
672 2164 773 2211 iam
816 2163 1005 2224 qurqite
1041 2163 1261 2211 Phoebus
1298 2163 1484 2211 Hibero
1529 2164 1672 2212 sistat
1716 2177 1858 2222 equos

161 2240 434 2298 noctemque
485 2237 562 2284 die
601 2238 787 2285 labente
831 2237 1055 2285 reducat:
1107 2238 1208 2285 fuit
1251 2237 1451 2300 quidem
1495 2237 1687 2286 occasio
1732 2254 1857 2300 pug-

162 2310 316 2359 nandi
354 2310 573 2359 collectis
610 2311 664 2358 in
709 2327 866 2359 unum
904 2310 1155 2372 omnibus,
1201 2311 1288 2360 sed
1326 2314 1622 2375 consumpta
1658 2312 1769 2359 luce
1809 2314 1860 2359 et

163 2384 518 2433 inminentibus
580 2385 796 2433 tenebris
858 2384 1074 2449 pugnari
1126 2401 1226 2434 non
1279 2385 1457 2448 potuit.
1559 2384 1679 2448 quid
1740 2401 1857 2449 ergo

285 2575 308 2614 1
349 2571 577 2615 obsiderat
605 2570 659 2615 V.
708 2570 713 2629 Ι
764 2571 961 2616 deseruit
998 2571 1069 2615 ed.
1119 2571 1123 2630 1
1174 2586 1228 2616 ea
1264 2573 1421 2628 utique
1451 2571 1492 2614 V
1524 2573 1754 2627 tenuitque
1786 2571 1858 2615 ed.

167 2634 191 2672 6
235 2635 405 2675 montes
446 2631 539 2686 ipsi
571 2629 613 2673 V
656 2630 847 2674 invertit
890 2630 961 2674 ed.
1095 2635 1150 2675 10
1192 2632 1410 2688 viqilante
1445 2629 1486 2673 V
1521 2644 1744 2686 prospera
1786 2630 1858 2674 ed.

169 2694 219 2732 11
260 2689 340 2733 illo
379 2703 467 2733 om.
506 2688 576 2732 ed.
625 2688 630 2746 Ι
679 2694 849 2734 statum
886 2691 994 2745 post
1027 2691 1302 2734 obsidione-m
1341 2691 1569 2745 transpos.
1607 2689 1678 2733 ed.
1728 2690 1731 2746 Ι
1782 2690 1860 2734 de-

165 2753 334 2792 serente
357 2747 400 2792 V
430 2750 605 2792 temere
636 2749 748 2791 mut.
777 2748 848 2792 ed.
956 2753 1011 2792 12
1043 2751 1415 2806 quae—obsessa
1444 2749 1572 2792 item.
1682 2753 1736 2792 16
1767 2762 1860 2793 non

166 2808 365 2852 locorum
389 2807 430 2850 V
461 2822 570 2851 nam
598 2808 627 2851 l.
657 2807 729 2851 ed.
760 2821 854 2851 non
885 2809 1120 2866 lonyorum
1150 2807 1323 2853 noscf.
1350 2813 1391 2862 5,
1412 2812 1508 2851 193.
1604 2813 1656 2851 17
1682 2807 1861 2852 milleV

167 2881 223 2910 m.
258 2880 423 2922 passus
462 2866 533 2910 ed.
657 2870 713 2910 20
749 2867 1054 2924 adventusque
1076 2867 1118 2910 V
1148 2869 1203 2910 ut
1233 2867 1295 2911 M.
1312 2866 1524 2923 Vergilii.
1576 2867 1580 2924 1
1638 2868 1788 2912 virum
1820 2866 1861 2910 V

160 2925 332 2980 pedum
363 2939 521 2969 omnes
547 2925 687 2982 Verg.
711 2925 833 2969 libri.
913 2930 968 2970 23
995 2929 1206 2983 priorum
1229 2926 1400 2970 Vcorr.
1421 2926 1492 2971 ed.
1578 2931 1634 2970 26
1665 2927 1798 2971 sistat
1819 2925 1862 2969 V

167 2985 316 3041 tinqat
347 2985 417 3028 ed.
452 2986 499 3028 et
530 2984 668 3042 Verg.
700 2983 823 3029 libri.
