2050 3226
206 176 315 230 408
685 174 918 219 DONATI
947 174 1229 219 INTERPR.
1254 174 1432 220 VERG.

2021 261 2026 292 1

208 314 342 362 tibus
389 329 489 363 non
536 313 709 363 dubito
760 330 904 377 posse
951 314 1192 378 conpleri3
1243 315 1388 378 quale
1441 315 1572 364 enim
1623 315 1761 364 dedit
1808 317 1903 364 iste
2022 302 2026 326 ⁵

206 387 407 436 initium
440 389 744 438 successibus
777 388 899 437 meis
930 389 1084 437 talem
1114 388 1309 451 reliqua
1349 388 1622 438 sortientur
1660 390 1901 438 effectum.

208 461 459 524 primitiae
499 462 697 526 proprie
736 462 971 511 dicuntur
1009 477 1137 524 quae
1178 463 1456 511 offeruntur
1495 464 1590 512 diis
1631 462 1690 511 de
1729 463 1903 512 fructi-

206 536 299 584 bus
337 536 480 585 novis
521 540 611 585 aut
648 535 832 585 fetibus
872 552 1092 601 gregum.
1170 536 1229 584 de
1268 552 1384 601 rege
1424 538 1657 600 superbo:
1698 538 1790 599 sic,
1829 539 1903 585 in·

208 610 340 673 quit,
393 612 646 659 merentur
699 609 858 659 occidi
908 611 997 673 qui
1045 612 1099 658 in
1148 611 1289 675 regni
1339 612 1586 674 potestate
1645 611 1906 660 constituti
1959 623 1979 657 ⁵

208 683 498 748 opprimunt
558 685 725 748 potius
788 699 939 747 quam
1001 684 1265 734 sublevant
1326 700 1454 734 suos.
1548 685 1669 748 quid
1731 685 1789 733 de
1853 700 1904 734 se

147 762 151 765 ’
208 758 453 821 spondeat
498 758 689 807 Aeneas
729 759 1004 807 coniectare
1044 759 1189 807 facit:
1239 758 1457 808 alienum
1495 762 1571 809 est
1596 797 1903 808 .........

207 833 291 881 cui
330 833 495 881 aliena
534 833 668 880 mala
706 835 813 881 tam
851 833 1074 897 graviter
1121 832 1464 896 displicebant.
1541 848 1673 882 nune
1709 835 1800 882 iter
1839 834 1906 882 ad

206 919 365 968 regem
403 907 543 954 nobis
580 920 838 967 murosque
868 907 1104 955 Latinos:
1143 922 1287 956 arma
1309 911 1490 967 parate
1529 908 1709 956 animis
1749 911 1793 955 et
1821 920 1905 968 spe

202 981 502 1041 praesumite
558 981 733 1029 bellum
742 998 758 1029 .·
819 980 946 1029 dixit
1007 983 1149 1045 gesta
1210 984 1262 1030 et
1315 981 1508 1044 agenda
1567 983 1906 1044 praenuntiat.
1938 993 1981 1030 ιο

208 1070 361 1116 nunc,
406 1054 596 1118 inquit,
646 1055 789 1104 nobis
838 1056 902 1103 ad
939 1071 1108 1119 regem
1154 1055 1469 1120 dirigendum
1508 1058 1583 1104 est
1619 1056 1716 1104 iter
1753 1058 1804 1104 et
1842 1055 1906 1103 ad

207 1129 369 1191 ipsam
416 1130 672 1178 civitatem
725 1145 853 1192 quae
899 1129 1153 1194 refugium
1199 1132 1276 1179 est
1321 1129 1544 1191 inimicO‚
1591 1130 1699 1178 sola
1738 1145 1905 1192 super-

210 1205 309 1264 est,
358 1205 416 1251 ut
466 1203 756 1252 conficiatur
801 1203 950 1266 plena
996 1205 1222 1253 victoria.
1301 1219 1441 1253 arma
1487 1205 1590 1253 sint
1633 1203 1687 1251 in
1727 1203 1904 1252 animis

209 1278 389 1326 vestris
430 1292 666 1340 armaque
704 1279 1007 1326 tractentur:
1055 1280 1251 1341 sperate
1299 1278 1574 1342 gerundum
1618 1277 1760 1327 nobis
1801 1291 1905 1326 esse

212 1353 460 1400 certamen
511 1355 559 1400 et
610 1367 748 1414 spem
796 1354 1027 1415 paratam
1078 1368 1182 1402 esse
1232 1350 1474 1401 vincendi.
1553 1351 1728 1401 edictis
1776 1367 1905 1414 quae
1937 1365 1980 1400 ιε

213 1425 488 1474 necessario
539 1427 737 1475 fuerant
785 1427 1080 1489 proferenda
1127 1425 1293 1475 reddit
1344 1428 1591 1476 rationem
1645 1425 1906 1475 ostendens

217 1499 337 1562 quid
381 1500 535 1548 fuerit
581 1515 756 1549 causae
802 1501 859 1548 ut
903 1501 1002 1549 ista
1047 1500 1367 1563 praediceret.
1451 1515 1512 1548 ne
1557 1513 1675 1560 qua,
1725 1499 1906 1562 inquit,

114 1582 170 1622 20
213 1588 354 1622 mora
390 1575 610 1635 iynaros,
662 1575 747 1623 ubi
786 1575 1006 1636 primum
1050 1574 1221 1623 vellere
1258 1575 1402 1636 siyna
1441 1575 1705 1622 adnuerint
1740 1575 1907 1634 superi

194 1649 468 1709 pubemque
506 1649 703 1697 educere
742 1649 936 1705 castriS,
968 1649 1189 1708 inpediat
1219 1649 1470 1709 seqnisque
1499 1651 1628 1696 metu
1666 1648 1905 1697 sententia

202 1722 383 1770 tardet:
419 1723 535 1784 hoc,
573 1723 765 1786 inquit,
804 1724 1070 1786 propterea
1108 1724 1223 1770 ante
1261 1725 1458 1784 tempus
1500 1721 1625 1783 dixi,
1664 1738 1725 1770 ne
1764 1737 1902 1770 meae
1935 1735 1978 1771 20

203 1795 545 1859 dispositionis
592 1798 795 1861 ignaros
842 1797 1011 1845 turbet
1056 1797 1317 1859 repentina
1365 1797 1630 1844 commotio
1671 1798 1722 1845 et
1759 1811 1902 1858 opor-

202 1871 327 1918 tuna
366 1870 583 1919 faciendi
630 1871 936 1920 celeritatem
975 1886 1116 1919 mora
1156 1870 1329 1933 aliqua
1368 1871 1427 1918 de
1466 1870 1644 1919 timore
1685 1885 1902 1918 corrum-

202 1945 292 2007 pat
339 1960 427 1992 nec
474 1947 595 1992 tunc
642 1945 849 1994 consilia
896 1944 1158 2008 capiantur
1205 1960 1319 1993 cum
1356 1959 1531 1993 manus
1578 1945 1903 2006 requiruntur

203 2020 253 2066 et
291 2018 439 2066 facta.
516 2020 701 2067 interea
746 2020 899 2067 socios
937 2019 1285 2078 inhumataque
1325 2033 1529 2080 corpora
1567 2021 1724 2067 terrae
1761 2033 1903 2066 man·

203 2092 392 2148 demus,
446 2093 527 2152 qui
578 2092 709 2141 solus
758 2094 907 2141 honos
957 2091 1225 2141 Acheronte
1274 2094 1364 2141 sub
1414 2093 1511 2140 imo
1558 2095 1648 2140 est:
1697 2092 1901 2153 interea,
1934 2103 1977 2139 2⁶.

203 2165 389 2228 inquit,
440 2166 533 2214 hoc
584 2169 659 2214 est
708 2166 825 2214 dum
876 2166 1077 2215 interim
1126 2167 1273 2215 vacui
1319 2183 1350 2215 a
1398 2168 1665 2215 certamine
1717 2181 1900 2227 sumuS‚

203 2241 398 2288 nostros
447 2239 603 2288 socios
652 2242 939 2303 sepulturae
985 2240 1301 2302 mandemus;
1347 2242 1475 2289 hanc
1523 2241 1653 2288 enim
1691 2239 1899 2287 mortuis

204 2313 527 2377 praecipuam
558 2315 986 2363 honorificentiam
1017 2316 1307 2378 superstites
1339 2315 1540 2375 debent,
1572 2315 1665 2362 hoc
1697 2314 1901 2377 exigunt

203 2402 390 2436 manes.
459 2387 512 2436 in
550 2389 838 2436 huiusmodi
875 2390 1077 2438 incertis
1119 2390 1246 2438 solet
1276 2390 1427 2452 poeta
1457 2404 1556 2436 non
1587 2389 1899 2450 interponere

207 2463 562 2510 auctoritatem
608 2477 772 2523 suam,
819 2462 905 2511 sed
953 2462 1112 2511 dicere
1161 2465 1297 2511 fama
1344 2464 1419 2511 est
1458 2463 1546 2510 aut
1593 2461 1767 2509 dicunt
1814 2463 1902 2509 aut
1932 2474 1980 2507 30,

326 2636 350 2675 7
383 2632 631 2689 spondebat
660 2631 702 2675 V
734 2631 805 2675 ed.
857 2631 862 2690 Ι
911 2633 1019 2686 feeit
1058 2632 1128 2676 ed.
1181 2633 1186 2691 Ι
1237 2634 1345 2688 post
1375 2633 1576 2676 alienum
1607 2636 1672 2675 est
1701 2630 1898 2674 lacunae

205 2691 387 2747 signum
446 2692 582 2747 posui
637 2705 741 2735 cum
796 2691 942 2745 edF1‚
999 2707 1137 2747 quam
1193 2692 1259 2735 sic
1313 2691 1519 2747 expleas:
1582 2690 1700 2734 illud
1746 2691 1803 2734 ab
1850 2703 1900 2734 eo

205 2750 467 2803 „iniustum
500 2751 748 2806 imperium
781 2749 839 2793 ab
874 2755 963 2794 e0“
997 2751 1211 2806 interpol.
1239 2751 1310 2795 ed.
1334 2751 1454 2806 post.
1564 2754 1618 2792 12
1648 2749 1795 2793 solum
1826 2749 1897 2792 ed.

207 2813 261 2852 15
294 2810 451 2853 edictis
474 2809 517 2853 V
548 2815 590 2854 et
619 2810 754 2854 dietis
785 2809 857 2853 ed.
957 2814 1014 2852 20
1045 2825 1100 2854 ne
1125 2810 1166 2852 V
1197 2824 1252 2854 ne
1282 2823 1360 2854 vos
1391 2809 1461 2852 ed.
1555 2812 1608 2850 21
1641 2808 1835 2864 iynarus
1858 2806 1901 2847 V

206 2881 319 2911 corr.
354 2869 426 2912 ed.
474 2869 479 2927 1
530 2870 752 2913 turbasset
790 2867 860 2912 ed.
909 2868 913 2926 Ι
965 2875 1268 2924 opportunam
1307 2868 1378 2912 ed.
1500 2871 1555 2909 22
1588 2866 1643 2911 de
1667 2866 1708 2906 V
1739 2880 1795 2911 ex
1826 2866 1897 2910 ed.

206 2930 259 2969 23
293 2941 458 2972 manus
483 2927 523 2970 V
554 2929 670 2973 vires
703 2927 772 2971 ed.
879 2932 933 2971 26
965 2928 1147 2972 interim
1180 2941 1267 2971 om.
1294 2927 1365 2970 ed.
1409 2926 1414 2985 Ι
1460 2939 1608 2970 vacua
1632 2925 1674 2968 V
1704 2927 1839 2970 vacui
1869 2939 1899 2969 a

206 2999 288 3028 nos
324 2987 459 3031 vacui
490 2987 560 3030 ed.
