2050 3226
248 148 356 202 356
720 145 952 191 DONATI
982 145 1263 191 INTERPR.
1288 146 1466 191 VERG.

246 286 407 350 iugali
442 287 681 351 religione
717 287 968 335 coniuncti
997 287 1143 335 tanta
1174 285 1394 335 extiterit
1423 285 1512 339 vis.
1570 289 1641 335 ait
1673 302 1788 351 ergo
1822 286 1934 349 quis

248 363 470 423 speraret
505 362 648 410 noete
685 376 786 408 una
825 362 875 409 et
904 361 1081 423 11111110,
1113 375 1214 422 qua
1245 359 1310 408 ad
1340 360 1735 409 coniunctionem
1765 360 1935 410 matri·

246 435 403 483 monii
440 434 787 498 perficiendam
825 434 1016 482 dulcior
1052 434 1195 483 nulla
1233 435 1329 496 est,
1368 435 1526 483 scelus
1563 435 1616 483 in
1647 450 1854 499 sponsos
1887 437 1938 484 et

245 508 448 558 iuvenes
486 507 737 572 virginum
774 523 929 556 manu
968 508 1188 571 conpleri
1231 507 1489 570 potuisse?
1554 510 1667 572 quis
1705 509 1799 558 hoe
1836 524 1936 556 non

247 583 386 632 nefas
434 581 683 646 appellet?
735 583 845 644 quis
896 583 1002 631 sine
1052 581 1318 646 gemitibus
1368 583 1554 631 referat
1597 585 1677 632 tot
1721 583 1937 632 valentis
1976 622 1985 647 γ,

248 658 410 706 aetate
441 656 665 704 femineis
695 655 910 719 turpiter
938 656 1261 719 interemptos
1292 656 1510 719 insidiis,
1541 657 1770 720 deceptos
1801 673 1958 722 reves

245 730 407 779 rentia
443 730 656 779 thalami
701 732 752 778 et
797 731 1154 779 circumventos
1201 729 1306 779 illie
1351 730 1438 778 ubi
1476 747 1666 780 amores
1705 731 1800 794 pii,
1838 746 1939 779 non

248 804 361 853 odia
400 804 671 853 execranda
708 803 1005 854 vertuntur?
1088 818 1212 864 quae
1260 803 1441 853 Clonus
1478 805 1744 867 Eurytides
1788 805 1938 853 multo

159 903 163 906 ·
247 879 518 927 caelaverat
548 892 695 927 auro:
725 879 977 927 caelatura
1007 893 1186 926 nomen
1218 881 1294 927 est
1325 878 1462 941 artiS,
1494 895 1622 942 quae
1651 879 1756 928 11110
1786 880 1936 928 inter—

246 952 384 1002 venit
421 953 507 1000 ubi
544 952 825 1002 substantia
861 951 1024 1001 minor
1061 954 1158 1015 est,
1195 955 1256 1001 ut
1293 952 1607 1002 latitudinem
1646 969 1747 1002 non
1777 954 1939 1002 multa
1988 1004 1989 1007 ,

247 1028 456 1089 speeieS‚
503 1026 589 1075 sed
626 1026 870 1089 producta
906 1028 960 1074 in
997 1027 1274 1075 tenuiorem
1318 1027 1558 1075 laminam
1604 1027 1802 1076 vestiat.
1885 1028 1939 1075 in

245 1101 410 1149 balteo
449 1101 548 1149 isto
586 1101 746 1166 regali
785 1101 1064 1149 caelaturae
1104 1116 1229 1163 opus
1262 1101 1573 1163 occurrebat,
1606 1102 1692 1150 sed
1720 1101 1937 1164 plurimo

248 1191 306 1223 ex
345 1190 490 1237 auro,
527 1191 626 1223 non
665 1177 725 1223 ut
753 1176 807 1222 in
838 1175 948 1224 aliis
981 1174 1210 1239 operibus
1243 1191 1301 1223 ex
1330 1191 1485 1238 parvo
1517 1175 1750 1238 perfecta.
1805 1175 1940 1223 deni-

248 1265 342 1311 que
364 1250 476 1312 ipsa
500 1249 668 1297 Turno
701 1249 869 1298 extitit
899 1265 1049 1298 eausa
1078 1250 1328 1312 rapiendi,
1361 1250 1494 1313 quod
1525 1251 1631 1298 arte
1662 1251 1941 1312 praestaret

144 1334 231 1374 500
247 1326 297 1371 et
326 1323 555 1386 pondere.
611 1338 701 1384 quo
732 1338 863 1371 nunc
888 1324 1088 1372 Turnus
1118 1327 1231 1372 ovat
1258 1324 1411 1385 spolio
1439 1324 1710 1385 qaudetque
1733 1324 1941 1384 potitus:
1990 1383 1991 1386 Ἴ

246 1398 411 1446 nescia
447 1411 583 1445 mens
620 1398 869 1446 hominum
905 1399 1000 1458 fati
1037 1399 1271 1459 sortisque
1307 1400 1507 1458 futurae
1546 1401 1589 1446 et
1617 1412 1814 1447 servare
1842 1412 1942 1446 mo-

247 1472 365 1520 dum
411 1473 556 1520 rebus
604 1472 800 1520 sublata
848 1472 1096 1520 secandis:
1145 1473 1259 1533 hoe,
1308 1471 1496 1535 inquit,
1536 1472 1732 1521 Turnus
1779 1471 1940 1535 spolio

250 1545 588 1594 arbitrabatur
625 1546 818 1594 factum
856 1561 906 1594 se
946 1561 1050 1594 esse
1089 1546 1364 1610 gloriosum
1395 1549 1446 1594 et
1476 1546 1761 1594 laetabatur
1791 1562 1850 1594 ex
1881 1561 1938 1594 eo

245 1620 452 1683 ignarus
483 1635 603 1668 suae
634 1620 783 1668 sortis
816 1622 865 1668 et
895 1620 1012 1682 fati,
1044 1620 1179 1683 quod
1209 1621 1312 1668 iam
1341 1621 1601 1684 urgeretur
1629 1619 1683 1667 in
1714 1622 1939 1681 mortem,

248 1710 360 1742 eum
388 1693 442 1741 in
472 1693 616 1742 rebus
649 1693 876 1742 secundis
909 1696 959 1742 et
989 1696 1042 1742 in
1074 1693 1393 1742 altitudinem
1423 1709 1714 1757 prosperam
1737 1697 1939 1758 repente

248 1768 456 1816 sublatis
505 1767 729 1816 debuerit
773 1767 961 1817 servari
1004 1768 1180 1817 modus
1228 1770 1279 1816 et
1325 1768 1559 1817 adversae
1607 1784 1802 1831 quoque
1841 1767 1938 1816 for-

246 1845 397 1890 tunae
456 1841 757 1890 eonsiderari
813 1842 1050 1890 condicio,
1146 1842 1315 1890 Turno
1372 1846 1560 1902 tempus
1617 1843 1707 1890 erit
1761 1856 1939 1903 mayno

249 1931 358 1964 cwm
395 1917 631 1976 optaverit
667 1919 877 1977 emptum
914 1917 1148 1964 intactum
1178 1917 1412 1965 Pallanta
1444 1920 1487 1964 et
1517 1931 1624 1964 cum
1655 1916 1814 1976 spolia
1843 1917 1940 1964 ista

147 1999 231 2039 505
249 1990 466 2049 diemque
503 1990 677 2038 oderit:
715 1989 966 2053 gaudebat
994 1991 1047 2038 in
1077 1991 1328 2053 praesenti
1358 1990 1519 2038 futuri
1550 1992 1745 2039 nescius
1778 1991 1939 2038 exitus

249 2064 350 2125 sui,
388 2079 487 2111 non
526 2064 775 2127 prosperis
814 2064 917 2112 suis
956 2064 1124 2126 rebuS‚
1163 2064 1248 2113 sed
1285 2064 1400 2112 inde
1431 2064 1590 2128 magis
1621 2064 1753 2112 unde
1785 2065 1939 2112 laeta—

248 2138 399 2186 batur
437 2137 670 2186 adversis.
724 2138 941 2187 faciebat
977 2139 1109 2186 hune
1146 2138 1327 2187 mentis
1367 2154 1580 2187 errorem
1618 2138 1939 2201 inprudentia

248 2212 546 2260 futurorum.
638 2214 853 2260 ceterum
905 2212 1180 2261 inminebat
1231 2214 1334 2261 iam
1392 2215 1588 2276 tempus
1651 2227 1747 2274 quo
1807 2211 1940 2260 idem

250 2285 446 2334 Turnus
492 2285 774 2334 Pallantem
824 2288 1087 2349 optaturus
1138 2288 1266 2336 esset
1313 2287 1610 2335 incolumem
1660 2286 1938 2349 sumptibus

370 2431 393 2469 1
426 2427 638 2484 reliyioni
659 2426 714 2470 V.
759 2427 764 2484 Ι
810 2429 931 2471 tamti
952 2427 1007 2471 V.
1055 2427 1059 2486 Ι
1107 2429 1185 2483 qui
1215 2433 1418 2484 speraret
1439 2427 1524 2471 VR
1555 2427 1626 2471 ed.
1748 2431 1774 2471 3
1805 2441 1938 2483 sport-

250 2500 326 2530 sas
349 2486 391 2529 V
423 2499 550 2530 -sum
581 2485 651 2530 ed.
745 2491 772 2529 4
803 2501 990 2530 manum
1013 2489 1229 2542 complere
1254 2487 1323 2531 ed.
1419 2491 1445 2530 5
1475 2488 1573 2530 sine
1594 2487 1832 2544 yemitibus
1856 2486 1940 2530 VR

250 2547 423 2588 temere
454 2546 568 2588 mut.
595 2545 665 2588 ed.
788 2549 814 2588 8
845 2551 1082 2590 vertantur
1104 2546 1190 2590 VR
1218 2547 1438 2591 virtutum
1470 2546 1541 2589 ed.
1587 2545 1591 2603 Ι
1637 2547 1794 2590 claraus
1817 2545 1860 2589 V
1889 2545 1940 2588 in

251 2606 393 2649 bonus
425 2618 538 2648 0011.
563 2604 605 2647 R
634 2603 708 2647 vel
739 2619 773 2647 r.
890 2609 914 2647 9
947 2606 1170 2649 celaverat
1192 2605 1246 2649 V.
1364 2609 1418 2648 10
1450 2606 1599 2649 minor
1630 2609 1695 2648 est
1723 2605 1765 2648 R
1795 2605 1940 2649 mino-

249 2677 342 2708 rem
364 2663 406 2706 V
437 2665 556 2707 inest
584 2664 732 2708 minor
763 2663 834 2706 ed.
960 2669 1012 2707 12
1044 2665 1190 2721 reyali
1213 2663 1297 2707 VR
1327 2679 1363 2709 r.
1390 2669 1432 2708 et
1462 2664 1532 2708 ed.
1570 2664 1574 2721 Ι
1618 2668 1875 2708 eocurrerat
1897 2662 1939 2707 V

251 2737 356 2766 cue·
389 2722 431 2765 R
469 2736 604 2767 eonc-
636 2722 707 2766 ed.
739 2724 997 2767 occurrebat
1027 2737 1124 2766 nos.
1248 2728 1302 2767 13
1342 2724 1450 2767 aliis
1480 2737 1567 2766 om.
1602 2723 1672 2766 ed.
1723 2723 1726 2781 Ι
1776 2724 1940 2766 reiecta

251 2781 336 2824 VR
367 2781 438 2825 ed.
474 2781 678 2837 perfecta
707 2795 790 2824 nos
831 2783 894 2837 (re
931 2795 1015 2837 pro
1053 2796 1134 2838 per
1170 2782 1227 2826 ef.
1262 2786 1302 2837 9,
1329 2785 1411 2825 391
1445 2783 1463 2825 i
1493 2795 1577 2837 pro
1609 2783 1639 2837 f
1663 2781 1718 2825 cf.
1753 2785 1794 2836 8,
1821 2783 1937 2836 176).

254 2845 306 2883 17
332 2841 524 2884 sublatis
539 2840 592 2884 V.
623 2840 627 2898 Ι
661 2842 844 2885 Twmus
875 2854 962 2884 om.
990 2841 1105 2885 edF.
1199 2845 1254 2884 18
1286 2855 1341 2885 ex
1371 2854 1459 2885 om.
1485 2841 1556 2885 ed.
1648 2845 1701 2884 19
1725 2840 1861 2894 fortis
1882 2839 1938 2883 V.

253 2903 309 2942 20
341 2913 441 2943 eum
464 2899 548 2942 VR
579 2913 706 2955 quem
737 2899 808 2943 ed.
901 2904 955 2943 21
988 2914 1165 2945 servare
1191 2900 1373 2945 modum-
1405 2900 1475 2943 ed.
1569 2904 1624 2943 22
1656 2899 1940 2944 considerare

252 2958 337 3001 VR
361 2959 431 3002 ed.
459 2972 572 3002 0011.
598 2973 632 3003 1.
670 2959 674 3016 Ι
709 2959 913 3004 condicio
936 2958 1021 3002 VR
1052 2973 1179 3004 -nem
1211 2959 1281 3004 ed.
1375 2963 1430 3002 23
1455 2963 1638 3004 temtum
1654 2958 1739 3002 VR
1764 2971 1875 3002 0011.
1902 2972 1935 3000 1.

1971 2077 2023 2131 Ξὸε».
2032 2097 2034 2105 ·
