2050 3226
236 137 308 190 92
707 134 940 180 DONATI
969 134 1251 179 INTERPR.
1276 134 1457 180 vaae.

236 274 598 324 conveniebant
649 273 886 323 Latinum
947 276 998 323 et
1056 275 1371 323 vehementer
1429 274 1676 339 urgebant
1736 276 1928 337 aperire

234 350 406 411 portas
444 348 564 397 belli
602 350 652 397 et
688 349 790 397 illis
830 348 1014 397 bellum
1051 348 1267 396 indicere
1307 364 1430 411 quos
1476 348 1530 396 in
1569 350 1841 398 amicitiam
1879 351 1929 398 et

236 423 511 471 adfinitatis
557 422 851 486 religionem
897 424 1092 471 secutus
1139 421 1345 471 deorum
1394 425 1445 471 et
1488 422 1646 485 patris
1692 438 1928 486 responsa

234 499 532 559 susceperat.
602 512 718 561 ergo
756 512 864 545 mos
903 497 1002 545 fuit
1038 499 1097 544 ut
1133 496 1239 559 ipse
1277 498 1450 559 portas
1489 498 1724 560 aperiret,
1764 497 1851 546 sed
1885 498 1930 546 si

233 571 559 635 pugnandum
613 573 741 619 esset
795 572 967 619 contra
1019 570 1244 620 inimicos
1299 573 1350 619 et
1401 571 1548 635 longe
1603 573 1816 634 positos,
1869 573 1930 620 ut

234 660 387 707 supra
433 644 621 693 dictum
670 646 766 706 est,
816 661 928 693 cum
974 644 1033 692 de
1077 645 1187 706 ipso
1234 660 1370 693 more
1409 645 1710 708 disputaret,
1760 646 1840 695 vel
1886 646 1929 694 si

161 725 165 728 ’
233 718 422 767 bellum
453 720 559 782 geri
589 719 816 782 patribus
848 718 1132 781 placuisset.
1187 720 1405 767 ceterum
1442 719 1530 768 isti
1559 719 1733 769 invitis
1764 720 1926 767 numi-

233 793 399 854 nibus,
439 793 544 841 sine
581 795 806 842 tractatu
836 794 1080 841 maiorum
1111 794 1161 840 et
1189 793 1389 842 firmata
1419 809 1539 856 pace
1575 795 1764 843 socium
1794 794 1926 843 vole-

234 866 356 914 bant
385 867 493 915 fieri
522 866 761 915 Latinum
792 866 997 916 admissi
1028 866 1292 931 sacrilegii.
1342 868 1578 916 abstinuit
1606 871 1737 916 tactu
1759 871 1928 927 pater.-

233 940 350 989 licet
387 941 465 988 illi
510 941 676 990 furore
721 941 937 1004 possessi
985 941 1282 1004 praecipites
1330 941 1518 990 fuerint
1558 941 1612 989 in
1657 943 1928 1004 perniciem

234 1030 377 1064 suam
408 1018 459 1062 et
490 1016 697 1064 adversa
728 1016 986 1078 cuperent,
1017 1014 1229 1064 Latinus
1260 1017 1451 1076 tamen,
1484 1016 1573 1078 qui
1603 1019 1732 1065 esset
1761 1016 1928 1079 publi-

233 1104 319 1137 cus
358 1091 524 1152 pater,
571 1089 705 1152 apud
751 1105 899 1151 quem
945 1089 1120 1153 religio
1167 1091 1338 1154 generi
1382 1089 1480 1137 fuit
1524 1091 1575 1138 et
1617 1090 1929 1139 commodum

232 1163 385 1224 filiae,
453 1163 655 1212 nolebat
716 1163 937 1212 funestas
1008 1163 1137 1211 fores
1206 1164 1556 1227 luctuosasque
1626 1164 1928 1228 contingere.

233 1251 527 1297 aversusque
575 1237 755 1298 refnyit
801 1238 946 1297 foeda
993 1238 1268 1286 ministeria
1318 1241 1361 1286 ct
1409 1238 1562 1286 caecis
1611 1252 1662 1286 se
1715 1239 1929 1287 condidit

232 1312 444 1359 umbris:
492 1312 663 1360 nolens
716 1327 767 1359 se
819 1312 995 1359 officiis
1042 1311 1270 1361 tristibus
1316 1312 1567 1360 maculare
1607 1312 1829 1361 discessit
1875 1314 1928 1360 in

231 1385 494 1433 tenebrosa
539 1386 649 1434 loca
696 1401 897 1434 aversus
938 1402 968 1434 a
1007 1388 1275 1448 conspectu
1320 1386 1671 1449 gerendorum,
1719 1403 1780 1434 ne
1828 1402 1927 1435 cer-

233 1460 434 1507 neretur
473 1459 535 1506 ab
576 1459 747 1521 aliquo
788 1462 875 1507 aut
904 1459 1010 1521 ipse
1041 1460 1233 1508 videret
1262 1461 1460 1508 inlicita
1490 1460 1598 1523 geri
1629 1463 1679 1508 et
1710 1476 1768 1508 ea
1801 1475 1927 1522 quae

129 1540 215 1580 620
231 1533 416 1582 iudicio
455 1532 689 1597 religioso
730 1532 1066 1582 damnaverat.
1143 1537 1245 1581 tum
1282 1535 1453 1594 reyina
1491 1535 1634 1582 deum
1680 1534 1808 1582 caelo
1850 1535 1928 1582 de-

233 1608 377 1667 lapsa
421 1608 658 1655 ‘morantis
703 1607 883 1667 inpulit
926 1608 1038 1667 ipsa
1074 1623 1229 1655 mann
1258 1611 1433 1668 portas
1472 1611 1515 1655 et
1553 1608 1751 1656 cardine
1789 1622 1926 1656 verso

233 1682 343 1729 belli
378 1682 588 1741 ferratos
625 1682 810 1740 rumpit
845 1680 1085 1729 Saturnia
1114 1685 1302 1741 postes:
1339 1681 1458 1730 fecit
1495 1682 1622 1730 Iuno
1664 1682 1796 1744 quod
1826 1698 1927 1730 non

232 1755 556 1804 conveniebat
610 1754 751 1816 deae,
804 1757 864 1803 ut
915 1755 1100 1803 relictis
1156 1755 1278 1803 caeli
1332 1755 1559 1817 partibus
1615 1757 1809 1804 veniret
1864 1756 1927 1805 ad

231 1832 386 1877 terras
427 1831 477 1877 et
514 1828 754 1890 panderet
792 1829 1056 1877 sceleribus
1088 1829 1223 1877 viam
1255 1831 1404 1891 atque
1435 1830 1486 1876 in
1517 1830 1647 1878 bello
1679 1830 1925 1892 perituros

230 1905 443 1966 urgeret.
520 1902 638 1951 fecit
674 1905 842 1951 tamen
881 1905 939 1951 ut
975 1905 1115 1951 vetus
1157 1905 1207 1951 et
1244 1905 1474 1965 pertinax
1519 1905 1745 1966 inimica3
1795 1919 1925 1953 vere-

230 1976 381 2024 batur
427 1976 558 2024 enim
602 1992 663 2024 ne
708 1993 848 2025 mora
897 1978 1355 2039 patefaciendamm
1403 1980 1662 2039 portarum
1707 1979 1926 2027 furorem

230 2054 437 2112 paratae
490 2051 764 2099 iuventutis
819 2054 908 2099 aut
958 2067 1300 2100 consenescere
1351 2053 1535 2100 faceret
1585 2055 1675 2101 aut
1726 2052 1925 2114 penitus

230 2124 486 2173 removeri.
564 2124 758 2173 animus
791 2126 976 2187 quippe
1011 2125 1151 2188 vulgi
1189 2130 1248 2174 ut
1285 2125 1556 2188 repentinis
1595 2125 1813 2174 motibus
1846 2143 1926 2174 ex-

232 2199 440 2260 citatur,
471 2199 546 2246 ita
576 2200 770 2246 mature
801 2199 1082 2262 languescit
1113 2201 1162 2247 et
1191 2199 1549 2248 interveniente
1580 2201 1779 2261 torpore
1811 2215 1924 2248 con-

233 2273 461 2321 sumitur.
523 2287 638 2336 ergo
679 2272 812 2334 quod
850 2272 1030 2321 Latino
1063 2272 1320 2335 displicuit
1350 2277 1400 2322 et
1429 2274 1617 2337 refugit
1647 2290 1708 2321 ne
1740 2273 1925 2322 faceret

232 2347 352 2394 fecit
390 2347 482 2394 dea
521 2348 571 2394 et
608 2363 762 2394 manu
800 2362 890 2394 sua
928 2347 1113 2409 inpulit
1150 2350 1319 2409 portas
1360 2347 1540 2409 quibus
1579 2347 1732 2398 fiebat
1768 2363 1923 2396 mora.

233 2422 290 2468 ut
329 2422 496 2468 autem
533 2420 679 2468 huius
720 2421 984 2469 saevientis
1026 2421 1251 2469 ardorem
1291 2421 1566 2470 evidentius
1606 2423 1755 2482 poeta
1785 2437 1923 2470 mon-

234 2496 429 2556 straret,
460 2510 560 2542 non
591 2494 751 2542 solum
781 2495 909 2542 hanc
933 2494 1059 2543 dixit
1082 2498 1251 2557 portas
1278 2496 1542 2557 aperuisse,
1573 2495 1659 2542 sed
1691 2495 1923 2544 evertisse

232 2571 398 2629 postes
438 2569 572 2629 ipsos
606 2583 635 2615 a
667 2567 886 2629 cardine,
925 2569 1018 2616 hoc
1057 2571 1132 2617 est
1171 2569 1232 2617 ab
1272 2585 1327 2618 eo
1364 2569 1471 2617 loco
1502 2568 1555 2616 in
1588 2585 1685 2630 quo
1718 2569 1923 2617 nexibus

231 2642 422 2690 idoneis
453 2641 771 2703 tenebantur,
808 2642 951 2704 quasi
983 2643 1179 2690 demum
1210 2642 1499 2705 patentibus
1529 2642 1686 2704 portis
1721 2643 1924 2704 aliquod

354 2772 379 2811 3
411 2769 684 2822 affinitatem
714 2768 948 2824 reliyionis
978 2767 1118 2812 HOU
1144 2769 1215 2813 ed.
1317 2773 1343 2812 8
1374 2773 1523 2813 tractu
1546 2766 1588 2809 V
1618 2773 1818 2812 tractatu
1849 2768 1921 2812 ed.

235 2831 259 2868 9
295 2827 519 2871 Latinum
550 2841 638 2871 om.
665 2826 736 2871 ed.
831 2831 884 2870 11
917 2829 1125 2883 cnpirent
1149 2827 1201 2871 V.
1297 2832 1351 2870 12
1382 2840 1538 2884 yenere
1560 2826 1614 2870 V.
1710 2832 1765 2870 14
1796 2841 1922 2871 aver-

233 2899 392 2940 sasque
426 2886 482 2930 V.
605 2891 659 2929 16
697 2890 954 2942 yenetorum
990 2886 1031 2928 V
1072 2900 1335 2943 qenerorum
1377 2886 1448 2930 ed.
1490 2886 1785 2943 yerendornm
1824 2900 1920 2930 nos.

237 2948 291 2987 18
322 2946 502 3001 yemina
532 2959 616 3000 pro
648 2946 807 3002 reyina
835 2943 888 2987 V.
1013 2949 1068 2988 20
1100 2947 1229 3002 rupit
1259 2945 1329 2990 ed.

1982 583 2002 616 ⁵
2044 559 2046 562 .

1961 954 2004 987 10

1960 1322 2002 1356 15

1959 1674 2050 1725 20}

1958 2062 1999 2095 25

1956 2433 1999 2465 30
