2050 3226
43 1010 90 1043 10

48 1378 90 1412 15

47 1749 91 1782 80

46 2117 90 2151 86

761 187 1067 233 AENEIDos
1091 187 1178 232 v11
1744 192 1811 246 81

122 343 381 393 percussus
422 330 518 389 est,
556 330 616 376 ut
655 328 850 377 occluso
888 330 1023 377 vocis
1062 328 1279 377 transitu
1316 343 1407 376 nec
1445 329 1635 390 spirare
1681 331 1817 379 ultra

121 419 211 452 nec
248 402 390 466 loqui
426 402 687 465 potuisset.
762 402 933 465 itaque
971 402 1187 464 interiit,
1233 404 1294 450 ut
1331 402 1493 450 solent
1530 403 1690 465 perire
1731 403 1816 466 qui

121 478 303 540 laqueo
364 477 640 525 terminant
699 476 869 525 vitam.
959 491 1165 536 corpora
1227 476 1383 524 multa
1441 477 1604 525 virum
1665 478 1818 526 eirca:
1834 489 1919 529 535

123 551 210 614 qui
261 566 361 599 non
413 550 617 599 fuerunt
672 551 938 613 superioris
993 551 1091 600 loci
1144 551 1445 615 generaliter
1505 551 1627 600 dicti
1687 554 1816 601 sunt.

121 626 372 686 seniorque
405 624 672 681 Galaesus,
713 625 831 672 dwm
853 626 973 685 paci
1001 625 1216 674 medium
1246 638 1297 673 se
1328 626 1479 685 offert,
1519 626 1818 674 iustissimus

120 713 251 748 uuus
297 700 380 759 qui
416 700 515 759 fuit
550 697 882 758 Ausoniisque
926 700 1040 748 olim
1083 699 1355 749 ditissimus
1401 700 1558 748 arvis:
1609 701 1818 760 quinque

118 787 285 834 qreyes
329 773 405 821 illi
451 773 726 830 balantum,
783 774 936 832 quina
988 774 1215 823 redibant
1267 777 1490 822 armenta
1543 776 1586 821 et
1637 777 1819 823 terram

122 850 310 896 eentum
357 848 572 895 vertebat
624 848 834 896 aratris:
885 847 1148 912 indignum
1199 849 1344 897 istius
1394 848 1608 896 hominis
1661 848 1818 898 letum

120 922 293 970 multis
331 920 595 986 generibus
628 921 1017 984 demonstratur,
1056 922 1217 986 primo
1260 922 1395 986 quod
1433 923 1597 971 senior
1636 938 1693 971 ac
1729 939 1819 986 per

119 996 212 1044 hoc
251 997 301 1044 et
338 995 753 1059 prudentissimus
793 996 894 1045 fuit
938 1013 1097 1060 neque
1136 997 1180 1045 is
1221 998 1309 1059 qui
1351 997 1416 1044 ad
1456 997 1551 1045 hoc
1588 999 1818 1059 venisset,

119 1072 178 1118 ut
216 1070 414 1118 adfectu
445 1070 698 1119 videretur
734 1074 1033 1132 provocatus
1072 1086 1176 1120 esse
1208 1071 1487 1136 pugnandi,
1526 1086 1702 1120 suasor
1731 1088 1818 1134 po-

121 1145 222 1192 tius
261 1144 399 1207 pacis
448 1146 599 1206 atque
639 1144 953 1207 concordiae,
993 1147 1081 1208 qui
1118 1145 1276 1194 nollet
1313 1144 1693 1194 inconsideratis
1742 1163 1816 1194 ar·

122 1218 325 1267 doribus
379 1220 635 1267 tantorum
687 1219 999 1268 iuventutem
1050 1235 1190 1268 ruere
1241 1219 1294 1267 in
1342 1219 1612 1281 perniciem
1662 1235 1818 1282 suam,

123 1293 212 1354 qui
249 1293 406 1341 nollet
444 1292 685 1341 bellorum
724 1308 901 1342 causas
940 1293 1148 1342 ulterius
1190 1308 1416 1342 crescere.
1478 1293 1573 1342 iste
1603 1294 1817 1343 iustissi-

122 1381 232 1415 mus
272 1367 372 1415 fuit
401 1366 533 1415 inter
563 1382 678 1416 suos
711 1370 782 1429 et,
823 1368 942 1430 quia
974 1367 1175 1417 difficile
1207 1370 1283 1416 est
1311 1367 1497 1416 bonum
1529 1383 1656 1430 esse,
1687 1384 1817 1418 unus

123 1440 283 1489 dictus
331 1443 427 1503 est,
474 1441 591 1490 talis
636 1457 766 1490 unus
810 1442 1046 1491 inventus
1087 1443 1176 1504 qui
1214 1442 1528 1491 concordiam
1574 1443 1819 1504 suaderet,

122 1515 232 1577 qui,
279 1515 398 1563 dum
437 1515 744 1564 existimaret
789 1516 1012 1565 iustitiae
1060 1532 1180 1565 suae
1225 1516 1461 1579 inprobos
1512 1532 1657 1580 posse
1705 1532 1816 1565 con-

122 1588 315 1650 cedere,
346 1591 417 1638 sic
446 1589 578 1638 inter
607 1605 782 1652 pacem
811 1589 1096 1654 bellumque
1127 1593 1408 1653 prostratus
1442 1592 1531 1640 est.
1586 1591 1713 1639 dixit
1742 1591 1816 1639 in-

118 1666 256 1712 terea
287 1662 476 1726 publici
506 1664 754 1712 commodi
786 1680 977 1727 causas,
1008 1666 1213 1728 propter
1237 1681 1362 1728 quas
1394 1681 1600 1714 nascens
1631 1665 1816 1713 bellum

118 1738 437 1800 persuasione
475 1739 611 1787 iusta
649 1738 884 1802 cupiebat
914 1740 1223 1804 extinguere,
1263 1739 1383 1788 dicit
1422 1739 1577 1803 ipsius
1619 1755 1815 1803 quoque

119 1813 367 1874 privatas:
418 1811 717 1875 ditissimus,
755 1812 945 1876 inquit,
995 1813 1094 1862 fuit
1142 1815 1195 1862 in
1244 1813 1439 1862 ratione
1489 1813 1815 1876 possessionis

121 1901 355 1950 agrorum
393 1902 483 1935 nec
521 1903 680 1937 novus
721 1887 880 1950 dives,
919 1888 1006 1936 sed
1037 1888 1157 1936 olim
1188 1887 1607 1951 locupletissimus
1639 1903 1697 1936 ac
1727 1904 1817 1951 per

119 1960 213 2008 hoc
253 1961 340 2023 qui
378 1961 535 2009 nollet
572 1961 829 2024 repentino
869 1962 1002 2011 malo
1041 1962 1246 2026 perdere
1287 1978 1414 2025 quae
1460 1963 1612 2026 longa
1651 1962 1816 2025 quiete

120 2034 423 2097 possederat.
484 2035 703 2098 quinque
743 2038 910 2084 autem
949 2052 1123 2101 greges
1153 2037 1332 2085 habuit
1371 2039 1540 2086 ovium
1580 2039 1629 2085 et
1662 2036 1816 2099 quina

122 2111 367 2170 armenta,
416 2109 509 2157 hoc
556 2111 631 2158 est
667 2109 720 2157 in
760 2109 970 2174 singulis
1008 2111 1271 2175 generibus
1318 2110 1610 2160 animalium
1648 2111 1813 2173 quina.

122 2184 461 2231 armentorum
500 2183 774 2246 appellatio
805 2184 978 2246 boves,
1011 2201 1165 2248 equos
1197 2188 1248 2234 et
1278 2188 1442 2234 cetera
1472 2185 1815 2234 huiuscemodi

122 2256 371 2321 significat
410 2273 537 2319 quae
576 2258 724 2306 facile
763 2257 967 2306 interire
999 2261 1203 2322 possent
1240 2259 1545 2322 perturbatis
1585 2259 1813 2308 omnibus

121 2333 172 2379 et
215 2331 333 2379 belli
378 2330 512 2380 rabie
559 2332 765 2381 confusa
809 2333 1077 2395 republica.
1155 2334 1305 2382 huius
1351 2349 1564 2396 persona
1610 2335 1660 2382 et
1698 2349 1814 2382 nece

119 2403 360 2468 iniquitas
384 2407 542 2454 omnis
568 2421 800 2469 expressa
831 2408 921 2469 est,
961 2423 1087 2470 quae
1117 2408 1260 2457 iuxta
1290 2407 1619 2456 iustissimum
1649 2423 1814 2456 senem

121 2495 221 2527 non
253 2479 503 2541 existeret,
543 2479 587 2529 si
624 2482 869 2530 rationem
907 2482 1084 2530 rustici
1123 2484 1214 2531 aut
1251 2482 1469 2530 furentes
1509 2481 1690 2529 habere
1728 2496 1814 2543 po—

121 2554 348 2602 tuissent.
424 2552 477 2601 in
517 2556 800 2603 aratrorum
838 2571 1042 2604 numero
1089 2571 1188 2604 non
1234 2558 1433 2605 tantum
1479 2557 1813 2603 armentorum

122 2626 317 2689 copiam
355 2628 434 2676 vel
473 2627 764 2677 animalium
796 2644 923 2692 quae
962 2629 1202 2694 iungebat
1231 2645 1403 2679 verum
1442 2630 1593 2679 etiam
1624 2629 1813 2677 fructus

242 2773 267 2812 2
299 2768 438 2822 ferire
467 2768 510 2812 V
534 2771 688 2825 perire
718 2783 802 2814 nos
833 2771 1019 2815 interire
1050 2771 1120 2814 ed.
1216 2775 1240 2814 ’1
1274 2771 1477 2815 balatum
1508 2769 1560 2813 V.
1657 2773 1710 2812 10
1741 2769 1813 2813 his

122 2840 205 2881 pro
236 2828 278 2871 is
302 2827 356 2871 V.
454 2832 506 2871 11
542 2830 701 2883 effectu
724 2829 766 2872 V
791 2842 904 2873 corr.
931 2830 1002 2874 ed.
1039 2830 1044 2888 Ι
1078 2830 1158 2875 sed
1181 2832 1291 2874 ante
1314 2843 1474 2875 suasor
1496 2827 1711 2883 interpol.
1738 2827 1810 2873 ed.

125 2890 179 2928 12
211 2887 358 2942 qui—
384 2891 439 2930 13
470 2900 602 2932 suam
641 2901 729 2933 om.
764 2888 835 2932 ed.
957 2892 1014 2932 20
1053 2889 1166 2934 dicit
1196 2889 1238 2933 V
1273 2890 1394 2933 dixit
1428 2887 1499 2931 ed.
1622 2892 1676 2931 21
1714 2889 1812 2943 pri-

123 2949 270 2989 matas
306 2944 349 2988 V
387 2947 606 3002 primatis
641 2947 908 3001 facultatem
950 2948 1021 2992 ed.
1082 2949 1086 3006 Ι
1143 2950 1195 2992 in
1232 2949 1411 2993 ratione
1445 2947 1740 3003 possessionis
1769 2946 1812 2990 V

125 3003 175 3046 iu
198 3006 476 3059 possessione
507 3005 578 3049 ed.
701 3010 757 3049 30
789 3012 872 3051 aut
902 3020 990 3051 om.
1017 3006 1088 3052 ed.

211 3091 310 3125 Don.
327 3093 487 3134 interpr.
501 3094 614 3136 Verg.
639 3095 716 3128 vol.
733 3095 785 3127 11.
1516 3099 1541 3138 6
