2050 3226
48 1331 112 1374 ι15

41 1714 56 1740 Γ.
68 1704 112 1736 80

69 2074 113 2107 85

48 2445 115 2477 ¹30

788 141 1093 187 AENEIDOS
1123 140 1188 186 XI
1725 145 1832 199 487

144 295 453 342 summasque
506 281 573 329 ad
620 281 846 330 Palladis
896 283 1026 331 arcis
1070 281 1351 331 subvehitur
1393 296 1576 343 mayna
1623 286 1836 332 ‘matrum

143 356 315 416 reyina
353 358 545 404 caterva
583 355 714 404 dona
750 359 937 416 ferens:
975 372 1085 405 cum
1118 357 1241 405 haec
1279 358 1562 420 agerentur,
1601 357 1836 406 subvehe-

143 429 294 477 batur
321 429 496 493 regina
524 429 731 479 tendens
762 431 827 478 ad
856 431 1098 494 templum
1128 432 1179 479 et
1208 426 1371 478 arcem
1401 429 1652 479 Minervae
1676 431 1835 480 ferens

145 503 287 552 dona.
350 503 715 552 subvehebatur
753 505 900 566 dixit,
939 521 1039 553 non
1082 504 1396 565 ambulabat,
1436 506 1554 566 quia
1593 505 1837 553 defecerat

58 602 71 631 ,v
145 577 333 639 animo,
371 593 461 626 nec
490 578 787 640 portabatur
814 579 869 627 in
899 581 1084 641 totum,
1116 578 1237 642 quia
1266 580 1534 640 utcumque
1564 578 1662 627 iter
1691 579 1836 627 facie-

143 652 232 700 bat
267 651 475 714 pedibus
516 653 642 701 suis:
687 652 816 714 ibat,
853 652 1042 716 inquit,
1086 653 1150 701 ad
1187 653 1451 716 templum,
1498 652 1584 702 sed
1622 654 1837 701 contine-

142 726 292 773 batur
339 727 615 789 utrimque,
665 728 725 775 ut
772 728 1026 789 pervenire
1075 726 1333 789 potuisset.
1408 727 1637 787 iuxtaque
1686 741 1839 775 eomes

143 800 364 848 Lavinia
408 801 566 861 viryo,
618 815 770 849 causa
818 802 939 850 mali
984 802 1131 850 tanti:
1178 801 1363 866 legitur
1407 803 1458 848 613
1503 817 1656 851 causa
1692 801 1837 850 malis
1854 809 1940 850 480

142 875 321 935 tantiS,
368 875 488 937 quia
525 875 686 923 multa
732 875 1016 924 acciderant
1052 875 1199 924 mala.
1277 891 1388 924 cum
1430 891 1510 937 ea,
1555 875 1742 939 inquit,
1788 877 1839 923 et

142 947 357 997 Lavinia
402 949 662 1012 pergebat,
713 965 840 1011 quae
885 951 1054 998 fuerat
1097 949 1244 998 malis
1296 949 1522 998 omnibus
1574 964 1745 1012 causa3
1796 949 1839 1008 si

143 1024 274 1071 enim
313 1023 604 1085 nuptiarum
644 1023 748 1072 eius
780 1024 1117 1073 controversia
1154 1039 1253 1072 non
1284 1023 1550 1085 extitisset,
1587 1026 1666 1072 tot
1694 1040 1839 1071 num-

143 1113 293 1159 quam
333 1099 589 1146 orerentur
626 1097 845 1148 adversa.
921 1098 1082 1146 oeulos
1112 1098 1293 1146 deiecta
1330 1098 1547 1146 decoros:
1596 1097 1840 1146 deiecerat

142 1170 356 1220 Lavinia
394 1172 562 1221 oculos
601 1172 682 1221 vel
719 1173 924 1235 propter
959 1171 1205 1220 invidiam
1241 1171 1478 1234 temporis
1516 1171 1597 1221 vel
1634 1174 1839 1234 propter

142 1245 441 1309 virginalem
478 1246 840 1295 verecundiam.
916 1247 1108 1308 potuit,
1150 1245 1337 1308 inquit,
1386 1245 1566 1294 habere
1604 1246 1837 1294 fiduciam

144 1319 366 1384 erigendi
405 1321 596 1381 oculos,
637 1321 874 1383 quoniam
912 1320 1106 1382 pulchri
1147 1320 1368 1382 fuerant,
1408 1319 1492 1368 sed
1523 1320 1839 1383 premebatur

143 1395 458 1444 conscientia.
510 1394 696 1443 sciebat
726 1395 859 1442 enim
889 1409 940 1442 se
972 1409 1075 1443 esse
1106 1395 1353 1443 malorum
1384 1393 1604 1443 omnium
1635 1409 1838 1443 causam

142 1469 193 1516 613
216 1469 340 1531 quid
362 1469 549 1532 virgini
579 1469 863 1517 conveniret
892 1469 1031 1517 eunti
1061 1484 1149 1531 per
1171 1468 1427 1531 publicum
1456 1471 1678 1517 noverat.
1731 1483 1839 1517 suc-

143 1543 316 1590 cedunt
351 1546 552 1599 matres,
598 1542 851 1607 ingressae
897 1544 1014 1591 sunt
1058 1544 1242 1591 matres
1287 1542 1376 1590 ubi
1421 1542 1588 1591 fuerat
1632 1542 1746 1603 dea,
1797 1545 1840 1590 et

142 1617 371 1677 templum
401 1619 507 1665 ture
536 1621 802 1676 vaporant:
833 1616 978 1679 quasi
1007 1617 1226 1679 plurima
1256 1617 1439 1679 species
1462 1616 1591 1664 turis
1615 1616 1839 1665 favorem

142 1690 362 1739 numinis
377 1691 538 1739 multo
561 1692 802 1739 maiorem
823 1690 876 1738 in
898 1693 1042 1740 tanto
1058 1691 1277 1753 periculo
1294 1706 1562 1753 provocare
1577 1690 1839 1753 potuisset,

144 1764 213 1813 sic
252 1765 487 1814 officiosis
524 1765 755 1813 manibus
802 1765 984 1814 altaria
1023 1765 1363 1826 cumulabant,
1414 1766 1471 1812 ut
1508 1780 1692 1828 vapore
1728 1765 1837 1826 ipso

141 1840 319 1902 templi
355 1842 524 1901 partes
562 1839 783 1889 universi
819 1839 1110 1902 tepuissent.
1167 1843 1211 1886 et
1245 1842 1458 1887 maestas
1496 1839 1592 1887 alto
1622 1838 1841 1898 fundunt

144 1914 201 1961 de
240 1913 405 1961 limine
434 1927 594 1962 voces:
632 1914 870 1976 quicquid
907 1914 1144 1962 maeroris
1185 1913 1349 1961 animo
1387 1912 1668 1961 retinebant
1704 1911 1838 1960 fiebi-

143 1987 272 2035 libus
312 1987 516 2036 vocibus
554 1987 873 2036 testabantur
916 1988 1208 2052 plangentes
1255 1988 1526 2050 praeterita
1571 1989 1622 2036 et
1669 1987 1840 2035 futura

143 2063 442 2123 metuentes,
472 2062 565 2110 hoc
602 2063 764 2126 magis
805 2063 972 2110 dolore
1013 2076 1302 2122 concussae,
1340 2077 1401 2108 ne
1440 2061 1494 2109 in
1523 2061 1720 2109 Aeneae
1761 2076 1839 2109 co-

143 2135 352 2183 nubium
374 2135 586 2184 Lavinia
607 2137 907 2199 perve'niret3
938 2152 1054 2184 nam
1078 2135 1260 2183 idcirco
1284 2151 1395 2184 cum
1419 2151 1478 2183 ea
1501 2135 1566 2183 ad
1588 2135 1838 2183 Minervae

143 2210 388 2273 templum
425 2211 609 2258 matres
656 2210 845 2258 multae
890 2212 1151 2274 congestae
1191 2206 1322 2258 sunt.
1397 2209 1613 2257 fundunt
1649 2209 1838 2270 inquit:

143 2284 245 2333 tale
284 2286 359 2333 est
397 2283 613 2332 fundunt
652 2284 797 2346 quale
837 2286 912 2333 est
948 2284 1191 2346 templum
1227 2285 1339 2332 ture
1378 2286 1646 2346 vaporant,
1694 2282 1838 2345 quasi

144 2373 346 2420 precum
385 2358 529 2421 copia
567 2359 857 2420 extorquere
891 2361 1059 2420 posset
1096 2357 1290 2406 numini
1329 2358 1460 2419 quod
1498 2357 1715 2405 brevitas
1755 2372 1836 2404 ne-

146 2431 323 2494 quibat
351 2432 554 2495 inplere.
610 2431 835 2481 adfectus
865 2432 946 2480 hic
977 2448 1232 2494 expressus
1264 2434 1341 2480 est
1371 2432 1682 2491 feminarum,
1708 2445 1836 2493 quae

145 2505 381 2555 videbant
420 2505 639 2555 studium
690 2521 834 2554 suum
878 2507 932 2553 in
971 2505 1126 2554 Turni
1171 2505 1473 2555 successibus
1515 2503 1749 2552 defecisse
1788 2506 1839 2551 et

145 2580 392 2644 putabant
430 2580 714 2628 adiumento
753 2579 969 2629 numinis
1011 2596 1067 2630 ac
1097 2581 1223 2629 turis
1256 2581 1400 2642 copia
1440 2581 1490 2627 et
1518 2577 1836 2639 multiloquio

145 2670 348 2717 precum
384 2654 493 2703 fieri
531 2669 674 2716 posse
714 2653 847 2716 quod
884 2654 1144 2717 provenire
1184 2650 1465 2716 cupiebant.
1528 2653 1836 2712 armipotens,

267 2844 291 2884 7
323 2845 562 2896 utrumque
585 2838 627 2882 V
651 2839 722 2883 ed.
821 2843 875 2882 10
906 2839 1130 2884 malorum
1160 2839 1361 2883 omnium
1393 2826 1464 2881 ed.
1566 2841 1620 2879 12
1651 2849 1837 2880 ureren-

147 2903 223 2943 tur
261 2898 302 2942 V
348 2905 582 2944 orerentur
626 2912 710 2942 nos
753 2899 949 2953 fuissent
994 2898 1064 2942 ed.
1206 2902 1260 2940 15
1307 2905 1446 2953 quum
1486 2910 1535 2952 p.
1579 2899 1723 2940 essent
1764 2894 1835 2939 ed.

150 2962 204 3001 16
235 2958 437 3003 sciebant
459 2958 501 3002 V
527 2971 640 3001 corr.
667 2957 738 3001 ed.
861 2961 918 3002 20
948 2958 1147 3002 nominis
1170 2956 1211 3000 V
1238 2970 1352 3000 corr.
1378 2955 1448 2999 cd.
