2050 3226
251 198 359 254 566
726 198 956 243 DONATI
986 197 1268 242 INTERPR.
1291 197 1472 244 VERG.

248 342 478 400 naturuS,
515 338 623 401 ipse
661 338 901 403 gauderet
937 337 1182 387 universis
1222 338 1281 386 de
1319 339 1499 387 eventu
1537 337 1656 386 belli
1694 338 1942 401 suspensis

249 413 479 462 adserens
529 413 656 461 nihil
692 413 801 460 fieri
847 412 950 461 sine
989 412 1131 473 fatis,
1182 411 1290 460 fata
1337 412 1504 460 autem
1547 411 1660 475 ipsa
1704 428 1794 474 pro
1841 413 1942 462 suis

249 486 475 549 partibus
514 488 696 547 facere,
736 487 937 534 tantum
975 501 1091 535 vero
1131 485 1190 533 de
1221 486 1432 535 victoria
1462 501 1690 534 securum
1722 501 1852 548 esse,
1887 491 1945 535 ut

248 562 351 609 iam
388 563 524 623 pacis
563 562 697 624 leges
736 559 1062 608 desiderasset
1100 560 1285 608 audire.

368 635 570 682 Postera
605 635 688 681 via:
725 648 939 682 summos
976 635 1237 694 spargebat
1266 633 1447 682 lwmine
1477 633 1654 682 montis
1684 637 1792 682 orta
1827 634 1944 691 dieS,

143 718 234 758 115
251 723 359 757 cuni
381 709 598 768 primum
633 708 729 756 alto
759 722 811 756 se
837 708 1025 768 yuryite
1055 708 1226 755 tollunt
1247 707 1375 756 Solis
1399 709 1506 768 equi
1534 709 1777 768 lucemque
1808 708 1946 756 elatis

249 783 456 831 naribus
487 783 677 841 efflant,
719 796 946 841 campum
975 781 1043 830 ad
1072 785 1311 830 certamen
1339 796 1547 843 maynae
1577 783 1666 831 sub
1696 783 1947 830 moenibus

248 857 386 904 urbis
425 856 631 904 dimensi
668 856 933 916 Rutulique
968 856 1066 903 viri
1105 856 1371 915 Teucrique
1403 857 1676 916 parabant,
1717 855 1836 919 quia
1874 857 1946 904 sic

252 931 445 978 Turnus
477 931 827 991 constituerat,
858 932 915 978 ut
946 930 1223 979 lucescente
1255 929 1335 978 die
1365 929 1591 992 proxima
1621 932 1944 994 pugnaretur,

249 1019 364 1052 mox
400 1006 460 1052 ut
505 1003 687 1052 exoriri
733 1007 964 1066 coeperat
1004 1004 1112 1065 lux,
1163 1020 1393 1066 campum
1441 1004 1654 1066 parabat
1703 1005 1943 1053 exercitus

248 1078 468 1140 partium
505 1077 811 1127 dimensione
858 1080 1106 1139 currente,
1155 1081 1215 1127 ut
1251 1077 1533 1126 latitudinis
1578 1079 1734 1127 totius
1781 1080 1946 1141 spatia

249 1169 308 1200 ex
355 1168 512 1215 aequo
561 1152 770 1216 singulis
815 1153 1149 1214 provenirent.
1224 1153 1278 1200 in
1315 1152 1563 1213 medioque
1598 1152 1732 1212 focos
1770 1155 1815 1200 ct
1850 1153 1946 1201 diis

249 1227 581 1274 communibus
604 1242 723 1275 aras
735 1227 1042 1288 yramineas:
1064 1227 1268 1289 propter
1291 1227 1711 1275 consecrationem
1734 1226 1946 1275 foederis

249 1315 360 1348 aras
402 1300 689 1349 statuebant
735 1317 793 1348 ex
839 1300 1062 1365 gramine
1109 1302 1160 1349 et
1197 1301 1445 1363 parabant
1490 1300 1624 1349 focos
1671 1301 1726 1348 in
1770 1300 1946 1362 medio,

247 1375 341 1422 hoc
373 1376 448 1423 est
478 1375 531 1422 in
562 1374 744 1435 limite,
777 1375 863 1436 qui
894 1374 1016 1423 duas
1047 1375 1206 1437 partis
1237 1374 1566 1423 testabantur.
1614 1374 1810 1424 effectas
1835 1374 1946 1437 diiS,

247 1448 427 1511 inquit,
459 1448 814 1509 communibus,
844 1449 964 1512 quia
996 1449 1159 1497 adhuc
1188 1450 1431 1497 incertum
1459 1448 1556 1496 fuit
1579 1465 1728 1511 quam
1752 1451 1945 1512 partem

252 1524 380 1571 esset
401 1525 632 1571 secutura
648 1522 871 1571 victoria.
910 1522 1186 1585 parabatur
1209 1526 1376 1571 autem
1393 1525 1507 1571 ante
1530 1523 1703 1571 urbem
1728 1522 1948 1585 spatium

251 1596 539 1656 certaturis,
578 1599 638 1646 ut
668 1597 727 1644 de
765 1597 921 1645 muris
953 1596 1210 1644 inbellium
1242 1597 1395 1645 oculis
1431 1596 1706 1645 subiaceret
1737 1596 1945 1645 duorum

250 1673 499 1719 certamen
549 1673 599 1719 et
643 1671 872 1720 fortunae
922 1670 1176 1719 iudicium.
1254 1671 1341 1719 alii
1382 1672 1653 1731 fontemque
1697 1671 1947 1731 iynemque

151 1753 234 1792 120
249 1746 471 1805 ferebant
506 1745 652 1793 velati
691 1746 788 1793 lino
829 1748 871 1792 et
906 1746 1116 1793 verbena
1147 1748 1362 1804 tempora
1391 1745 1562 1793 vincti:
1600 1744 1828 1793 ferebant
1857 1745 1947 1793 alii

252 1819 404 1867 sacris
443 1820 721 1867 necessaria
758 1818 858 1882 ipsi
897 1830 1092 1881 quoque
1138 1835 1237 1867 non
1277 1818 1438 1866 alieno
1478 1819 1617 1866 cultu
1659 1818 1830 1867 vestiti
1867 1820 1946 1868 vel

252 1892 428 1940 ornati.
498 1893 718 1952 procedit
755 1893 873 1954 leyio
911 1890 1224 1941 Ausonidum
1252 1893 1507 1952 pilataque
1538 1893 1702 1954 plenis
1747 1893 1947 1954 aymina

252 1981 303 2014 se
339 1966 557 2026 fundunt
587 1968 768 2026 portis:
805 1966 967 2029 pilata
1005 1966 1131 2015 dixit
1168 1967 1285 2029 pilis
1326 1969 1540 2028 armata,
1580 1967 1739 2030 pilum
1778 1968 1946 2015 autem

253 2055 406 2103 genus
455 2042 530 2088 est
566 2041 667 2088 teli.
743 2040 903 2102 plenis
950 2057 1065 2089 vero
1112 2042 1270 2103 portis
1323 2040 1524 2103 agmina
1570 2056 1620 2089 se
1671 2041 1948 2089 fundebant

254 2130 425 2162 eorum
463 2114 651 2162 scilicet
683 2116 769 2177 qui
808 2114 967 2163 securi
996 2115 1195 2163 fuerant
1225 2115 1347 2163 facti
1379 2114 1438 2163 de
1471 2114 1630 2163 alieno
1664 2114 1947 2176 certamine,

254 2187 343 2251 qui
366 2187 554 2235 dudum
583 2188 829 2251 fugientes
854 2204 1111 2236 murorum
1141 2189 1424 2251 petiverant
1453 2190 1567 2236 tuta
1591 2190 1640 2237 et
1670 2188 1945 2238 evidentem

254 2264 512 2311 evaserant
549 2266 770 2310 mortem.
830 2279 982 2324 nunc,
1023 2264 1142 2325 quia
1181 2264 1340 2311 omnis
1380 2262 1552 2311 aberat
1588 2264 1769 2323 metus,
1807 2263 1945 2311 nullo

254 2339 457 2400 cogente
488 2337 716 2383 certatim
754 2352 857 2384 sese
890 2336 1166 2385 fundebant
1193 2338 1247 2384 in
1279 2340 1452 2399 aperta
1483 2352 1782 2400 camporum.
1835 2337 1947 2384 hinc

255 2410 433 2458 Troius
458 2410 617 2458 onmis
642 2411 1012 2470 Tyrrhenusque
1041 2412 1142 2458 ruit
1171 2412 1327 2459 variis
1358 2411 1589 2458 ewercitus
1621 2411 1795 2466 armiS,
1826 2410 1946 2458 haut

155 2492 236 2531 125
253 2498 389 2532 secus
426 2484 649 2531 instructi
685 2484 837 2543 ferm,
886 2499 1032 2542 quam
1069 2485 1114 2532 si
1152 2499 1330 2544 aspera
1367 2485 1554 2533 Martis
1583 2498 1757 2544 puqna
1794 2487 1945 2532 vocet:
2026 2515 2027 2520 =

373 2659 398 2697 2
437 2655 535 2698 sine
572 2654 671 2708 fato
711 2653 780 2697 ed.
905 2658 929 2696 3
965 2659 1145 2699 tantum
1169 2654 1211 2698 V
1242 2660 1336 2699 tam
1368 2654 1439 2699 ed.
1491 2654 1497 2711 1
1552 2667 1760 2698 securum
1793 2653 1836 2697 V
1871 2654 1941 2698 ed.

253 2727 298 2758 se
327 2718 393 2758 a?
487 2718 510 2756 7
544 2714 596 2757 in
625 2718 849 2757 certamen
879 2713 950 2756 ed.
1043 2717 1070 2756 8
1101 2714 1175 2770 sis]
1194 2713 1236 2757 V
1266 2715 1333 2758 sic
1363 2727 1445 2757 nos
1478 2727 1566 2757 om.
1595 2712 1666 2756 ed.
1762 2717 1814 2756 12
1846 2714 1943 2757 sin-

252 2772 351 2829 yuli
394 2772 465 2816 ed.
589 2776 643 2815 15
682 2773 831 2816 hoc—
864 2776 917 2814 16
952 2773 1263 2817 communibus
1301 2786 1388 2817 om.
1425 2772 1496 2816 ed.
1552 2774 1555 2824 ξ
1614 2772 1722 2814 ante
1765 2772 1944 2826 effectas

254 2831 409 2875 nescio
443 2844 503 2874 an
533 2845 643 2875 aras
674 2830 911 2875 exciderit.
1025 2836 1079 2873 22
1113 2832 1310 2888 ayminis
1340 2831 1583 2886 effundunt
1604 2829 1658 2873 V.
1775 2835 1831 2873 24
1862 2843 1943 2887 ay·

253 2891 404 2934 minas
435 2890 730 2944 effundebant
750 2889 805 2933 V:
846 2902 954 2946 ergo
986 2890 1141 2933 nescio
1175 2903 1235 2933 an
1265 2889 1381 2933 Don.
1413 2904 1458 2934 se
1489 2889 1731 2944 effwndunt
1760 2888 1942 2946 legerit,

256 2948 380 3003 quod
422 2948 796 3004 Vergilianorum
839 2947 1062 2992 librorum
1109 2948 1263 2991 nullus
1310 2948 1519 3002 exhibet,
1563 2947 1644 2991 sed
1687 2947 1810 2991 infra
1850 2961 1942 2992 sese

254 3007 511 3060 fundebant
541 3007 765 3063 scriptum
797 3009 882 3052 est.
