2050 3226
3 0 17 151 voa...—

0 998 119 1053 'io

795 195 1099 241 AENEmos
1130 195 1194 239 x1
1732 200 1841 253 409

150 338 411 401 perhibent
448 339 499 386 et
538 337 640 384 alia
678 335 984 398 huiusmodi,
1029 337 1110 398 ut,
1157 335 1202 385 si
1239 335 1369 384 falsa
1406 338 1604 398 reperta
1642 336 1843 399 fuerint,

149 428 248 461 non
287 410 559 461 adserentis
598 410 904 474 professione
934 412 1218 471 teneantur,
1258 409 1344 459 sed
1376 409 1550 459 audita
1580 413 1844 473 narrantiS,

148 487 241 536 hoc
273 489 439 536 autem
469 486 601 545 1000,
633 500 745 533 cum
771 484 969 533 Aeneae
999 499 1263 547 personam
1292 485 1545 546 loquentis
1574 483 1845 546 induceret,

149 561 224 609 ait
261 561 388 624 „qui
426 559 562 608 solus
592 559 747 607 honos
781 558 1060 607 Acheronte
1093 559 1184 607 sub
1215 557 1316 607 imo
1348 556 1476 620 est“‚
1516 558 1650 622 quod
1679 559 1845 622 ipsum

150 650 249 683 non
303 634 605 695 dubitantis,
660 632 742 681 sed
800 649 859 680 ex
914 634 1086 696 aperto
1139 632 1385 682 firmffmtis
1440 634 1528 681 est.
1618 634 1660 681 si
1713 633 1846 681 enim

150 710 279 758 esset
323 709 564 769 incertus,
614 706 774 755 dicere
822 706 994 755 debuit
1040 706 1127 770 qui
1173 707 1306 756 solus
1353 707 1509 756 honos
1557 721 1662 756 esse
1710 707 1846 770 apud

148 783 335 831 inferos
382 783 554 831 fertur.
631 781 724 830 hoc
770 781 932 842 fieret,
979 780 1022 829 si
1067 796 1167 829 non
1213 782 1343 830 esset
1380 780 1578 830 Aeneae
1619 796 1845 844 persona,

149 859 204 906 at
241 869 354 906 cum
393 858 559 920 ipsum
604 854 798 903 inducit
836 856 923 918 qui
960 855 1079 903 haec
1119 854 1254 918 apud
1298 855 1485 904 inferos
1523 854 1758 918 probavit
1796 858 1847 904 et

149 930 299 992 vidit,
349 933 482 979 recte
532 930 795 979 confirmat
833 929 963 977 exire
1002 932 1226 978 mortuos
1266 929 1585 992 sepulturam.
1660 930 1846 993 quippe

148 1005 201 1054 in
232 1007 370 1054 sexto
403 1005 529 1053 libro
563 997 723 1070 (325)
755 1002 944 1052 dictum
983 1006 1058 1052 est
1097 1004 1255 1065 „haec
1294 1002 1454 1052 omnis
1495 1019 1648 1067 quam
1687 1003 1846 1052 cernis

148 1082 293 1142 inops
346 1080 706 1140 inhumataque
758 1077 904 1125 turba
957 1079 1052 1138 est,
1106 1076 1322 1140 portitor
1374 1077 1459 1126 ille
1514 1076 1733 1139 Charon,
1794 1077 1849 1126 hi

64 1151 72 1155 ’
150 1169 273 1217 quos
321 1154 458 1202 vehit
502 1151 638 1201 unda
684 1151 880 1215 sepulti.
964 1167 1054 1200 nec
1100 1150 1237 1215 ripas
1286 1151 1433 1200 datur
1478 1151 1749 1200 horrendas
1798 1154 1848 1200 et

75 1388 118 1422 15

148 1243 302 1276 rauca
339 1227 526 1275 fluenta
563 1229 907 1289 transportare
946 1227 1083 1288 prius
1125 1241 1277 1288 quam
1316 1225 1515 1274 sedibus
1556 1240 1669 1275 ossa
1709 1227 1847 1289 quie-

148 1305 282 1351 runt.
344 1304 544 1350 centum
583 1302 753 1349 errant
784 1315 939 1348 annos
970 1300 1284 1363 volitantque
1315 1300 1437 1348 haec
1466 1301 1618 1348 litora
1649 1301 1847 1361 circum,

149 1379 260 1425 tum
283 1375 482 1424 demum
506 1373 711 1424 admissi
735 1376 915 1438 stagna
947 1376 1184 1436 exoptata
1206 1373 1480 1422 revisunt“.
1535 1374 1630 1423 hoc
1652 1374 1847 1422 Aeneas

150 1449 343 1512 Sibylla
382 1451 656 1513 exponente
687 1450 1007 1513 cognoverat,
1037 1448 1161 1496 item
1191 1447 1458 1497 Palinurus
1491 1441 1565 1514 (6,
1592 1441 1723 1515 363)
1754 1449 1848 1497 hoc

148 1523 371 1589 rogavit,
418 1526 498 1585 ut,
547 1525 666 1586 quia
710 1523 843 1571 inter
886 1522 1166 1585 insepultos
1217 1522 1437 1584 errabat,
1483 1524 1735 1584 repertum
1774 1534 1846 1571 se-

148 1599 380 1662 pulturae
410 1597 693 1647 mandaret:
725 1596 896 1660 „quod
926 1595 1029 1658 te“,
1056 1598 1243 1659 inquit,
1266 1612 1392 1659 „per
1422 1596 1549 1645 caeli
1578 1595 1848 1644 iucundum

149 1674 317 1721 lumen
367 1674 418 1720 et
463 1688 633 1734 auras,
683 1688 772 1734 per
817 1670 1092 1735 genitorem
1139 1686 1247 1732 or0‚
1298 1687 1386 1734 per
1436 1685 1546 1732 spes
1598 1670 1846 1735 surgentis

149 1747 263 1809 Iuli,
287 1747 422 1810 eripe
452 1763 530 1794 me
561 1747 655 1808 his,
683 1747 884 1807 invicte,
907 1746 1053 1793 malis
1089 1747 1176 1793 aut
1206 1747 1263 1794 tu
1293 1744 1419 1792 mihi
1448 1746 1635 1793 terram
1665 1744 1793 1793 inice
1803 1743 1846 1792 “.

150 1837 258 1870 ecce
298 1820 432 1870 dicta
470 1822 546 1869 est
591 1835 741 1869 causa
786 1821 991 1882 propter
1031 1836 1181 1882 quam
1227 1818 1352 1866 dixit
1391 1819 1478 1882 qui
1517 1819 1651 1867 solus
1690 1819 1846 1867 honos

150 1895 429 1944 Acheronte
469 1895 559 1944 sub
597 1896 698 1942 imo
746 1895 834 1942 est.
909 1895 995 1952 ite,
1047 1895 1137 1949 ait,
1190 1894 1405 1954 eyreyias
1453 1893 1671 1949 animas,
1724 1906 1849 1952 quae

149 1970 389 2030 sanquine
411 1970 551 2017 nobis
573 1969 700 2017 haue
715 1969 938 2028 patriam
958 1978 1189 2027 peperere
1220 1981 1322 2023 sue,
1356 1967 1574 2015 decorate
1605 1967 1848 2027 supremis
1881 1969 1937 2008 25

148 2044 457 2091 muneribus:
507 2043 839 2091 consultorem
888 2042 1041 2090 talem
1093 2056 1243 2104 quam
1292 2040 1506 2089 libenter
1556 2057 1586 2089 a
1636 2042 1845 2090 circum-

150 2117 400 2166 stantibus
440 2118 677 2179 putamus
719 2115 967 2177 auditum,
1015 2132 1127 2164 cum
1168 2116 1238 2163 sic
1277 2115 1557 2163 nominaret
1596 2131 1678 2164 eos
1720 2131 1846 2178 quos

149 2191 270 2239 belli
300 2194 550 2239 certamen
583 2191 946 2252 absumpserat!
1011 2191 1099 2252 qui
1130 2189 1355 2252 proprio,
1387 2188 1574 2252 inquit,
1607 2190 1846 2253 sanguine

151 2266 364 2329 gloriam
403 2265 544 2313 nobis
586 2266 637 2312 et
674 2264 959 2312 libertatem
997 2265 1298 2326 pepererunt
1336 2278 1616 2326 supremam
1659 2279 1846 2311 meren-

151 2342 235 2388 tur
270 2338 701 2388 honorificentiam
740 2338 834 2386 hoc
874 2340 950 2386 est
989 2336 1311 2399 exequiarum
1351 2353 1587 2401 pompam
1628 2340 1677 2385 et
1707 2337 1847 2384 fune·

151 2429 261 2461 rum
295 2414 619 2477 sepulturam.
672 2413 796 2460 haec
827 2411 1033 2460 dicendo
1067 2411 1358 2460 audientum
1383 2413 1574 2460 animos
1601 2410 1847 2474 erigebat3

152 2487 196 2536 si
241 2488 371 2535 enim
416 2488 495 2535 illi
540 2488 642 2534 iam
688 2488 986 2548 pepererant
1030 2486 1247 2548 patriam
1294 2485 1381 2549 qui
1426 2486 1698 2548 perierant,
1745 2483 1849 2532 vivi

153 2563 417 2610 securitate
472 2563 620 2624 parta
673 2559 794 2608 laeti
847 2575 951 2608 esse
1006 2559 1292 2608 debuerant.
1384 2561 1642 2621 praeterea
1695 2573 1846 2606 unus·

153 2636 361 2699 quisque
414 2651 464 2684 se
517 2638 606 2683 aut
657 2649 888 2682 casurum
936 2633 1200 2682 inminenti
1248 2634 1380 2681 bello
1438 2635 1525 2681 aut
1578 2634 1846 2694 praeterito

272 2781 298 2819 8
337 2781 420 2821 aut
456 2789 557 2821 cum
589 2775 631 2818 V
664 2789 776 2819 corr.
811 2774 882 2818 ed.
1013 2778 1038 2817 9
1078 2775 1358 2831 sepulturam
1382 2773 1423 2815 V
1455 2788 1476 2817 e
1507 2773 1743 2828 sepultura
1775 2772 1846 2815 ed.

156 2839 208 2878 12
245 2835 323 2879 sed
356 2841 521 2880 trunca
545 2834 586 2878 V
619 2839 660 2878 et
693 2846 837 2878 rauca
876 2846 1102 2889 superscr.
1134 2848 1254 2877 man.
1288 2846 1378 2877 rec.
1456 2869 1460 2872 ⁴
1503 2836 1556 2875 15
1597 2837 1727 2885 tunc,
1766 2831 1848 2875 sed

24 2927 27 2938 .-
56 2946 59 2947 7
152 2893 202 2936 in
226 2893 289 2936 Vl
320 2899 415 2938 tum
440 2893 494 2938 V.
618 2898 672 2936 17
703 2893 898 2948 sepultos
924 2891 967 2935 V
997 2905 1111 2937 corr.
1145 2893 1216 2936 ed.
1343 2895 1395 2934 19
1428 2904 1526 2947 spes
1549 2889 1591 2932 V
1622 2903 1744 2946 spem
1775 2890 1847 2933 ed.

153 2953 203 2994 in
227 2951 291 2995 VI
315 2967 400 3009 per
429 2966 528 3009 spes
558 2954 784 3009 suryeutis
814 2951 913 2995 Iuli
944 2951 1086 2995 deest.
1191 2955 1246 2995 29
1279 2951 1565 2995 audientium
1597 2949 1668 2993 ed.
1706 2949 1711 3008 Ι
1746 2950 1849 2994 am'-

153 3025 252 3055 mas
275 3010 317 3053 V
349 3025 462 3055 corr.
497 3011 567 3055 ed.
693 3015 746 3054 32
780 3024 993 3055 casurum
1016 3009 1059 3052 V
1090 3024 1334 3055 causarum
1366 3009 1483 3053 edF.
