2050 3226
223 189 334 243 394
695 187 930 232 DONATI
959 187 1240 232 INTERPR.
1266 187 1446 232 VERG.

223 326 543 391 suspendere3
580 329 728 391 teque
758 331 1023 391 parentum
1061 327 1289 377 manibus
1328 329 1379 376 et
1416 327 1590 390 cineri,
1629 327 1673 376 si
1703 343 1805 390 qua
1843 330 1918 377 est

224 417 283 450 ea
314 417 448 464 cura,
470 401 698 450 remitto:
721 403 977 450 remittam
1007 404 1073 463 te,
1094 401 1276 464 inquit,
1298 404 1358 450 ut
1379 402 1590 465 porteris
1623 402 1688 450 ad
1717 404 1919 451 tuorum
1960 441 1962 443 >

222 476 485 539 sepulchra
513 475 781 538 maiorum,
811 476 1076 538 praestabo
1106 476 1229 524 haec
1259 475 1487 526 manibus
1518 468 1644 538 tuis,
1676 475 1720 525 si
1748 479 1918 525 tamen

222 549 427 612 aliquod
448 550 742 598 beneficium
766 550 989 599 sentiunt
1010 551 1211 612 mortui,
1225 549 1513 599 humanitas
1532 567 1644 600 mea
1659 551 1740 599 vel
1756 551 1917 600 occiso

221 624 463 687 proficiat.
532 641 704 673 verum
744 625 864 686 quia
909 640 968 672 ex
1011 626 1170 672 morte
1207 627 1300 673 tua
1343 624 1471 672 nihil
1517 624 1715 687 adquiri
1751 626 1919 688 potest
1969 636 1990 670 ε

159 751 164 754 ,
222 699 410 762 gloriae
442 714 604 760 meae,
636 698 839 746 accedat
867 699 984 747 tuae
1017 698 1152 760 quod
1181 700 1232 747 te
1261 714 1474 763 magnus
1497 698 1690 747 Aeneas
1723 699 1917 748 occidit.

222 775 298 822 est
337 773 522 835 quippe
559 771 881 821 memorabile
923 771 977 820 in
1017 772 1237 822 adversis
1275 773 1516 822 solacium
1552 788 1733 821 nomen
1770 774 1917 821 meri-

222 849 426 909 tumque
457 846 659 895 victoris
692 849 741 895 et
772 861 831 894 ea
854 846 1087 895 cecidisse
1112 847 1311 895 dextera
1336 862 1438 909 qua
1466 846 1615 896 multi
1643 846 1741 897 viri
1762 847 1917 896 fortes

223 921 476 983 absumpti
499 922 627 969 sunt.
666 921 887 981 increpat
907 921 1034 969 ultro
1059 922 1328 970 cimctantis
1347 922 1528 970 socios:
1550 936 1664 969 cum
1688 921 1917 970 accedere

221 995 498 1043 metuerent
518 995 722 1057 Rutuli,
751 997 811 1043 ut
840 996 1150 1058 prostratum
1180 995 1435 1057 tollerent,
1473 995 1606 1044 ultro
1639 1011 1722 1044 eos
1754 995 1916 1044 obiur-
1949 1007 1992 1041 ιο

222 1069 376 1133 gabat
398 1071 658 1131 tamquam
679 1068 850 1118 tardos
876 1071 926 1117 et
947 1068 1272 1134 neglegentis.
1311 1073 1355 1117 et
1367 1072 1500 1117 terra
1514 1069 1733 1118 sublevat
1753 1071 1918 1130 ipsum

221 1144 461 1204 sanquine
491 1146 768 1203 turpantem
799 1147 1007 1204 comptos
1037 1144 1095 1192 de
1124 1157 1256 1192 more
1287 1143 1512 1204 capillos:
1547 1143 1772 1192 hocloco
1805 1159 1918 1193 con-

219 1217 380 1280 plevit
418 1217 552 1280 quod
591 1217 818 1280 superius
848 1217 1056 1280 reliquit
1092 1217 1443 1281 inperfectum3
1479 1216 1586 1266 illic
1624 1218 1754 1265 enim
1793 1217 1920 1266 dixit

221 1293 499 1356 „ingemuit
536 1291 776 1340 miserans
809 1291 1030 1356 graviter
1062 1292 1383 1355 dextramque
1413 1290 1679 1354 tetendit“,
1717 1292 1799 1340 hic
1838 1308 1917 1339 ex·

219 1365 390 1429 posuit
427 1381 630 1415 causam
667 1367 872 1429 propter
911 1382 1062 1429 quam
1099 1366 1313 1414 tetendit
1357 1365 1634 1414 dexteram:
1682 1367 1732 1414 et
1769 1368 1918 1428 terra,
1949 1380 1991 1414 15

219 1440 401 1504 inquit,
433 1440 661 1490 sublevat
682 1441 848 1503 ipsum
871 1440 1112 1504 sanguine
1136 1442 1427 1504 turpantem
1451 1442 1674 1503 comptos
1700 1440 1759 1488 de
1782 1456 1919 1489 more

221 1515 439 1577 capillos,
480 1514 776 1563 sublevabat
797 1513 1042 1563 iacentem
1066 1530 1230 1563 comas
1249 1530 1365 1563 suas
1382 1531 1440 1562 ex
1459 1530 1595 1562 more
1621 1513 1685 1563 ad
1700 1515 1921 1577 pulchri-

221 1588 449 1637 tudinem
480 1588 763 1652 conpositas
794 1590 956 1637 terrae
988 1589 1191 1652 pulvere
1223 1590 1273 1637 et
1299 1588 1556 1653 sanguinis
1582 1589 1661 1636 sui
1690 1587 1918 1637 ubertate

221 1664 522 1726 turpantem.

339 1737 536 1785 Interea
563 1737 750 1798 yenitor
775 1737 995 1784 Tiberini
1026 1736 1092 1784 ad
1121 1737 1343 1795 fluminis
1372 1736 1561 1784 undam
1590 1736 1798 1784 vulnera
1827 1737 1917 1784 sic·
1949 1750 1993 1783 20

117 1816 204 1857 835
222 1812 364 1859 cabat
402 1811 608 1872 lymphis
647 1825 912 1871 corpusque
958 1811 1150 1859 levabat
1192 1808 1414 1872 [arboris
1457 1810 1666 1858 adclinis
1703 1813 1871 1858 trunco
1867 1808 1918 1872 ].·

220 1886 423 1934 truncus
454 1884 653 1948 proprie
685 1885 869 1933 dicitur
896 1884 1048 1933 robur
1079 1884 1291 1946 arboris,
1323 1884 1458 1946 quod
1483 1883 1783 1946 relinquitur
1813 1884 1918 1933 sine

221 1959 369 2007 ramis
410 1961 460 2007 et
499 1959 682 2021 capite,
720 1960 814 2007 hoc
851 1961 1019 2007 tamen
1050 1959 1159 2007 loco
1197 1958 1422 2022 integrae
1462 1958 1652 2008 alboris
1683 1959 1917 2006 truncum

222 2031 369 2093 dixit,
408 2035 602 2095 partem
640 2032 829 2085 scilicet
868 2048 995 2095 quae
1032 2032 1086 2080 in
1112 2033 1213 2080 imo
1251 2031 1404 2081 ramis
1444 2035 1518 2081 est
1556 2047 1728 2082 vacua.
1780 2032 1917 2081 istud

219 2106 295 2155 ita
334 2121 437 2155 esse
477 2123 535 2154 ex
574 2107 985 2170 consequentibus
1024 2106 1217 2169 probat.
1271 2107 1400 2169 ipse,
1438 2106 1628 2169 inquit,
1667 2107 1916 2170 gravitate
1947 2118 1991 2153 25

220 2180 441 2229 vulneris
474 2184 524 2228 et
555 2180 730 2229 salutis
763 2196 881 2229 suae
915 2181 1257 2244 desperatione
1288 2181 1510 2229 defessus
1542 2180 1918 2229 sustentabatur

222 2254 411 2304 arboris
449 2256 639 2302 trunco,
704 2255 876 2315 procul
915 2269 1059 2303 aerea
1095 2256 1252 2303 ramis
1290 2255 1522 2315 dependet
1554 2255 1723 2316 yalea:
1770 2255 1917 2318 galea

223 2331 390 2377 autem
421 2329 526 2377 eius
556 2328 709 2376 ramis
741 2344 980 2391 suspensa
1010 2329 1282 2391 pendebat:
1321 2329 1571 2393 tangendo
1602 2330 1835 2376 truncum
1867 2330 1917 2376 et

221 2418 386 2452 ramos
425 2403 598 2465 procul
645 2402 796 2450 dubio
845 2403 1068 2451 arborem
1113 2403 1361 2466 integram
1405 2402 1728 2466 significavit,
1776 2402 1914 2451 cuius

221 2477 350 2525 imae
388 2477 523 2539 parti
563 2492 613 2525 se
651 2476 925 2525 Mezentius
966 2477 1139 2539 dabat,
1179 2493 1305 2540 quae
1343 2491 1506 2525 ramos
1545 2491 1645 2524 non
1682 2475 1913 2524 habebat.
1946 2488 1990 2522 so

342 2592 367 2630 2
401 2602 454 2632 ea
486 2602 574 2631 om.
598 2586 641 2631 V
673 2587 740 2644 (in
779 2587 998 2632 lemmate
1036 2587 1212 2645 habet)
1264 2588 1270 2646 1
1325 2589 1550 2633 remittam
1587 2592 1629 2632 te
1659 2586 1701 2630 V
1739 2588 1915 2632 remitto

220 2651 262 2691 te
301 2646 371 2690 ed.
487 2652 514 2690 4
552 2647 817 2692 humanitas
839 2646 881 2690 V
911 2652 965 2692 ut
992 2648 1033 2691 h.
1067 2647 1139 2691 ed.
1255 2651 1280 2690 9
1314 2647 1565 2692 accederem
1595 2651 1851 2691 etuenerent
1872 2645 1915 2689 V

222 2706 483 2751 accederent
520 2711 562 2751 et
598 2707 803 2750 venirent
844 2705 915 2750 ed.
1050 2711 1103 2749 11
1148 2707 1418 2764 neyliyentes
1450 2705 1506 2750 V.
1565 2705 1569 2756 Ι
1627 2711 1669 2749 et
1709 2710 1825 2750 terre
1858 2704 1912 2748 V.

224 2769 277 2807 12
326 2770 489 2809 comtos
526 2764 581 2808 V.
639 2765 646 2822 Ι
701 2765 858 2809 hoc—
885 2769 939 2808 17
974 2766 1166 2821 capillos
1208 2779 1296 2809 om.
1337 2765 1407 2810 ed.
1538 2768 1593 2807 15
1636 2765 1822 2809 dextera
1857 2763 1912 2807 V.

222 2828 275 2866 21
303 2824 438 2881 lynfts
454 2823 509 2868 V.
571 2823 907 2877 lavabatVed.‚
925 2824 1006 2866 sed
1025 2825 1364 2869 sustentabatur
1377 2823 1776 2878 interpretationis
1794 2824 1914 2867 leva-

222 2883 300 2926 bat
328 2883 494 2938 poscit.
585 2883 1005 2927 arboris—trunco
1038 2883 1169 2927 deest
1199 2883 1249 2926 in
1272 2883 1327 2937 V,
1360 2882 1442 2926 sed
1474 2882 1746 2938 explicatur.
1788 2881 1792 2939 Ι
1836 2895 1914 2925 ac-

221 2942 351 2986 clivis
382 2941 452 2985 ed.
539 2946 593 2984 22
625 2943 764 2986 rubor
786 2941 841 2985 V.
927 2946 982 2984 25
1014 2944 1213 2998 yraviter
1240 2942 1311 2985 ed.
1397 2946 1452 2984 26
1484 2942 1833 2998 disperationem
1855 2940 1911 2983 V.

224 3004 279 3042 27
308 3001 542 3056 proculere
574 3002 715 3045 armis
738 3000 792 3044 V.
917 3004 972 3043 30
999 3003 1151 3057 partis
1181 3002 1464 3046 semelentius
1486 2999 1541 3044 V.
