2050 3226
11 270 35 438 Ξ

781 189 1086 235 AENEmos
1117 189 1181 233 1x
1718 193 1827 247 213

137 331 281 399 (nam
317 334 436 382 mihi
471 333 594 394 facti
629 333 771 393 fama
808 334 888 381 sat
923 330 1029 391 est),
1068 330 1251 379 tinnulo
1288 329 1455 378 videor
1490 331 1702 391 reperire
1739 333 1829 381 sub
1848 340 1932 381 195

134 409 218 457 illo
243 423 387 469 posse
416 409 550 457 viam
589 407 656 455 ad
691 420 859 454 muros
890 409 933 453 et
961 405 1155 452 moenia
1182 404 1468 454 Pallantea:
1506 404 1550 453 si
1586 405 1704 466 tibi,
1743 406 1830 467 ait,

34 533 37 538 ,
134 500 212 531 1110
243 485 442 545 petente
475 481 667 544 aliquid
705 480 984 529 decernitur
1014 478 1260 527 commodi
1289 475 1431 542 (nam
1460 478 1586 527 mihi
1615 479 1832 528 sufficiet

59 1012 103 1045 10

60 1381 101 1415 15

135 558 297 621 gloria
347 572 475 619 quae
524 557 759 605 nascetur
807 570 865 602 ex
909 547 1092 619 facto),
1146 552 1348 602 videtur
1391 553 1517 601 mihi
1561 569 1705 616 posse
1751 569 1830 602 me

134 630 355 680 invenire
402 631 540 679 viam
585 629 676 678 sub
721 629 810 677 illo
856 628 1079 689 tumulo,
1124 627 1218 675 hoc
1256 629 1332 675 est
1369 642 1460 690 per
1495 627 1656 676 hostis
1693 629 1829 676 tran-

135 705 286 754 situm
339 703 427 767 qui
485 703 725 768 pergendi
778 702 842 751 ad
887 701 1180 750 Euandrum
1232 700 1471 764 praebeat
1521 701 1829 750 facultatem.

133 780 362 839 obstipuit
397 792 574 840 mayno
613 777 818 826 laudwm
847 777 1107 836 perculsus
1153 789 1317 824 amore
1357 775 1636 837 EumyabuS,
1682 776 1831 824 simul

132 854 209 902 his
240 853 487 902 ardentem
518 852 723 912 adfatur
753 852 988 899 amicum:
1017 850 1267 913 Euryalus
1298 850 1452 898 etiam
1480 850 1587 912 ipse
1619 850 1830 912 cupidus

133 926 310 988 laudiS,
342 943 453 975 cum
483 927 606 975 haec
637 926 921 988 accepisset,
961 924 1107 973 dictis
1139 924 1241 973 suis
1273 924 1491 972 amicum
1521 927 1597 973 est
1627 925 1829 973 adfatus

134 1002 401 1050 ardentem.
487 1015 624 1049 mene
672 1001 821 1061 iyitur
873 999 1058 1048 socium
1105 999 1310 1046 summis
1355 999 1622 1059 adiwnyere
1668 1000 1827 1056 rebus,

131 1076 268 1132 Nise,
299 1076 466 1137 fuyis?
504 1076 662 1123 solum
691 1078 734 1122 te
763 1075 818 1122 in
848 1077 988 1122 tanta
1000 1073 1228 1133 pericula
1256 1073 1477 1121 mittam?
1516 1074 1566 1121 et
1594 1088 1831 1136 prospera
1845 1079 1932 1119 200

133 1149 280 1198 simul
303 1152 354 1198 et
385 1150 594 1198 adversa
618 1149 894 1212 proposuit.
953 1149 1126 1197 contra
1155 1147 1406 1208 meritum,
1436 1147 1617 1209 inquit,
1647 1146 1828 1196 veteris

133 1223 381 1273 amicitiae
413 1223 696 1284 consilium,
734 1222 878 1283 Nise,
912 1237 1087 1285 capere
1125 1221 1337 1283 potuisti
1368 1223 1419 1269 et
1456 1221 1666 1270 solidam
1706 1221 1830 1270 facti

133 1299 347 1383 gloriam
376 1298 479 1346 tuis
509 1299 708 1346 tantum
738 1259 905 1345 titulis
935 1311 1192 1358 usurpare,
1216 1294 1449 1344 videlicet
1471 1310 1675 1358 sperans
1702 1295 1829 1343 nihil

132 1388 275 1435 posse
307 1373 361 1420 in
393 1372 700 1420 contrarium
729 1369 892 1420 verti?
946 1369 1126 1432 quodsi
1154 1371 1212 1418 tu
1251 1369 1538 1432 exploratae
1578 1370 1828 1418 amicitiae

132 1447 297 1494 virum
326 1447 576 1509 prosperis
600 1446 704 1494 tuis
728 1462 828 1494 non
851 1445 925 1494 vis
951 1443 1242 1528 adiungere,
1270 1459 1362 1508 ego
1393 1445 1443 1492 te
1473 1459 1571 1492 non
1605 1444 1827 1493 deseram

130 1522 184 1568 in
219 1521 409 1604 pericla
446 1522 748 1584 pergentem.
823 1535 923 1567 non
961 1519 1036 1567 vis
1076 1520 1134 1567 tu
1172 1519 1419 1582 gloriosus
1456 1534 1676 1567 remeare
1717 1533 1828 1566 cum

131 1594 286 1644 socio:
326 1611 417 1659 ego
450 1611 561 1643 eam
590 1597 770 1655 tecum,
801 1609 862 1642 ne
895 1607 1067 1656 pereas
1099 1593 1249 1641 solus.
1298 1607 1398 1640 non
1427 1593 1499 1641 ita
1530 1607 1606 1640 me
1641 1594 1828 1654 genitor

131 1669 267 1717 bellis
306 1670 538 1717 adsuetus
571 1667 791 1729 Opheltes
819 1667 1104 1728 Aryolicmsm
1142 1670 1372 1714 terrorem
1408 1667 1535 1715 inter
1559 1667 1827 1727 Troiaeque

132 1743 319 1792 labores
356 1744 604 1792 sublatum
641 1743 820 1791 erudiit
854 1756 942 1790 nec
979 1745 1133 1790 tecum
1170 1741 1294 1789 talia
1327 1742 1480 1802 yessi:
1518 1740 1712 1789 erudire
1752 1743 1828 1790 est

130 1816 407 1866 novitatem
428 1817 682 1866 indoctam
711 1817 805 1865 hoc
829 1818 906 1864 est
925 1815 1100 1864 rudem
1125 1815 1287 1863 facere
1312 1814 1532 1863 docendo
1555 1815 1825 1864 meliorem.

130 1893 347 1939 tractum
379 1894 455 1940 est
482 1892 576 1940 hoc
608 1907 638 1940 a
667 1890 912 1952 vestibus,
953 1888 1102 1953 quae,
1135 1905 1248 1938 cum
1282 1889 1428 1938 rudes
1460 1891 1597 1950 sunt,
1636 1889 1827 1937 nullam

130 1966 348 2014 retinent
378 1966 594 2030 gratiam
633 1967 684 2014 et
720 1966 888 2028 posita
924 1964 1318 2013 rudimentorum
1346 1964 1538 2012 inluvie
1577 1965 1683 2012 arte
1723 1979 1826 2012 sus·

131 2040 327 2102 cipiunt
380 2039 796 2102 speciosissimam
848 2039 1083 2099 formam,
1137 2054 1289 2100 quam
1340 2039 1472 2086 inter
1526 2037 1672 2086 initia
1724 2053 1824 2086 non

129 2113 394 2162 habebant.
468 2114 841 2175 maynanimwm
885 2112 1090 2162 Aenean
1129 2116 1172 2160 et
1207 2113 1318 2172 fata
1362 2115 1574 2160 extrema
1611 2115 1825 2160 secutus:

129 2204 228 2236 non
284 2188 353 2237 sic
404 2203 514 2237 sum
566 2189 840 2236 instructus
891 2202 922 2234 a
970 2203 1124 2250 puero
1179 2202 1269 2235 nec
1321 2187 1424 2234 tale
1477 2186 1824 2250 magisterium

130 2263 288 2325 patris
322 2263 504 2325 accepi,
536 2264 678 2325 patre
709 2263 857 2310 natus
890 2276 1002 2310 sum
1031 2260 1176 2309 bellis
1201 2261 1424 2309 adsueto.
1485 2260 1825 2323 probaverunt

130 2337 367 2384 virtutem
389 2339 612 2385 nostram
635 2335 828 2384 labores
848 2337 1042 2397 patriae
1063 2337 1127 2396 et,
1152 2335 1194 2383 si
1218 2335 1425 2383 adverso
1450 2336 1608 2382 marte
1631 2350 1822 2398 pugna-

130 2413 239 2458 tum
262 2413 351 2472 est,
368 2426 467 2458 non
490 2412 731 2471 nostrum,
747 2409 831 2458 sed
854 2409 1087 2458 fortunae
1103 2408 1283 2458 vitium
1305 2408 1419 2457 fuit.
1458 2408 1628 2457 docuit
1643 2425 1720 2456 me
1737 2408 1822 2456 ille

131 2487 220 2533 aut
234 2499 348 2533 cum
365 2484 510 2533 sociis
527 2486 619 2533 aut
639 2500 730 2547 pro
747 2484 892 2533 sociis
909 2483 1050 2532 mori.
1088 2483 1384 2531 rudimentis
1406 2482 1530 2531 meis
1545 2498 1645 2530 non
1662 2482 1823 2530 defuit

131 2573 279 2607 causa
297 2574 396 2621 qua
411 2560 509 2607 viri
524 2558 669 2607 fortis
684 2558 816 2606 filius
833 2557 1122 2621 magisterio
1136 2557 1267 2606 tanti
1283 2557 1522 2621 genitoris
1538 2556 1820 2605 instruerer.

132 2631 338 2681 ardebat
366 2633 540 2681 infelix
570 2632 750 2696 patria,
780 2633 1075 2681 vastabatur
1098 2633 1247 2680 armis
1278 2630 1543 2679 hostilibus
1569 2632 1618 2678 et
1640 2630 1820 2678 labori·

131 2705 221 2755 bus
259 2707 478 2769 paternis
519 2707 806 2767 adiunctus,
853 2722 964 2754 cum
1010 2705 1231 2754 nondum
1276 2707 1413 2753 aetas
1452 2719 1645 2752 umeros
1685 2719 1819 2753 meos

251 2838 273 2876 1
306 2834 422 2887 faeti
453 2847 541 2876 om.
567 2833 638 2877 ed.
732 2837 758 2876 3
789 2833 963 2887 suffieit
993 2832 1063 2876 ed.
1149 2837 1176 2876 4
1207 2832 1361 2876 videor
1390 2831 1503 2875 ‘mih-i
1525 2843 1657 2886 posse
1686 2844 1754 2874 me
1777 2828 1820 2871 V

32 2899 34 2902 ·
133 2890 202 2934 ed.
234 2892 414 2937 videtur
445 2892 688 2936 emendavi
719 2892 776 2936 cf.
804 2897 874 2944 12,
892 2895 991 2935 952.
1101 2896 1124 2934 7
1153 2893 1390 2947 perculsus
1413 2889 1454 2931 V
1479 2889 1550 2934 ed.
1579 2903 1821 2945 percusms

131 2948 268 3007 Verg.
300 2950 411 2994 libri
450 2951 507 2995 cf.
541 2955 582 3005 8,
609 2956 708 2995 121.
831 2955 855 2993 9
894 2951 991 2995 suis
1020 2949 1063 2992 V
1094 2950 1164 2994 ed.
1205 2964 1263 2994 ne
1303 2949 1489 2992 dubites
1530 2948 1587 2992 cf.
1623 2952 1692 3003 10,
1717 2953 1819 2994 466.

135 3012 187 3050 17
220 3011 430 3064 pericula
469 3011 540 3055 ed.
665 3014 719 3054 18
752 3023 849 3054 eam
873 3009 915 3052 V
944 3011 1124 3054 veniam
1155 3009 1227 3053 ed.
1351 3013 1405 3051 32
1436 3008 1739 3053 vastabantur
1761 3007 1817 3050 V.
