2050 3226
51 1370 94 1403 15

44 2111 91 2144 25

779 176 1083 223 AENEmos
1114 177 1180 222 XI
1718 181 1826 234 449

130 321 184 368 in
221 319 332 383 ipso
370 319 502 369 bello
539 317 742 367 interire
780 319 991 381 possunt
1028 319 1079 366 et
1114 319 1230 380 post
1258 317 1407 365 finem
1444 316 1584 379 belli,
1624 320 1667 367 si
1706 320 1826 367 exti-

130 394 286 443 terint
324 393 507 457 aliqui,
553 407 651 441 non
691 394 854 441 essent
891 391 1088 441 evasuri
1126 391 1439 455 supplicium.
1515 392 1591 440 vel
1627 392 1827 441 Priamo

129 468 414 517 miseranda
460 467 661 516 damus:
717 465 986 515 admodum
1035 465 1156 515 dicit
1205 465 1451 515 saevitum
1498 465 1552 513 in
1599 466 1827 528 Teucr08‚

130 543 365 604 quoniam
404 540 579 590 Graeci
617 556 707 589 nec
744 540 945 589 Priamo
991 541 1318 604 pepercerunt
1365 542 1416 588 et
1459 539 1568 604 regi
1614 542 1664 588 et
1709 540 1826 589 seni.

127 616 306 680 incipit
336 615 439 665 iam
470 630 756 664 enumerare
785 631 913 677 quae
944 616 1231 664 summatim
1261 613 1544 677 proposuit,
1575 617 1635 663 ut
1666 616 1827 663 osten·

129 689 218 739 dat
257 690 344 754 qui
382 706 512 753 quae
550 688 685 752 passi
731 690 834 738 sint
877 691 928 737 et
971 690 1026 737 in
1066 688 1242 752 quibus
1281 689 1404 737 locis
1451 689 1530 738 vel
1577 704 1666 751 per
1704 704 1827 751 quos

127 764 231 812 illis
269 762 517 828 supplicia
553 762 744 812 inflicta
783 762 906 813 sint:
944 764 1035 812 scit
1063 764 1196 812 triste
1226 763 1487 811 Minervae
1525 763 1686 819 sidus,
1728 779 1827 826 quo
1845 776 1931 816 260

125 837 258 887 Aiax
294 839 446 902 periit
476 839 526 885 et
557 838 702 899 socii,
742 841 785 885 et
812 837 1062 886 Euboicae
1101 840 1284 894 cauteS,
1324 836 1411 885 ubi
1449 836 1680 886 similiter
1718 838 1826 900 plu-

125 913 243 961 rimi
294 911 559 976 naufragio
616 911 798 960 laniati
852 913 991 973 sunt,
1043 911 1262 971 ultorque
1317 909 1616 972 CaphereuS,
1670 926 1828 974 mom,

126 986 262 1051 apud
293 1003 441 1050 quem
470 985 766 1035 interierant
797 985 906 1048 alii3
939 986 1153 1034 ultorem
1186 984 1312 1034 dixit
1343 984 1673 1048 Caphereum,
1705 1001 1826 1048 quo-

125 1060 263 1109 niam
309 1064 417 1110 tam
465 1076 696 1124 asperum
740 1060 861 1109 litus
900 1059 1222 1123 pereuntibus
1270 1059 1522 1123 praebuit,
1567 1062 1626 1108 ut
1670 1060 1828 1108 veluti

124 1134 246 1183 irati
297 1135 462 1184 animo
521 1137 723 1183 cunctos
774 1133 1167 1198 pessumdedisse
1220 1135 1463 1183 videatur.
1539 1134 1718 1182 militia
1769 1149 1825 1183 ex

124 1210 235 1265 illa,
287 1209 339 1257 id
389 1211 464 1257 est
507 1211 775 1272 postquam
822 1209 881 1257 de
927 1208 1079 1257 Troia
1114 1208 1398 1257 abscessum
1437 1209 1533 1269 est,
1581 1208 1828 1256 diversum

126 1283 193 1331 ad
224 1283 338 1332 litus
370 1284 546 1340 adacti,
580 1284 700 1346 quia
731 1282 914 1331 dicitur
942 1298 1043 1330 non
1073 1282 1211 1332 venit
1243 1298 1341 1346 quo
1366 1282 1489 1344 vult,
1521 1282 1607 1331 sed
1638 1298 1694 1331 eo
1727 1298 1827 1344 quo

123 1357 394 1406 necessitas
439 1357 552 1420 ipsa
598 1357 891 1420 conpulerit.
968 1357 1091 1419 quid
1135 1372 1251 1405 vero
1299 1358 1366 1405 sit
1413 1356 1662 1406 diversum
1706 1357 1827 1406 litus

123 1432 231 1494 ipse
278 1431 610 1480 enumerando
658 1431 881 1494 exponit3
927 1446 1046 1479 nam
1092 1433 1167 1480 est
1214 1431 1362 1495 longe
1413 1430 1475 1479 ab
1523 1431 1681 1479 altero
1729 1430 1826 1480 dis-

122 1507 372 1568 paratum.
441 1505 654 1568 denique
692 1504 912 1562 Atridae,
952 1504 1142 1568 inquit,
1179 1506 1342 1553 Protei
1378 1505 1642 1553 Menelaus
1681 1506 1827 1553 adus-

124 1594 214 1639 que
245 1580 496 1628 columnas
528 1580 704 1636 emolat,
736 1578 979 1628 Aetnaeos
1009 1579 1133 1627 vidit
1165 1577 1400 1641 Cyclopas
1439 1579 1620 1628 Ulixes.
1675 1594 1827 1641 reqna

121 1654 420 1714 Neoptolemi
476 1654 690 1714 referam
749 1668 1005 1713 versosque
1055 1655 1256 1713 penatis
1303 1653 1529 1701 Idomeni
1581 1653 1826 1715 Libycone
1843 1667 1929 1708 265

121 1728 389 1776 habitantis
420 1729 556 1776 litore
586 1728 804 1776 Locros?
854 1727 941 1777 isti
965 1743 1131 1776 omnes
1156 1743 1256 1776 non
1281 1728 1398 1790 soli,
1430 1726 1517 1776 sed
1541 1743 1654 1775 cum
1678 1728 1825 1776 sociis

122 1803 227 1850 suis
266 1802 389 1851 haec
426 1802 648 1866 perpessi
686 1805 816 1850 sunt.
865 1803 969 1862 ipse
998 1803 1300 1863 Mycenaeus
1336 1816 1627 1863 maynorum
1658 1802 1826 1850 ductor

121 1875 388 1925 Achivum:
451 1876 657 1925 dicendo
703 1877 810 1939 ipse
858 1891 1120 1939 personam
1164 1876 1374 1939 potioris
1421 1875 1584 1924 voluit
1628 1876 1825 1924 demon·

122 1952 294 1998 strare.
372 1951 505 2013 quod
541 1967 602 1998 ne
642 1966 742 1998 non
780 1951 1175 2014 intellegeretur,
1222 1950 1518 2013 Mycenaeus
1565 1950 1730 2012 inquit
1776 1953 1825 1999 et

122 2040 420 2088 magnorum
451 2024 626 2074 ductor
649 2024 910 2087 Achivum,
940 2025 1052 2074 ideo
1077 2040 1389 2088 magnorum,
1414 2025 1536 2087 quia
1560 2025 1824 2073 accedebat

122 2099 186 2147 ad
225 2098 423 2146 laudem
470 2098 609 2147 ducis
660 2115 830 2147 eorum
874 2101 1108 2147 meritum
1149 2114 1271 2161 quos
1309 2098 1528 2163 regebat.
1606 2100 1823 2160 coniuyis

120 2173 362 2232 infandae
387 2173 554 2232 prima
583 2173 710 2220 inter
741 2173 914 2221 limina
938 2173 1108 2221 dextra
1131 2173 1346 2234 oppetiit,
1380 2173 1616 2222 devictam
1644 2173 1823 2221 Asiam

113 2248 333 2307 possedit
362 2247 576 2295 adulter:
612 2246 967 2311 indignitatem
1011 2249 1062 2295 et
1093 2247 1413 2296 acerbitatem
1443 2264 1610 2295 rerum
1647 2248 1820 2295 multis

120 2321 281 2370 modis
333 2320 571 2383 ostendit,
624 2324 682 2369 ut
726 2321 811 2369 ille
857 2323 936 2371 vir
983 2322 1119 2370 ortus
1166 2337 1224 2370 ex
1271 2321 1393 2370 urbe
1438 2322 1614 2371 inclita
1660 2322 1821 2383 Myce-

240 2467 266 2505 2
299 2462 447 2519 aliqui
476 2475 570 2506 non
592 2461 635 2506 V
667 2462 788 2506 nulli
819 2462 877 2506 ed
984 2466 1009 2505 3
1041 2477 1206 2508 manus
1229 2462 1272 2507 V
1296 2463 1383 2518 ed„
1411 2463 1491 2507 sed
1516 2462 1631 2506 Don.
1658 2463 1820 2506 damus

120 2520 291 2578 legisse
334 2535 439 2564 cum
480 2521 664 2578 PVerg
706 2521 898 2590 interpr.
940 2521 1090 2566 docet.
1211 2528 1239 2566 4
1278 2524 1494 2579 quoniam
1525 2521 1567 2564 V
1606 2535 1707 2565 cum
1746 2521 1816 2565 ed.

123 2584 147 2623 6
179 2586 287 2625 sunt
309 2579 352 2624 V
377 2581 447 2624 ed.
480 2582 574 2625 sint
605 2594 711 2634 nos,
745 2581 855 2636 quia
884 2582 979 2626 sint
1009 2581 1230 2638 sequitur.
1333 2586 1359 2625 8
1387 2583 1509 2637 perit
1531 2580 1574 2623 V
1606 2595 1719 2624 corr.
1746 2580 1817 2624 ed.

122 2643 147 2682 9
172 2641 447 2696 ultorque—
467 2644 522 2683 10
546 2641 633 2684 alii
657 2654 797 2696 supra
819 2641 926 2696 post
949 2641 1064 2685 socii
1087 2639 1231 2685 habet
1246 2641 1287 2685 V
1311 2639 1599 2696 transposui:
1626 2653 1818 2683 mons—

120 2699 207 2742 alii
239 2713 326 2742 om.
357 2699 428 2743 ed.
554 2703 609 2743 10
648 2699 882 2753 cafareum
925 2699 991 2757 (in
1028 2699 1247 2744 lemmate
1287 2700 1506 2754 cafereus)
1539 2698 1594 2742 V.
1646 2698 1650 2756 Ι
1708 2712 1818 2755 quo-

118 2759 247 2802 niam
285 2757 328 2801 V
373 2772 475 2803 cum
521 2758 592 2802 ed.
733 2762 787 2801 13
835 2759 1077 2804 discessum
1123 2760 1194 2804 ed.
1334 2764 1388 2802 16
1435 2763 1697 2814 separatum
1744 2758 1814 2801 ed

121 2821 175 2859 17
208 2817 400 2873 denique
431 2819 480 2861 et
509 2818 660 2873 inquit
692 2831 778 2861 om.
814 2817 884 2862 ed.
1008 2823 1063 2863 18
1102 2819 1260 2863 exulat
1298 2818 1369 2862 ed
1502 2822 1554 2860 19
1587 2817 1818 2861 Idomenei

121 2876 192 2919 ed.
241 2876 245 2934 Ι
296 2877 522 2933 Lybieove
562 2877 634 2921 ed.
768 2881 822 2920 22
863 2877 1049 2922 dicende
1071 2877 1114 2922 V
1146 2878 1230 2922 -do
1263 2877 1332 2921 ed.
1372 2877 1562 2921 dicendo
1600 2877 1695 2932 ipse
1733 2890 1816 2920 nos

122 2934 178 2979 cf.
213 2939 253 2986 7,
281 2939 380 2979 783.
473 2940 528 2979 23
559 2950 616 2980 ne
647 2949 735 2979 om
762 2935 832 2979 ed.
877 2936 882 2995 Ι
927 2938 1210 2994 intelleyetur
1233 2936 1275 2980 V
1308 2950 1420 2980 corr.
1439 2935 1525 2979 ed.
1627 2939 1683 2978 24
1715 2935 1816 2980 doc-

120 2999 190 3038 tor
220 2993 275 3037 V.
400 2999 454 3037 26
487 2996 606 3039 inter
629 2994 671 3038 V
702 2996 827 3040 intra
860 2995 932 3040 ed.
1055 3001 1109 3040 27
1142 2996 1343 3041 subsedit
1374 2995 1444 3040 ed.

210 3084 773 3126 Don.inteerr.pv1·.vgv10.11.
1488 3090 1542 3127 29
