2050 3226
192 180 301 232 426
664 176 896 221 DONATI
926 176 1206 221 INTERPR.
1231 175 1410 222 VERG.

192 317 366 376 quibus
397 317 526 365 eaelo
549 319 592 364 te
616 317 845 365 laudibus
869 316 1098 376 aequem?
1128 313 1431 377 [iustitiaeue
1449 315 1596 376 prius
1617 315 1767 364 mirer
1790 315 1883 364 bel-

193 391 289 438 liue
321 390 604 452 laborum&
635 407 746 439 cum
776 390 1019 451 laudaris,
1051 389 1186 438 caelo
1217 389 1419 438 mereris
1450 391 1669 452 aequari,
1693 389 1778 438 ubi
1809 391 1884 438 est

191 464 349 514 virtus
389 466 548 514 omnis
588 467 639 513 et
677 480 794 513 vera
831 464 1039 512 iustitia.
1090 477 1180 511 uos
1217 477 1328 511 vero
1358 464 1475 512 haee
1497 464 1719 524 patriam
1753 464 1884 524 yrati

189 540 455 599 referemus
501 539 568 587 ad
611 540 780 586 urbem
826 541 869 586 et
913 541 975 594 te,
1026 537 1071 585 si
1117 552 1214 596 qua
1258 538 1392 585 viam
1441 538 1624 586 dederit
1665 538 1881 597 fortuna,

191 612 375 661 Latino
412 613 667 674 iunyemus
705 612 826 672 reqi,
875 614 1079 671 quaerat
1115 611 1210 659 sibi
1245 611 1444 671 foedera
1483 612 1707 660 Turnus:
1758 627 1884 674 quae
1937 625 1958 658 5

192 687 385 736 locutus
437 702 486 735 es
525 687 605 735 vel
645 702 772 748 quae
811 685 1070 734 benivolus
1108 685 1407 747 praestitisti
1445 686 1579 749 grati
1615 686 1884 734 referemus

193 761 257 809 ad
305 761 501 809 nostros
552 762 701 822 atque
752 775 955 822 operam
1004 758 1230 807 dabimus
1280 761 1340 807 ut
1387 759 1653 823 superioris
1706 760 1883 808 erroris

161 833 350 883 'nostri
395 835 542 896 culpa
588 835 836 883 summota
879 834 1052 882 redeat
1096 849 1182 881 rex
1218 832 1430 882 Latinus
1475 835 1529 881 in
1572 833 1885 882 concordiam

189 911 332 957 tuam
385 910 546 970 sitque
597 907 886 972 dignissimo
939 907 1035 956 tibi
1086 907 1230 954 firma
1281 908 1522 971 religione
1572 906 1884 956 coniunctus:

191 983 388 1031 Turnus
435 999 574 1044 vero,
628 982 672 1031 si
720 981 1038 1030 matrimonio
1091 981 1235 1045 iungi
1300 983 1516 1043 mavult,
1585 981 1724 1030 aliud
1791 981 1958 1030 sibim

191 1059 400 1119 quaerat
431 1072 488 1105 ac
518 1056 711 1120 iungat.
762 1057 975 1117 interea,
1008 1071 1121 1104 cum
1151 1056 1274 1104 haec
1306 1056 1489 1104 diceret
1519 1055 1760 1116 Drances,
1799 1055 1884 1103 ad-

191 1131 321 1179 didit
358 1130 402 1179 si
440 1146 539 1193 qua
577 1133 712 1179 viam
750 1129 942 1178 dederit
972 1130 1188 1179 fortuna.
1239 1130 1324 1178 sed
1361 1130 1455 1179 hoc
1493 1145 1593 1178 non
1631 1132 1707 1178 est
1744 1129 1886 1177 dubi-

189 1206 368 1267 tantis,
417 1208 475 1253 ut
514 1220 627 1253 cum
666 1204 951 1253 condicione
989 1203 1276 1266 promisisse
1316 1203 1568 1266 videatur3
1615 1219 1715 1252 non
1754 1204 1886 1252 enim

191 1279 317 1327 dixit
354 1279 397 1329 si
428 1279 630 1328 fortuna
659 1278 952 1341 permiserit.
1004 1277 1090 1326 sed
1119 1278 1212 1326 hoc
1250 1279 1410 1341 magis
1441 1278 1751 1341 intellegitur
1779 1278 1886 1339 pol-

190 1353 351 1415 liceri,
388 1355 448 1401 ut
484 1353 537 1401 id
573 1353 740 1415 ipsum
771 1353 903 1414 quod
943 1351 1219 1414 spondebat
1250 1368 1561 1414 quacumque
1599 1351 1682 1400 via
1719 1353 1888 1414 posset
1918 1362 1960 1396 15

192 1429 431 1490 efficeret3
479 1427 665 1475 multas
705 1428 836 1475 enim
875 1427 1155 1476 occasiones
1194 1428 1360 1488 potest
1397 1427 1610 1489 reperire
1652 1441 1710 1474 ac
1747 1441 1887 1488 prac-

192 1506 323 1551 stare
363 1502 587 1562 fortuna,
637 1503 697 1549 ut
738 1501 877 1550 iuvet
917 1500 1160 1549 audentis.
1237 1502 1405 1563 potest
1451 1504 1501 1548 et
1546 1501 1617 1548 sic
1661 1498 1887 1563 intellegi

191 1578 454 1640 iungemus
493 1578 542 1624 te
592 1577 724 1639 regi,
774 1577 817 1623 si
861 1575 1022 1623 adhuc
1066 1574 1210 1622 nobis
1255 1590 1355 1622 non
1400 1574 1624 1623 invideat
1669 1574 1887 1634 fortuna,

192 1667 319 1713 quae
352 1650 639 1699 societatem
670 1649 885 1713 primam
914 1649 1118 1697 inimica
1150 1649 1482 1697 aemulatione
1515 1647 1764 1708 dissolvit,
1795 1648 1887 1695 hoc

191 1725 326 1786 ideo,
365 1727 423 1772 ut
462 1724 743 1773 ostenderet
774 1724 973 1786 culpam
1013 1722 1255 1771 contracti
1292 1722 1412 1771 belli
1449 1723 1679 1771 fortunae
1717 1721 1886 1782 fuisse,
1918 1733 1962 1765 20

191 1815 291 1846 non
329 1799 597 1859 Italorum,
649 1799 766 1861 quia
810 1798 904 1846 hoc
951 1804 1002 1846 et
1043 1797 1238 1845 Aeneas
1285 1813 1436 1859 supra
1482 1797 1747 1859 conplexus
1797 1797 1886 1844 est.

91 1881 175 1920 130
193 1874 310 1932 quin
350 1877 392 1920 et
428 1873 600 1932 fatalis
637 1887 890 1920 murorum
929 1872 1140 1920 attollere
1176 1871 1323 1918 moles
1357 1884 1574 1930 saxaque
1610 1871 1889 1918 subvectare

191 1947 373 1994 umeris
407 1947 627 1994 Troiana
656 1947 867 1994 iuvabit:
895 1947 1096 1994 tantum
1127 1944 1463 1993 exhibebimus
1495 1943 1771 1993 devotionis
1805 1943 1887 1991 ob-

193 2020 443 2083 sequium,
483 2036 593 2067 cum
624 2036 790 2083 muros
822 2020 901 2069 vel
933 2019 1053 2083 quid
1085 2019 1225 2067 aliud
1255 2018 1472 2068 volueris
1509 2021 1721 2080 struere,
1760 2018 1886 2066 collo

315 2167 337 2205 1
385 2163 645 2205 iustitiaeue
673 2188 722 2194 —
762 2167 787 2204 2
837 2163 1041 2207 laborum
1095 2161 1227 2205 deest
1280 2161 1330 2205 in
1375 2160 1431 2215 V,
1483 2160 1565 2203 sed
1613 2159 1884 2215 explicatur.

194 2227 219 2264 2
265 2221 474 2265 laudaris
511 2220 553 2262 V
597 2221 811 2266 laudibus
860 2221 931 2266 ed.
981 2221 985 2279 1
1042 2221 1255 2265 merearis
1297 2220 1368 2264 ed.
1492 2223 1517 2262 3
1559 2220 1667 2275 post
1707 2219 1888 2262 iustitia

192 2295 375 2325 versum
401 2285 485 2323 126
517 2279 732 2335 interpol.
759 2281 829 2324 ed.
857 2294 961 2324 cum
992 2280 1082 2324 hac
1113 2278 1521 2335 interpretatione:
1555 2276 1707 2333 „quid
1729 2277 1886 2333 potius

193 2339 353 2383 mirari
393 2338 560 2392 debeo,
596 2339 770 2394 inquit,
804 2339 1035 2383 iustitiam
1066 2341 1196 2383 tuam
1229 2338 1551 2382 admirandam
1582 2351 1642 2379 an
1672 2335 1786 2380 belli
1817 2335 1887 2379 in-

194 2399 342 2455 clytos
385 2401 490 2442 tuos
533 2397 714 2441 labores
754 2400 800 2441 et
838 2398 1257 2454 incomparabiles?
1320 2411 1424 2441 cum
1462 2396 1512 2440 in
1548 2397 1746 2451 utroque
1780 2408 1886 2438 mea

192 2458 335 2502 verba
371 2459 453 2501 aut
488 2470 648 2500 sensus
679 2459 762 2500 tua
794 2457 962 2501 merita
995 2460 1180 2513 assequi
1210 2458 1474 2513 nequeant?
1537 2455 1671 2511 quasi
1711 2454 1887 2502 diceret

193 2520 377 2561 tantum
419 2516 602 2560 iustitia
645 2518 691 2559 et
733 2515 961 2559 bellorum
1002 2517 1332 2560 exercitatione
1369 2516 1519 2572 viges,
1557 2515 1612 2556 ut
1646 2526 1885 2569 nunquam

193 2579 240 2621 te
281 2577 395 2620 satis
434 2575 627 2619 laudare
665 2575 883 2630 possim.“
944 2589 1037 2619 non
1078 2577 1239 2619 extant
1269 2576 1385 2619 haec
1423 2573 1473 2617 in
1503 2572 1674 2616 VHOU
1706 2574 1752 2615 et
1783 2573 1885 2627 ipso

195 2636 383 2679 dicendi
415 2648 583 2692 genere
616 2635 773 2690 spuria
805 2636 1074 2691 arguuntur.
1167 2640 1195 2678 4
1226 2635 1463 2689 referimus
1493 2647 1556 2676 ari
1578 2631 1632 2675 V.
1723 2636 1748 2675 5
1780 2632 1885 2674 iuu-

193 2697 342 2752 9imus
368 2694 409 2737 V
443 2696 512 2750 (ut
545 2698 630 2737 220
662 2695 710 2737 et
742 2695 858 2749 348).
982 2698 1006 2736 6
1045 2695 1286 2748 referimus
1316 2693 1358 2736 V
1397 2706 1509 2736 corr.
1544 2690 1614 2734 ed.
1739 2695 1761 2732 7
1804 2690 1885 2733 da-

194 2769 294 2799 mus
317 2754 359 2797 V
392 2767 505 2798 corr.
539 2753 611 2798 ed.
715 2757 771 2796 10
803 2753 963 2796 mivult
985 2753 1026 2796 V
1057 2754 1231 2797 mavult
1262 2755 1339 2809 (sc.
1366 2765 1504 2806 quam
1530 2749 1769 2804 dimicare)
1802 2762 1885 2792 nos

195 2814 292 2857 vult
323 2813 393 2857 ed.
482 2817 534 2855 12
562 2813 641 2857 sed
663 2813 743 2857 hoc
766 2811 808 2855 V
833 2812 950 2867 quod
975 2812 1044 2855 ed.
1132 2816 1185 2854 13
1214 2817 1332 2856 ut—
1353 2815 1408 2853 14
1425 2809 1683 2865 permiserit
1705 2822 1792 2851 om.
1812 2807 1883 2851 ed.

198 2877 251 2916 15
284 2886 586 2928 quaecumque
608 2872 650 2915 V
683 2885 795 2914 corr.
823 2871 893 2914 ed.
989 2865 1042 2914 s8
1074 2872 1308 2927 iuuyimus
1330 2869 1372 2913 V
1405 2883 1517 2912 corr.
1544 2867 1614 2911 ed.
1715 2870 1771 2910 20
1803 2872 1887 2912 aut

195 2931 237 2973 V
268 2937 321 2975 ut
351 2931 422 2975 ed.
545 2935 599 2974 23
641 2931 812 2975 troiani
841 2929 896 2974 V.
949 2930 953 2988 l
1005 2931 1251 2975 devotionis
1283 2943 1370 2973 om.
1404 2928 1474 2972 ed.
1528 2927 1532 2985 l
1583 2927 1782 2982 obsequii
1813 2925 1883 2969 ed.

197 2995 253 3033 24
286 2995 487 3034 extruere
518 2990 588 3033 ed.
