2050 3226
221 143 327 196 120
686 141 920 186 DONATI
950 142 1231 186 INTERPR.
1257 142 1437 186 VERG.

143 290 199 330 45
215 281 342 339 fetas
367 281 511 329 enixa
534 282 708 330 iacebit
729 282 858 339 alba,
883 282 982 330 solo
1005 283 1258 338 recubans,
1277 283 1378 331 albi
1401 283 1581 330 eircwm
1603 283 1755 331 abera
1777 284 1907 331 nati.-

216 354 458 418 benignus
503 356 718 404 monitor
764 357 932 404 omnia
979 356 1024 403 ei
1063 355 1240 404 adimit
1278 372 1404 418 quae
1442 357 1684 405 incertum
1722 357 1908 404 bellum

215 429 455 492 fecerant3
506 432 714 478 noverat
762 431 948 492 quippe
997 430 1184 477 multos
1233 430 1453 478 homines
1503 430 1616 478 falli
1653 447 1742 492 per
1779 446 1906 479 som-

215 504 357 551 nium
388 505 438 550 et
469 503 714 552 somniare
746 504 1010 566 superflua,
1043 504 1175 566 quod
1205 520 1266 552 ne
1297 506 1493 552 Aeneae
1532 504 1789 566 accideret,
1822 505 1909 552 dat

217 577 263 624 ei
301 577 566 635 dormienti
604 577 768 641 Signa,
810 594 937 640 quae
976 578 1191 641 vigilans
1224 578 1458 640 probaret
1495 579 1548 625 in
1586 579 1708 627 luce.
1777 578 1908 635 hinc,

216 652 403 714 inquit,
444 651 566 700 scies
605 652 734 700 veris
774 653 824 699 te
863 651 1082 713 institui,
1122 667 1235 699 cum
1274 652 1530 715 praedicta
1566 652 1620 700 in
1658 652 1910 714 praesenti

214 725 326 787 ipsa
365 727 648 774 occurrente
687 725 897 774 veritate
938 727 1240 789 cognoveris.
1315 727 1498 789 quippe
1537 728 1668 774 inter
1705 727 1907 775 litoreas

153 830 158 833 -
214 799 352 848 ilices
393 802 609 863 emerget
655 815 736 848 sus
786 801 973 848 formae
1011 800 1258 848 maximae
1308 817 1421 848 cum
1460 800 1645 848 fetibus
1683 801 1907 864 triginta.

215 889 305 921 nec
342 874 570 922 inmerito
609 873 807 938 ingens,
847 889 973 937 quae
1012 877 1179 936 posset
1216 891 1316 923 uno
1355 877 1506 936 partu
1545 875 1676 922 tanti
1713 876 1909 922 numeri

214 948 479 996 incolumis
517 948 648 996 fetus
681 963 934 1010 exponere.
1004 949 1104 996 fuit
1143 965 1258 1012 ergo
1297 965 1455 996 unum
1494 949 1692 1011 signum
1731 965 1760 996 a
1798 950 1907 997 loco

217 1025 267 1069 et
317 1021 419 1070 eius
472 1023 740 1084 qualitate,
791 1023 1001 1070 alterum
1050 1039 1078 1069 a
1129 1038 1304 1086 genere
1352 1022 1582 1070 animalis
1629 1025 1680 1071 et
1716 1024 1907 1086 magni-

215 1095 404 1156 tudine,
434 1097 643 1144 tertium
675 1097 806 1158 quod
836 1112 1097 1144 numeroso
1130 1098 1183 1144 in
1215 1097 1322 1144 fetu
1346 1097 1650 1157 consisteret,
1675 1100 1911 1158 quartum

218 1170 351 1231 quod
382 1169 579 1219 visurus
613 1172 741 1219 esset
769 1170 1015 1218 iacentem
1045 1171 1176 1219 natis
1209 1171 1395 1218 circum
1425 1170 1578 1218 ubera
1610 1172 1910 1230 constitutis,

218 1245 447 1305 quintum
479 1244 612 1306 quod
643 1244 746 1292 albi
778 1260 944 1292 omnes
982 1247 1031 1292 et
1069 1261 1169 1293 uno
1211 1245 1372 1293 colore
1412 1261 1525 1292 cum
1555 1249 1729 1293 matre.
1792 1245 1912 1307 quid

217 1321 382 1366 autem
415 1318 716 1382 significaret
753 1319 845 1366 hoc
868 1319 1033 1380 ipsum
1057 1320 1192 1380 quod
1215 1319 1596 1381 praedicebatur
1618 1320 1725 1381 ipse
1751 1319 1912 1381 aperit

217 1394 367 1453 atque
413 1392 519 1454 ipse
566 1392 787 1455 disponit
833 1392 1019 1440 dicens:
1063 1408 1118 1440 ex
1159 1408 1249 1452 qao
1289 1397 1359 1441 ter
1398 1393 1535 1440 denis
1572 1395 1742 1440 arbem
1778 1393 1911 1440 rede—

215 1467 415 1514 untibus
465 1467 613 1514 annis
662 1465 911 1514 Ascanius
967 1468 1089 1514 clari
1143 1467 1310 1515 condet
1363 1468 1657 1527 coynomim's
1705 1466 1911 1515 Albam:

216 1540 332 1601 hoc,
380 1540 572 1603 inquit,
621 1541 763 1604 signo
809 1542 1117 1590 monstratur
1162 1541 1408 1590 Ascanius
1457 1541 1742 1589 conditurus
1794 1541 1911 1589 civi-

217 1616 375 1662 tatem
412 1614 596 1661 Albam
643 1617 792 1676 atque
838 1615 889 1661 in
929 1631 987 1662 ea
1024 1633 1114 1678 per
1150 1617 1362 1679 triginta
1402 1630 1556 1663 annos
1595 1617 1910 1678 regnaturus.

218 1688 470 1750 conplevit
509 1690 676 1736 omnia
717 1704 843 1750 quae
884 1689 1174 1738 adimendae
1215 1689 1563 1738 sollicitudinis
1611 1705 1760 1737 causa
1798 1706 1910 1751 pro-

218 1765 415 1810 secutus
463 1765 558 1823 cst,
606 1762 732 1810 dixit
779 1763 879 1810 alia
926 1780 1123 1826 quoque
1163 1780 1291 1826 quae
1330 1766 1556 1811 tenerent
1593 1763 1753 1810 futuri
1792 1765 1911 1811 tem-

216 1836 350 1898 poris
391 1852 542 1898 spem,
581 1836 634 1883 in
671 1838 871 1884 tantum
901 1841 959 1884 ut
988 1839 1370 1900 prosperitatem
1402 1838 1563 1900 ipsam
1603 1837 1786 1885 diceret
1825 1854 1913 1900 per

216 1910 418 1958 Aenean
456 1911 622 1972 ipsum
662 1910 725 1958 ad
763 1910 1032 1959 Ascanium
1073 1928 1270 1974 quoque
1309 1915 1586 1961 venturam.
1655 1911 1911 1960 confirma—

215 1985 368 2032 tionis
415 1984 637 2032 omnium
676 1984 773 2032 fuit
817 1986 935 2032 haut
975 1987 1156 2034 incerta
1196 2001 1338 2042 cano,
1381 1985 1514 2048 quod
1546 1986 1672 2034 solet
1703 1985 1911 2046 evenire,

217 2058 335 2105 dum
372 2059 594 2106 homines
635 2058 899 2106 dormiunt.
984 2061 1104 2121 ista,
1143 2060 1332 2122 inquit,
1370 2076 1488 2108 vera
1528 2063 1644 2108 sunt
1690 2062 1739 2107 et
1779 2062 1910 2107 certo

143 2139 199 2180 50
215 2132 536 2195 proferuntur
574 2135 787 2181 auctore.
842 2148 972 2180 mmo
1003 2149 1100 2192 qua
1130 2136 1317 2182 ratione
1349 2135 1475 2193 qaod
1504 2135 1655 2182 instat
1685 2134 1912 2193 expedias

215 2208 365 2254 victor
394 2207 594 2265 paucis,
629 2207 842 2262 adverte,
877 2207 1070 2255 docebo:
1115 2210 1203 2270 qui
1240 2208 1555 2270 praedixerat
1592 2208 1752 2255 futuri
1789 2208 1910 2254 tem-

216 2281 349 2342 poris
388 2280 519 2328 bona
556 2281 678 2327 haut
717 2280 951 2344 ambigua
991 2283 1143 2329 etiam
1182 2282 1240 2329 de
1282 2281 1533 2343 praesenti
1578 2282 1910 2343 prosperitate

216 2355 563 2416 pronuntiasse
594 2354 857 2402 videbatur
889 2357 939 2402 et
969 2358 1136 2403 tamen
1169 2356 1296 2404 nihil
1327 2356 1495 2404 volens
1527 2355 1581 2402 in
1614 2355 1805 2404 occulto
1837 2371 1910 2402 re-

217 2445 414 2476 manere
453 2427 647 2476 addidit
685 2428 836 2476 etiam
873 2429 995 2476 haec
1035 2446 1160 2491 quae
1199 2431 1343 2477 illum
1383 2430 1602 2476 facerent
1639 2429 1910 2477 laetiorem.

219 2503 350 2563 audi,
374 2503 553 2564 inquit,
585 2518 714 2549 nunc
746 2504 795 2549 et
827 2502 1073 2563 quomodo
1105 2505 1388 2565 praesentia
1420 2503 1634 2551 declines
1668 2503 1910 2551 ausculta.

217 2576 339 2624 bene
378 2576 607 2639 promisit
643 2576 956 2637 brevitatem,
995 2593 1055 2624 ne
1094 2578 1196 2624 iam
1236 2577 1324 2625 diu
1363 2578 1632 2626 sollicitum
1673 2578 1911 2625 sermonis

337 2722 365 2760 4
411 2717 637 2761 accederet
677 2716 731 2759 V.
877 2722 902 2760 5
950 2718 1213 2762 dormientis
1253 2718 1294 2760 V
1337 2718 1408 2762 ed.
1551 2723 1576 2761 6
1623 2718 1793 2761 instrui
1839 2717 1909 2760 ed.

221 2780 243 2818 7
290 2778 563 2832 coynosceris
596 2775 639 2818 V
681 2789 912 2832 coquo-sees
956 2776 1026 2819 ed.
1172 2782 1198 2820 8
1244 2778 1393 2821 silices
1432 2776 1469 2819 V
1510 2778 1671 2821 salices
1709 2775 1798 2819 ΗΟ
1840 2776 1910 2819 ed.

222 2839 275 2877 12
330 2849 565 2879 numeroso
603 2835 645 2878 V
690 2849 875 2878 numero
925 2834 960 2878 O
1016 2850 1229 2879 numerus
1275 2836 1318 2878 H
1365 2836 1437 2879 ed.
1591 2839 1645 2878 28
1697 2840 1780 2878 aut
1827 2849 1910 2889 pro

218 2894 330 2937 haut
369 2893 422 2936 V.
547 2898 601 2936 29
645 2894 852 2938 videatur
887 2893 929 2936 V
971 2895 1150 2938 videtur
1193 2895 1263 2938 ed.
1323 2895 1325 2952 l
1389 2896 1560 2939 occulto
1594 2893 1636 2937 V
1669 2893 1739 2937 ed.
1782 2894 1833 2937 in
1873 2907 1910 2937 0.

219 2966 301 2995 nos
335 2965 395 2995 an
427 2954 685 2998 occultam?

1942 960 1983 992 10

1943 1329 1984 1362 15

1943 1699 1986 1732 20

1944 2067 1985 2100 25

1944 2437 1986 2468 30
