2050 3226
771 136 1079 182 ΛΕΜ-«31908
1102 136 1190 182 v11
1755 139 1828 194 39

134 294 215 340 ac,
253 294 315 327 ne
360 293 600 340 personae
639 293 758 327 suae
804 280 855 327 et
899 278 1004 326 eius
1046 276 1132 340 qui
1168 276 1375 326 miserat
1412 277 1830 340 contemplatione

132 351 312 401 ductus
358 351 570 401 Latinus
617 353 741 402 vilia
779 351 979 400 duceret
1025 367 1151 413 quae
1191 350 1546 413 offerebantur,
1586 367 1828 400 commen-

133 426 272 475 davit
304 426 527 475 Ilioneus
564 442 665 476 non
702 428 809 475 tam
847 425 1122 488 specierum
1157 425 1360 487 merita,
1406 425 1494 474 sed
1531 441 1703 474 eorum
1740 427 1831 488 qui

130 500 208 550 his
243 500 444 549 fuerant
475 500 569 550 usi.
631 501 719 549 dat
747 500 863 562 tibi,
901 499 1090 563 inquit,
1120 515 1206 548 rex
1236 501 1406 548 noster
1436 516 1565 562 quae
1595 502 1829 549 manente

81 589 101 622 5
130 574 334 624 fortuna
363 575 568 623 Troiani
605 574 803 638 imperii
840 574 1044 623 fuerunt
1081 589 1259 637 parva3
1298 575 1420 622 haec
1451 575 1584 623 enim
1622 574 1731 623 sola
1769 573 1830 622 de

130 649 359 697 incendio
420 648 546 711 eripi
606 650 892 711 potuerunt.
968 649 1022 696 in
1070 649 1259 696 maiore
1314 647 1447 696 enim
1499 650 1553 697 vi
1607 650 1829 697 cessante

130 723 348 787 eligendi
387 722 596 772 arbitrio
643 722 776 786 quod
820 722 1044 786 potuerit
1086 722 1297 786 rapitur.
1373 739 1531 785 parva
1569 738 1686 787 ergo
1725 723 1830 770 fue-

128 799 250 846 runt
286 797 402 846 ante
440 797 699 845 interitum
737 796 938 858 Troiae,
983 812 1115 846 nunc
1159 813 1250 859 pro
1288 796 1486 861 magnis
1531 797 1829 846 offeruntur:

131 872 264 935 quod
301 887 515 935 parvum
553 871 680 920 dixit
718 871 871 920 satiat
917 871 1124 920 dicendo
1162 871 1400 934 reliquias
1443 886 1564 920 esse.
1634 871 1723 920 dat
1751 870 1828 921 bis

58 961 100 994 10
131 945 395 1009 accipitur:
434 945 524 994 dat
559 961 767 994 munera
798 946 1028 995 fortunae
1059 945 1240 1008 prioris
1271 961 1444 1008 parva,
1476 946 1564 994 dat
1589 945 1829 1007 reliquias

129 1020 281 1069 Troia
319 1036 378 1068 ex
409 1019 614 1069 ardente
643 1021 884 1083 receptas
944 1020 1031 1068 hoc
1052 1023 1199 1080 pater
1220 1018 1460 1068 Anchises
1491 1034 1614 1068 auro
1646 1020 1831 1068 libabat
1846 1030 1933 1070 245

130 1094 197 1142 ad
228 1109 368 1152 araS,
408 1095 495 1143 hoc
523 1094 717 1142 Priami
743 1097 990 1155 qestamen
1028 1097 1154 1155 erat,
1193 1108 1302 1142 cum
1332 1095 1448 1142 iura
1478 1095 1662 1142 vocatis
1697 1108 1830 1142 more

129 1169 269 1216 daret
317 1169 535 1229 populiS,
606 1171 939 1229 sceptrumque
983 1182 1213 1227 sacerque
1265 1169 1423 1216 tiaras
1482 1166 1830 1230 [Iliadmnque

130 1243 269 1291 labor
319 1241 523 1305 vestesJ:
584 1243 679 1291 etsi
731 1258 831 1291 non
887 1245 1007 1292 sunt
1058 1243 1201 1303 haec,
1262 1242 1451 1306 inquit,
1502 1257 1689 1306 magna
1740 1259 1831 1305 per

56 1331 99 1364 ιε
130 1332 203 1377 se,
241 1332 332 1379 pro
370 1317 567 1380 magnis
605 1319 775 1365 tamen
815 1317 974 1380 accipi
1011 1318 1321 1378 meruerunt,
1364 1317 1445 1365 vel
1485 1318 1604 1380 quia
1640 1317 1695 1364 in
1735 1332 1830 1365 usu

128 1391 311 1439 talium
332 1391 554 1440 virorum
584 1391 798 1439 fuerunt.
846 1390 1045 1440 videtur
1074 1391 1168 1440 hoc
1199 1390 1379 1439 ominis
1411 1391 1579 1453 fuisse,
1610 1393 1669 1439 ut
1697 1391 1830 1454 quod

128 1466 325 1514 Aeneae
363 1467 508 1528 pater
544 1465 724 1514 habuit
762 1467 814 1514 et
850 1481 989 1514 socer
1019 1466 1239 1529 gestavit
1268 1464 1323 1513 id
1352 1464 1589 1514 transiret
1619 1464 1684 1513 ad
1715 1481 1830 1514 eum

130 1541 218 1602 qui
254 1540 363 1589 loco
402 1541 562 1602 patris
601 1540 801 1588 futurus
841 1542 970 1589 esset
1009 1542 1059 1588 et
1097 1555 1250 1588 socer.
1320 1542 1450 1588 certe
1485 1542 1677 1602 quanta
1714 1540 1827 1587 mit-

0 1602 27 1691 {3
128 1615 282 1663 tentis
332 1615 498 1678 gratia
546 1614 674 1662 illud
724 1614 842 1662 dare
894 1614 1030 1677 quod
1080 1613 1391 1662 carissimum
1440 1617 1490 1662 et
1538 1613 1828 1678 religiosum

55 1702 99 1736 ὀ
126 1688 420 1751 parentibus
469 1688 588 1736 fuit!
664 1689 797 1751 ipSO,
848 1688 941 1750 ait,
990 1688 1229 1737 utebatur
1265 1687 1530 1749 AnchiseS,
1581 1704 1693 1736 cum
1732 1687 1828 1736 diis

10 1698 26 1851 ξ
127 1765 246 1812 vota
291 1763 616 1826 persolveret,
663 1778 722 1811 ac
768 1778 857 1826 per
901 1763 994 1812 hoc
1036 1763 1248 1811 libenter
1294 1763 1455 1824 accipi
1502 1762 1649 1811 debet
1696 1761 1829 1825 quod

11 1856 22 1897 f.
128 1837 226 1886 fuit
278 1837 330 1885 in
385 1837 621 1900 obsequio
668 1837 943 1885 numinum.
1025 1838 1155 1886 illud
1206 1853 1324 1886 vero
1379 1837 1513 1899 quod
1573 1838 1828 1901 gestamen

11 1901 22 1935 ξ’
128 1912 280 1960 fuisse
318 1911 508 1959 Priami
558 1911 747 1960 dictum
796 1914 892 1973 est,
942 1927 1004 1959 ne
1055 1928 1199 1960 omen
1243 1911 1467 1959 traheret
1513 1927 1571 1959 ex
1616 1926 1829 1974 persona

8 1939 24 2071 ξ
126 1985 341 2034 hominis
373 1986 505 2047 lapsi
536 1988 587 2034 et
617 1987 722 2034 eius
763 1987 850 2048 qui
888 1986 1141 2035 interisset
1183 2002 1295 2034 cum
1340 1985 1549 2048 imperio
1589 2001 1702 2047 suo,
1742 1985 1827 2033 ad-

10 2072 25 2123 55
54 2072 98 2106 25
128 2059 258 2108 didit
294 2062 493 2123 tempus
541 2076 640 2122 quo
687 2059 941 2121 Priamus,
984 2060 1173 2122 inquit,
1218 2059 1412 2121 floruit,
1451 2055 1489 2123 †
1512 2059 1827 2122 Iliadumque

11 2130 24 2184 ξ’-
127 2134 270 2183 labor
307 2137 469 2183 vestes
479 2170 492 2194 ,
531 2134 616 2182 ubi
653 2134 752 2182 fuit
781 2135 941 2183 maior
972 2135 1192 2198 dignitas
1223 2135 1277 2182 in
1308 2133 1563 2196 speciebus
1594 2135 1828 2194 muneri8‚

8 2204 23 2231 '²
126 2209 219 2256 hoc
258 2210 333 2256 est
369 2208 423 2256 in
462 2210 656 2270 sceptro
697 2210 748 2256 et
784 2208 930 2258 tiara.
1001 2211 1349 2271 sceptrumque
1382 2223 1617 2271 sacerque
1650 2209 1828 2256 tiaras:

12 2348 25 2392 3
248 2368 273 2406 3
306 2369 399 2408 tam
431 2363 474 2408 V
503 2370 684 2409 tautum
715 2364 786 2408 ed.
831 2365 836 2423 Ι
883 2378 1036 2410 eorum
1067 2363 1110 2407 V
1141 2378 1313 2421 quoque
1348 2364 1455 2408 add.
1489 2364 1559 2408 cd.
1655 2367 1680 2407 7
1713 2378 1827 2419 par-

21 2455 33 2466 2
127 2437 209 2468 vae
239 2423 282 2466 V
314 2437 467 2480 parva
499 2423 615 2468 edF.
720 2428 746 2467 8
779 2438 870 2480 pro
899 2426 1080 2482 maqnis
1110 2426 1366 2479 offeruntur
1395 2423 1437 2467 V
1470 2422 1679 2479 corrupit
1709 2423 1825 2466 edF.

130 2486 183 2525 13
223 2483 372 2527 tiaras
409 2482 514 2526 finis
553 2483 786 2527 lemmatis
824 2483 875 2526 in
905 2483 960 2526 V:
1004 2484 1296 2539 Iliadumque
1327 2484 1455 2527 labor
1483 2489 1623 2527 vestes
1662 2481 1828 2525 addidi

129 2541 292 2586 eadem
332 2542 500 2585 ductus
538 2543 720 2587 ratione
760 2556 854 2598 qua
895 2547 934 2595 1,
960 2547 1029 2587 25.
1155 2547 1211 2586 14
1250 2557 1336 2587 sua
1367 2542 1410 2586 V
1447 2544 1562 2586 satis
1604 2542 1675 2585 ed.
1719 2546 1828 2585 suut

128 2614 222 2644 nos.
275 2601 280 2658 1
333 2615 420 2657 per
457 2615 503 2645 se
533 2601 576 2644 V
617 2603 710 2646 siut
749 2602 856 2647 add.
891 2602 962 2646 ed.
1087 2606 1141 2646 15
1180 2607 1234 2646 ut
1271 2603 1382 2657 quia
1413 2601 1455 2645 V
1479 2603 1565 2645 -vel
1602 2602 1713 2656 quia
1752 2599 1823 2642 ed.

131 2664 185 2704 16
227 2660 407 2704 videtur
442 2659 485 2703 V
531 2666 572 2705 et
612 2661 705 2705 vid.
749 2661 821 2705 ed.
874 2661 878 2719 Ι
936 2662 1132 2706 hominis
1162 2660 1204 2704 V
1244 2662 1316 2705 ed.
1369 2663 1378 2719 Q
1430 2666 1483 2704 ut
1519 2661 1638 2715 quod
1678 2658 1720 2701 V
1756 2659 1827 2703 vel

129 2719 249 2774 quod
279 2719 350 2763 ed.
447 2723 501 2762 18
533 2725 708 2775 quauta
735 2719 1014 2765 mittentesV
1038 2735 1110 2776 qu.
1135 2720 1230 2773 fuit
1252 2721 1470 2764 mittentis
1502 2719 1572 2762 ed.
1666 2722 1722 2761 25
1754 2719 1824 2762 in-

129 2779 227 2832 quit
256 2779 414 2834 floruit
436 2778 478 2821 V
508 2780 698 2834 imperio
721 2781 797 2835 fl.‘?
835 2781 879 2835 fl.
906 2780 1061 2823 dicens
1092 2780 1162 2823 ed.
1199 2778 1341 2823 verba
1372 2779 1666 2833 Iliadumque
1696 2777 1827 2822 labor

129 2842 265 2881 vestes
293 2837 371 2881 hic
398 2837 542 2882 habet
565 2837 607 2880 V
636 2837 720 2881 ubi
745 2838 859 2893 quid
884 2837 975 2882 sibi
997 2838 1143 2882 velint
1166 2852 1259 2881 non
1282 2837 1527 2893 intellego,
1550 2836 1825 2891 praesertim

132 2909 234 2938 cum
266 2897 347 2940 ubi
369 2896 463 2950 fuit
493 2898 579 2941 etc.
613 2897 672 2939 ad
705 2902 942 2952 tempus—
952 2899 1108 2953 floruit
1138 2897 1373 2952 pertinere
1399 2896 1637 2951 appareat,
1662 2895 1751 2939 del.
1779 2898 1827 2938 et

131 2951 300 2997 lemma
324 2969 425 2999 cum
441 2957 547 3000 iura
559 2957 807 3012 —populis
823 2955 1068 3000 substituit
1087 2956 1196 3009 edF,
1215 2969 1396 2999 crucem
1416 2967 1648 3010 apponere
1667 2953 1822 2997 malui.
