<?xml version="1.0" encoding="UTF-8"?>
<!DOCTYPE html PUBLIC "-//W3C//DTD XHTML 1.0 Transitional//EN"
    "http://www.w3.org/TR/xhtml1/DTD/xhtml1-transitional.dtd">
<html xmlns="http://www.w3.org/1999/xhtml" xml:lang="en" lang="en">
 <head>
  <title>
</title>
<meta http-equiv="Content-Type" content="text/html;charset=utf-8" />
  <meta name='ocr-system' content='tesseract 3.04.00' />
  <meta name='ocr-capabilities' content='ocr_page ocr_carea ocr_par ocr_line ocrx_word'/>
</head>
<body>
  <div class='ocr_page' id='page_1' title='image "./interpretationes02donauoft_0483.png"; bbox 0 0 2050 3226; ppageno 0'>
   <div class='ocr_carea' id='block_1_1' title="bbox 794 112 1838 175">
    <p class='ocr_par' dir='ltr' id='par_1_1' title="bbox 794 112 1838 175">
     <span class='ocr_line' id='line_1_1' title="bbox 794 112 1838 175; baseline 0.001 -19"><span class='ocrx_word' id='word_1_1' title='bbox 794 112 922 157; x_wconf 85' lang='lat' dir='ltr'><strong>AEN</strong></span> <span class='ocrx_word' id='word_1_2' title='bbox 923 112 1100 159; x_wconf 87' lang='lat' dir='ltr'>EIDOS</span> <span class='ocrx_word' id='word_1_3' title='bbox 1130 112 1196 158; x_wconf 81' lang='lat' dir='ltr'><strong>XI</strong></span> <span class='ocrx_word' id='word_1_4' title='bbox 1729 120 1838 175; x_wconf 82' lang='lat'><strong>479</strong></span> 
     </span>
    </p>
   </div>
   <div class='ocr_carea' id='block_1_2' title="bbox 40 251 1940 2542">
    <p class='ocr_par' dir='ltr' id='par_1_2' title="bbox 40 251 1940 2542">
     <span class='ocr_line' id='line_1_2' title="bbox 146 251 1840 319; baseline 0.004 -19"><span class='ocrx_word' id='word_1_5' title='bbox 146 254 253 314; x_wconf 87' lang='lat' dir='ltr'><strong>tur,</strong></span> <span class='ocrx_word' id='word_1_6' title='bbox 302 251 510 316; x_wconf 86' lang='lat' dir='ltr'><strong>proinde</strong></span> <span class='ocrx_word' id='word_1_7' title='bbox 557 254 887 316; x_wconf 89' lang='lat' dir='ltr'><strong>separandum</strong></span> <span class='ocrx_word' id='word_1_8' title='bbox 932 256 1008 303; x_wconf 90' lang='lat' dir='ltr'><strong>est</strong></span> <span class='ocrx_word' id='word_1_9' title='bbox 1053 252 1186 316; x_wconf 90' lang='lat' dir='ltr'><strong>quod</strong></span> <span class='ocrx_word' id='word_1_10' title='bbox 1241 256 1316 302; x_wconf 90' lang='lat' dir='ltr'><strong>ait</strong></span> <span class='ocrx_word' id='word_1_11' title='bbox 1365 270 1667 319; x_wconf 85' lang='lat' dir='ltr'><strong>quamquam</strong></span> <span class='ocrx_word' id='word_1_12' title='bbox 1717 274 1745 307; x_wconf 94' lang='lat' dir='ltr'><strong>o</strong></span> <span class='ocrx_word' id='word_1_13' title='bbox 1797 261 1840 308; x_wconf 91' lang='lat' dir='ltr'><strong>si</strong></span> 
     </span>
     <span class='ocr_line' id='line_1_3' title="bbox 147 326 1840 394; baseline 0.003 -18"><span class='ocrx_word' id='word_1_14' title='bbox 147 327 325 376; x_wconf 85' lang='lat' dir='ltr'><strong>solitae</strong></span> <span class='ocrx_word' id='word_1_15' title='bbox 365 326 631 390; x_wconf 90' lang='lat' dir='ltr'><strong>quicquam</strong></span> <span class='ocrx_word' id='word_1_16' title='bbox 668 329 870 377; x_wconf 84' lang='lat' dir='ltr'><strong>virtutis</strong></span> <span class='ocrx_word' id='word_1_17' title='bbox 909 328 1118 378; x_wconf 79' lang='lat' dir='ltr'><strong>adesset.</strong></span> <span class='ocrx_word' id='word_1_18' title='bbox 1185 328 1280 378; x_wconf 87' lang='lat' dir='ltr'><strong>hoc</strong></span> <span class='ocrx_word' id='word_1_19' title='bbox 1317 329 1451 377; x_wconf 89' lang='lat' dir='ltr'><strong>enim</strong></span> <span class='ocrx_word' id='word_1_20' title='bbox 1492 331 1711 393; x_wconf 86' lang='lat' dir='ltr'><strong>optantis</strong></span> <span class='ocrx_word' id='word_1_21' title='bbox 1750 336 1840 394; x_wconf 86' lang='lat' dir='ltr'><strong>est,</strong></span> 
     </span>
     <span class='ocr_line' id='line_1_4' title="bbox 144 398 1838 467; baseline 0.003 -18"><span class='ocrx_word' id='word_1_22' title='bbox 144 401 275 449; x_wconf 71' lang='lat' dir='ltr'><strong>iilud</strong></span> <span class='ocrx_word' id='word_1_23' title='bbox 318 416 436 450; x_wconf 83' lang='lat' dir='ltr'><strong>vero</strong></span> <span class='ocrx_word' id='word_1_24' title='bbox 477 401 610 464; x_wconf 91' lang='lat' dir='ltr'><strong>quod</strong></span> <span class='ocrx_word' id='word_1_25' title='bbox 659 405 884 451; x_wconf 88' lang='lat' dir='ltr'><strong>secutum</strong></span> <span class='ocrx_word' id='word_1_26' title='bbox 922 404 999 451; x_wconf 90' lang='lat' dir='ltr'><strong>est</strong></span> <span class='ocrx_word' id='word_1_27' title='bbox 1036 398 1074 467; x_wconf 92' lang='lat'>†</span> <span class='ocrx_word' id='word_1_28' title='bbox 1111 402 1205 451; x_wconf 90' lang='lat' dir='ltr'><strong>hoc</strong></span> <span class='ocrx_word' id='word_1_29' title='bbox 1242 402 1340 450; x_wconf 82' lang='lat' dir='ltr'><strong>fuit</strong></span> <span class='ocrx_word' id='word_1_30' title='bbox 1379 403 1512 465; x_wconf 91' lang='lat' dir='ltr'><strong>quod</strong></span> <span class='ocrx_word' id='word_1_31' title='bbox 1557 405 1838 466; x_wconf 87' lang='lat' dir='ltr'><strong>optabatur.</strong></span> 
     </span>
     <span class='ocr_line' id='line_1_5' title="bbox 144 475 1842 541; baseline 0.003 -18"><span class='ocrx_word' id='word_1_32' title='bbox 144 475 231 524; x_wconf 83' lang='lat' dir='ltr'><strong>ifle</strong></span> <span class='ocrx_word' id='word_1_33' title='bbox 268 475 391 523; x_wconf 88' lang='lat' dir='ltr'><strong>mihi</strong></span> <span class='ocrx_word' id='word_1_34' title='bbox 430 478 546 524; x_wconf 90' lang='lat' dir='ltr'><strong>ante</strong></span> <span class='ocrx_word' id='word_1_35' title='bbox 586 476 734 525; x_wconf 89' lang='lat' dir='ltr'><strong>alios:</strong></span> <span class='ocrx_word' id='word_1_36' title='bbox 771 476 879 538; x_wconf 90' lang='lat' dir='ltr'><strong>ille,</strong></span> <span class='ocrx_word' id='word_1_37' title='bbox 915 476 1104 539; x_wconf 87' lang='lat' dir='ltr'><strong>inquit,</strong></span> <span class='ocrx_word' id='word_1_38' title='bbox 1141 475 1223 525; x_wconf 83' lang='lat' dir='ltr'><strong>vel</strong></span> <span class='ocrx_word' id='word_1_39' title='bbox 1258 477 1495 540; x_wconf 88' lang='lat' dir='ltr'><strong>maxime,</strong></span> <span class='ocrx_word' id='word_1_40' title='bbox 1534 479 1614 526; x_wconf 89' lang='lat' dir='ltr'><strong>cui</strong></span> <span class='ocrx_word' id='word_1_41' title='bbox 1651 480 1842 541; x_wconf 88' lang='lat' dir='ltr'><strong>profuit</strong></span> 
     </span>
     <span class='ocr_line' id='line_1_6' title="bbox 94 549 1842 614; baseline 0.002 -17"><span class='ocrx_word' id='word_1_42' title='bbox 94 560 115 594; x_wconf 74' lang='grc' dir='ltr'>ε</span> <span class='ocrx_word' id='word_1_43' title='bbox 146 550 280 613; x_wconf 91' lang='lat' dir='ltr'><strong>quod</strong></span> <span class='ocrx_word' id='word_1_44' title='bbox 309 549 509 598; x_wconf 85' lang='lat' dir='ltr'><strong>fortiter</strong></span> <span class='ocrx_word' id='word_1_45' title='bbox 545 549 742 612; x_wconf 89' lang='lat' dir='ltr'><strong>cecidit,</strong></span> <span class='ocrx_word' id='word_1_46' title='bbox 780 567 842 599; x_wconf 91' lang='lat' dir='ltr'><strong>ne</strong></span> <span class='ocrx_word' id='word_1_47' title='bbox 879 551 982 599; x_wconf 92' lang='lat' dir='ltr'><strong>tale</strong></span> <span class='ocrx_word' id='word_1_48' title='bbox 1022 550 1231 599; x_wconf 80' lang='lat' dir='ltr'><strong>dedecus</strong></span> <span class='ocrx_word' id='word_1_49' title='bbox 1271 554 1512 613; x_wconf 88' lang='lat' dir='ltr'><strong>cerneret,</strong></span> <span class='ocrx_word' id='word_1_50' title='bbox 1552 553 1640 614; x_wconf 90' lang='lat' dir='ltr'><strong>qui</strong></span> <span class='ocrx_word' id='word_1_51' title='bbox 1678 553 1842 602; x_wconf 90' lang='lat' dir='ltr'><strong>fuerat</strong></span> 
     </span>
     <span class='ocr_line' id='line_1_7' title="bbox 144 623 1840 688; baseline 0.002 -16"><span class='ocrx_word' id='word_1_52' title='bbox 144 625 280 686; x_wconf 84' lang='lat' dir='ltr'><strong>felix,</strong></span> <span class='ocrx_word' id='word_1_53' title='bbox 309 623 483 688; x_wconf 86' lang='lat' dir='ltr'><strong>magni</strong></span> <span class='ocrx_word' id='word_1_54' title='bbox 506 624 659 674; x_wconf 89' lang='lat' dir='ltr'><strong>animi</strong></span> <span class='ocrx_word' id='word_1_55' title='bbox 688 627 737 673; x_wconf 88' lang='lat' dir='ltr'><strong>et</strong></span> <span class='ocrx_word' id='word_1_56' title='bbox 762 625 816 672; x_wconf 93' lang='lat' dir='ltr'><strong>in</strong></span> <span class='ocrx_word' id='word_1_57' title='bbox 839 624 1092 674; x_wconf 86' lang='lat' dir='ltr'><strong>laboribus</strong></span> <span class='ocrx_word' id='word_1_58' title='bbox 1116 624 1328 688; x_wconf 88' lang='lat' dir='ltr'><strong>patiens.</strong></span> <span class='ocrx_word' id='word_1_59' title='bbox 1381 625 1557 675; x_wconf 87' lang='lat' dir='ltr'><strong>laudat</strong></span> <span class='ocrx_word' id='word_1_60' title='bbox 1587 626 1840 676; x_wconf 87' lang='lat' dir='ltr'><strong>fortunam</strong></span> 
     </span>
     <span class='ocr_line' id='line_1_8' title="bbox 143 698 1841 760; baseline 0.002 -14"><span class='ocrx_word' id='word_1_61' title='bbox 143 698 241 747; x_wconf 85' lang='lat' dir='ltr'><strong>viri</strong></span> <span class='ocrx_word' id='word_1_62' title='bbox 278 699 423 747; x_wconf 86' lang='lat' dir='ltr'><strong>fortis</strong></span> <span class='ocrx_word' id='word_1_63' title='bbox 470 700 520 747; x_wconf 89' lang='lat' dir='ltr'><strong>et</strong></span> <span class='ocrx_word' id='word_1_64' title='bbox 564 715 664 747; x_wconf 93' lang='lat' dir='ltr'><strong>non</strong></span> <span class='ocrx_word' id='word_1_65' title='bbox 711 698 834 747; x_wconf 87' lang='lat' dir='ltr'><strong>dicit</strong></span> <span class='ocrx_word' id='word_1_66' title='bbox 877 715 1078 760; x_wconf 90' lang='lat' dir='ltr'><strong>nomen,</strong></span> <span class='ocrx_word' id='word_1_67' title='bbox 1124 714 1292 748; x_wconf 91' lang='lat' dir='ltr'><strong>omnes</strong></span> <span class='ocrx_word' id='word_1_68' title='bbox 1337 701 1506 748; x_wconf 90' lang='lat' dir='ltr'><strong>tamen</strong></span> <span class='ocrx_word' id='word_1_69' title='bbox 1542 700 1841 750; x_wconf 75' lang='lat' dir='ltr'>Mezentium</span> 
     </span>
     <span class='ocr_line' id='line_1_9' title="bbox 145 773 1841 836; baseline 0.002 -16"><span class='ocrx_word' id='word_1_70' title='bbox 145 773 393 834; x_wconf 88' lang='lat' dir='ltr'><strong>sentiunt,</strong></span> <span class='ocrx_word' id='word_1_71' title='bbox 432 773 520 835; x_wconf 90' lang='lat' dir='ltr'><strong>qui</strong></span> <span class='ocrx_word' id='word_1_72' title='bbox 559 788 670 821; x_wconf 91' lang='lat' dir='ltr'><strong>cum</strong></span> <span class='ocrx_word' id='word_1_73' title='bbox 709 788 802 821; x_wconf 89' lang='lat' dir='ltr'><strong>sua</strong></span> <span class='ocrx_word' id='word_1_74' title='bbox 839 773 1081 822; x_wconf 90' lang='lat' dir='ltr'><strong>felicitate</strong></span> <span class='ocrx_word' id='word_1_75' title='bbox 1119 773 1387 836; x_wconf 75' lang='lat' dir='ltr'><strong>procubuit</strong></span> <span class='ocrx_word' id='word_1_76' title='bbox 1422 774 1713 824; x_wconf 85' lang='lat' dir='ltr'><strong>interfectus</strong></span> <span class='ocrx_word' id='word_1_77' title='bbox 1751 792 1841 824; x_wconf 92' lang='lat' dir='ltr'><strong>nec</strong></span> 
     </span>
     <span class='ocr_line' id='line_1_10' title="bbox 143 846 1841 912; baseline 0.001 -16"><span class='ocrx_word' id='word_1_78' title='bbox 143 847 208 896; x_wconf 84' lang='lat' dir='ltr'><strong>ad</strong></span> <span class='ocrx_word' id='word_1_79' title='bbox 238 847 330 895; x_wconf 82' lang='lat' dir='ltr'><strong>ina</strong></span> <span class='ocrx_word' id='word_1_80' title='bbox 360 846 556 895; x_wconf 91' lang='lat' dir='ltr'><strong>consilii</strong></span> <span class='ocrx_word' id='word_1_81' title='bbox 584 846 805 896; x_wconf 89' lang='lat' dir='ltr'><strong>ludibria</strong></span> <span class='ocrx_word' id='word_1_82' title='bbox 834 850 1114 896; x_wconf 80' lang='lat' dir='ltr'><strong>reservatus</strong></span> <span class='ocrx_word' id='word_1_83' title='bbox 1150 849 1247 910; x_wconf 90' lang='lat' dir='ltr'><strong>est,</strong></span> <span class='ocrx_word' id='word_1_84' title='bbox 1284 850 1344 897; x_wconf 86' lang='lat' dir='ltr'><strong>ut</strong></span> <span class='ocrx_word' id='word_1_85' title='bbox 1373 851 1589 898; x_wconf 89' lang='lat' dir='ltr'><strong>sumeret</strong></span> <span class='ocrx_word' id='word_1_86' title='bbox 1617 851 1841 912; x_wconf 87' lang='lat' dir='ltr'><strong>praemia</strong></span> 
     </span>
     <span class='ocr_line' id='line_1_11' title="bbox 70 920 1839 987; baseline 0.002 -18"><span class='ocrx_word' id='word_1_87' title='bbox 70 931 115 964; x_wconf 80' lang='lat'><strong>1⁰</strong></span> <span class='ocrx_word' id='word_1_88' title='bbox 144 922 232 984; x_wconf 90' lang='lat' dir='ltr'><strong>qui</strong></span> <span class='ocrx_word' id='word_1_89' title='bbox 269 936 384 969; x_wconf 74' lang='lat' dir='ltr'><strong>nonv</strong></span> <span class='ocrx_word' id='word_1_90' title='bbox 406 920 597 970; x_wconf 85' lang='lat' dir='ltr'><strong>vicerat</strong></span> <span class='ocrx_word' id='word_1_91' title='bbox 638 923 688 970; x_wconf 91' lang='lat' dir='ltr'><strong>et</strong></span> <span class='ocrx_word' id='word_1_92' title='bbox 726 921 814 984; x_wconf 87' lang='lat' dir='ltr'><strong>qui</strong></span> <span class='ocrx_word' id='word_1_93' title='bbox 850 921 984 970; x_wconf 82' lang='lat' dir='ltr'><strong>vinci</strong></span> <span class='ocrx_word' id='word_1_94' title='bbox 1021 923 1255 984; x_wconf 88' lang='lat' dir='ltr'><strong>potuerat</strong></span> <span class='ocrx_word' id='word_1_95' title='bbox 1292 925 1568 987; x_wconf 78' lang='lat' dir='ltr'><strong>rogaretur.</strong></span> <span class='ocrx_word' id='word_1_96' title='bbox 1631 923 1739 987; x_wconf 91' lang='lat' dir='ltr'><strong>qui,</strong></span> <span class='ocrx_word' id='word_1_97' title='bbox 1777 941 1839 972; x_wconf 90' lang='lat' dir='ltr'><strong>ne</strong></span> 
     </span>
     <span class='ocr_line' id='line_1_12' title="bbox 143 995 1840 1062; baseline 0.002 -19"><span class='ocrx_word' id='word_1_98' title='bbox 143 995 266 1058; x_wconf 84' lang='lat' dir='ltr'><strong>quid</strong></span> <span class='ocrx_word' id='word_1_99' title='bbox 295 995 398 1044; x_wconf 87' lang='lat' dir='ltr'><strong>tale</strong></span> <span class='ocrx_word' id='word_1_100' title='bbox 428 995 641 1057; x_wconf 84' lang='lat' dir='ltr'><strong>videret,</strong></span> <span class='ocrx_word' id='word_1_101' title='bbox 672 995 939 1058; x_wconf 87' lang='lat' dir='ltr'><strong>procubuit</strong></span> <span class='ocrx_word' id='word_1_102' title='bbox 967 995 1181 1045; x_wconf 89' lang='lat' dir='ltr'><strong>moriens</strong></span> <span class='ocrx_word' id='word_1_103' title='bbox 1213 996 1285 1045; x_wconf 90' lang='lat' dir='ltr'><strong>sic</strong></span> <span class='ocrx_word' id='word_1_104' title='bbox 1315 997 1535 1060; x_wconf 90' lang='lat' dir='ltr'><strong>positum</strong></span> <span class='ocrx_word' id='word_1_105' title='bbox 1566 1000 1662 1059; x_wconf 91' lang='lat' dir='ltr'><strong>est,</strong></span> <span class='ocrx_word' id='word_1_106' title='bbox 1695 999 1840 1062; x_wconf 84' lang='lat' dir='ltr'><strong>quasi</strong></span> 
     </span>
     <span class='ocr_line' id='line_1_13' title="bbox 40 1069 1839 1132; baseline 0.002 -14"><span class='ocrx_word' id='word_1_107' title='bbox 40 1095 42 1097; x_wconf 57' lang='lat'>&gt;</span> <span class='ocrx_word' id='word_1_108' title='bbox 140 1086 242 1118; x_wconf 90' lang='lat' dir='ltr'><strong>non</strong></span> <span class='ocrx_word' id='word_1_109' title='bbox 279 1069 441 1119; x_wconf 84' lang='lat' dir='ltr'><strong>victus</strong></span> <span class='ocrx_word' id='word_1_110' title='bbox 474 1069 751 1132; x_wconf 80' lang='lat' dir='ltr'><strong>cecidisset,</strong></span> <span class='ocrx_word' id='word_1_111' title='bbox 789 1070 877 1119; x_wconf 89' lang='lat' dir='ltr'><strong>sed</strong></span> <span class='ocrx_word' id='word_1_112' title='bbox 907 1070 1165 1119; x_wconf 80' lang='lat' dir='ltr'><strong>voluntate</strong></span> <span class='ocrx_word' id='word_1_113' title='bbox 1198 1086 1309 1119; x_wconf 90' lang='lat' dir='ltr'><strong>sua:</strong></span> <span class='ocrx_word' id='word_1_114' title='bbox 1348 1071 1440 1119; x_wconf 92' lang='lat' dir='ltr'><strong>hoc</strong></span> <span class='ocrx_word' id='word_1_115' title='bbox 1477 1070 1613 1132; x_wconf 79' lang='lat' dir='ltr'><strong>iden,</strong></span> <span class='ocrx_word' id='word_1_116' title='bbox 1652 1074 1710 1120; x_wconf 91' lang='lat' dir='ltr'><strong>ut</strong></span> <span class='ocrx_word' id='word_1_117' title='bbox 1739 1071 1839 1121; x_wconf 85' lang='lat' dir='ltr'><strong>vic-</strong></span> 
     </span>
     <span class='ocr_line' id='line_1_14' title="bbox 141 1143 1839 1209; baseline 0.001 -17"><span class='ocrx_word' id='word_1_118' title='bbox 141 1145 265 1192; x_wconf 89' lang='lat' dir='ltr'><strong>toris</strong></span> <span class='ocrx_word' id='word_1_119' title='bbox 302 1143 611 1193; x_wconf 86' lang='lat' dir='ltr'><strong>minueretur</strong></span> <span class='ocrx_word' id='word_1_120' title='bbox 648 1143 809 1209; x_wconf 88' lang='lat' dir='ltr'><strong>gloria</strong></span> <span class='ocrx_word' id='word_1_121' title='bbox 848 1146 899 1192; x_wconf 92' lang='lat' dir='ltr'><strong>et</strong></span> <span class='ocrx_word' id='word_1_122' title='bbox 934 1144 1249 1207; x_wconf 85' lang='lat' dir='ltr'><strong>praevenisse</strong></span> <span class='ocrx_word' id='word_1_123' title='bbox 1286 1145 1469 1193; x_wconf 85' lang='lat' dir='ltr'><strong>talium</strong></span> <span class='ocrx_word' id='word_1_124' title='bbox 1519 1145 1839 1195; x_wconf 87' lang='lat' dir='ltr'><strong>consiliorum</strong></span> 
     </span>
     <span class='ocr_line' id='line_1_15' title="bbox 140 1218 1836 1282; baseline 0.001 -15"><span class='ocrx_word' id='word_1_125' title='bbox 140 1218 507 1281; x_wconf 81' lang='lat' dir='ltr'><strong>turpitudinem</strong></span> <span class='ocrx_word' id='word_1_126' title='bbox 530 1219 810 1267; x_wconf 90' lang='lat' dir='ltr'><strong>crederetur</strong></span> <span class='ocrx_word' id='word_1_127' title='bbox 840 1218 930 1280; x_wconf 87' lang='lat' dir='ltr'><strong>qui</strong></span> <span class='ocrx_word' id='word_1_128' title='bbox 958 1218 1252 1268; x_wconf 88' lang='lat' dir='ltr'><strong>necessitate</strong></span> <span class='ocrx_word' id='word_1_129' title='bbox 1284 1219 1453 1282; x_wconf 90' lang='lat' dir='ltr'><strong>potius</strong></span> <span class='ocrx_word' id='word_1_130' title='bbox 1479 1234 1632 1282; x_wconf 85' lang='lat' dir='ltr'><strong>quam</strong></span> <span class='ocrx_word' id='word_1_131' title='bbox 1661 1220 1836 1268; x_wconf 84' lang='lat' dir='ltr'><strong>volun-</strong></span> 
     </span>
     <span class='ocr_line' id='line_1_16' title="bbox 68 1292 1838 1352; baseline 0.004 -16"><span class='ocrx_word' id='word_1_132' title='bbox 68 1302 112 1336; x_wconf 66' lang='grc' dir='ltr'><strong>ιε</strong></span> <span class='ocrx_word' id='word_1_133' title='bbox 139 1295 246 1342; x_wconf 89' lang='lat' dir='ltr'><strong>tate</strong></span> <span class='ocrx_word' id='word_1_134' title='bbox 276 1292 573 1342; x_wconf 86' lang='lat' dir='ltr'><strong>conciderat.</strong></span> <span class='ocrx_word' id='word_1_135' title='bbox 628 1294 708 1341; x_wconf 80' lang='lat' dir='ltr'><strong>sin</strong></span> <span class='ocrx_word' id='word_1_136' title='bbox 747 1295 791 1340; x_wconf 81' lang='lat' dir='ltr'><strong>et</strong></span> <span class='ocrx_word' id='word_1_137' title='bbox 818 1306 932 1352; x_wconf 81' lang='lat' dir='ltr'><strong>opes</strong></span> <span class='ocrx_word' id='word_1_138' title='bbox 961 1293 1101 1341; x_wconf 79' lang='lat' dir='ltr'><strong>nobis</strong></span> <span class='ocrx_word' id='word_1_139' title='bbox 1140 1296 1183 1341; x_wconf 81' lang='lat' dir='ltr'><strong>et</strong></span> <span class='ocrx_word' id='word_1_140' title='bbox 1213 1293 1371 1341; x_wconf 83' lang='lat' dir='ltr'><strong>adhuc</strong></span> <span class='ocrx_word' id='word_1_141' title='bbox 1399 1294 1584 1342; x_wconf 80' lang='lat' dir='ltr'><strong>intacta</strong></span> <span class='ocrx_word' id='word_1_142' title='bbox 1613 1295 1838 1343; x_wconf 79' lang='lat' dir='ltr'><strong>iuventus</strong></span> 
     </span>
     <span class='ocr_line' id='line_1_17' title="bbox 138 1365 1940 1429; baseline -0.001 -13"><span class='ocrx_word' id='word_1_143' title='bbox 138 1366 446 1429; x_wconf 76' lang='lat' dir='ltr'><strong>[auxilioque</strong></span> <span class='ocrx_word' id='word_1_144' title='bbox 466 1368 612 1415; x_wconf 86' lang='lat' dir='ltr'><strong>urbes</strong></span> <span class='ocrx_word' id='word_1_145' title='bbox 634 1367 798 1415; x_wconf 82' lang='lat' dir='ltr'><strong>Italae</strong></span> <span class='ocrx_word' id='word_1_146' title='bbox 821 1367 1086 1427; x_wconf 79' lang='lat' dir='ltr'><strong>populique</strong></span> <span class='ocrx_word' id='word_1_147' title='bbox 1108 1370 1381 1428; x_wconf 77' lang='lat' dir='ltr'><strong>supersunt,</strong></span> <span class='ocrx_word' id='word_1_148' title='bbox 1379 1365 1414 1429; x_wconf 96' lang='lat'><em>]</em></span> <span class='ocrx_word' id='word_1_149' title='bbox 1436 1368 1516 1415; x_wconf 84' lang='lat' dir='ltr'><strong>sin</strong></span> <span class='ocrx_word' id='word_1_150' title='bbox 1539 1370 1582 1416; x_wconf 79' lang='lat' dir='ltr'><strong>et</strong></span> <span class='ocrx_word' id='word_1_151' title='bbox 1605 1368 1838 1416; x_wconf 80' lang='lat' dir='ltr'><strong>Troianis</strong></span> <span class='ocrx_word' id='word_1_152' title='bbox 1853 1375 1940 1415; x_wconf 83' lang='lat'><strong>420</strong></span> 
     </span>
     <span class='ocr_line' id='line_1_18' title="bbox 140 1441 1835 1502; baseline 0 -12"><span class='ocrx_word' id='word_1_153' title='bbox 140 1456 250 1490; x_wconf 85' lang='lat' dir='ltr'><strong>cwm</strong></span> <span class='ocrx_word' id='word_1_154' title='bbox 278 1442 427 1489; x_wconf 78' lang='lat' dir='ltr'><strong>multo</strong></span> <span class='ocrx_word' id='word_1_155' title='bbox 455 1441 616 1502; x_wconf 77' lang='lat' dir='ltr'><strong>yloria</strong></span> <span class='ocrx_word' id='word_1_156' title='bbox 645 1441 777 1489; x_wconf 82' lang='lat' dir='ltr'><strong>venit</strong></span> <span class='ocrx_word' id='word_1_157' title='bbox 804 1442 1044 1502; x_wconf 74' lang='lat' dir='ltr'><strong>sanquine</strong></span> <span class='ocrx_word' id='word_1_158' title='bbox 1083 1441 1220 1501; x_wconf 84' lang='lat' dir='ltr'><strong>(sunt</strong></span> <span class='ocrx_word' id='word_1_159' title='bbox 1256 1442 1356 1489; x_wconf 75' lang='lat' dir='ltr'><strong>illis</strong></span> <span class='ocrx_word' id='word_1_160' title='bbox 1386 1455 1480 1490; x_wconf 89' lang='lat' dir='ltr'><strong>sua</strong></span> <span class='ocrx_word' id='word_1_161' title='bbox 1510 1444 1692 1501; x_wconf 80' lang='lat' dir='ltr'><strong>funera</strong></span> <span class='ocrx_word' id='word_1_162' title='bbox 1715 1457 1835 1502; x_wconf 78' lang='lat' dir='ltr'><strong>par-</strong></span> 
     </span>
     <span class='ocr_line' id='line_1_19' title="bbox 140 1515 1835 1576; baseline 0.001 -13"><span class='ocrx_word' id='word_1_163' title='bbox 140 1530 230 1576; x_wconf 82' lang='lat' dir='ltr'><strong>que</strong></span> <span class='ocrx_word' id='word_1_164' title='bbox 266 1529 360 1576; x_wconf 77' lang='lat' dir='ltr'><strong>per</strong></span> <span class='ocrx_word' id='word_1_165' title='bbox 404 1515 563 1563; x_wconf 79' lang='lat' dir='ltr'><strong>omnis</strong></span> <span class='ocrx_word' id='word_1_166' title='bbox 611 1515 888 1575; x_wconf 76' lang='lat' dir='ltr'><strong>tempestas)</strong></span> <span class='ocrx_word' id='word_1_167' title='bbox 898 1532 914 1563; x_wconf 90' lang='lat'><strong>.·</strong></span> <span class='ocrx_word' id='word_1_168' title='bbox 964 1530 1051 1563; x_wconf 86' lang='lat' dir='ltr'><strong>cur</strong></span> <span class='ocrx_word' id='word_1_169' title='bbox 1094 1516 1340 1563; x_wconf 79' lang='lat' dir='ltr'><strong>indecores</strong></span> <span class='ocrx_word' id='word_1_170' title='bbox 1377 1516 1430 1563; x_wconf 81' lang='lat' dir='ltr'><strong>in</strong></span> <span class='ocrx_word' id='word_1_171' title='bbox 1470 1515 1635 1564; x_wconf 82' lang='lat' dir='ltr'><strong>limine</strong></span> <span class='ocrx_word' id='word_1_172' title='bbox 1671 1517 1835 1576; x_wconf 76' lang='lat' dir='ltr'><strong>primo</strong></span> 
     </span>
     <span class='ocr_line' id='line_1_20' title="bbox 139 1590 1837 1650; baseline 0 -12"><span class='ocrx_word' id='word_1_173' title='bbox 139 1590 424 1649; x_wconf 73' lang='lat' dir='ltr'><strong>deficimus?</strong></span> <span class='ocrx_word' id='word_1_174' title='bbox 486 1604 574 1637; x_wconf 85' lang='lat' dir='ltr'><strong>cur</strong></span> <span class='ocrx_word' id='word_1_175' title='bbox 619 1593 730 1638; x_wconf 82' lang='lat' dir='ltr'><strong>ante</strong></span> <span class='ocrx_word' id='word_1_176' title='bbox 768 1590 935 1637; x_wconf 83' lang='lat' dir='ltr'><strong>tubam</strong></span> <span class='ocrx_word' id='word_1_177' title='bbox 979 1593 1156 1637; x_wconf 81' lang='lat' dir='ltr'><strong>tremor</strong></span> <span class='ocrx_word' id='word_1_178' title='bbox 1201 1593 1399 1650; x_wconf 78' lang='lat' dir='ltr'><strong>occupat</strong></span> <span class='ocrx_word' id='word_1_179' title='bbox 1442 1591 1613 1638; x_wconf 76' lang='lat' dir='ltr'><strong>artus?</strong></span> <span class='ocrx_word' id='word_1_180' title='bbox 1673 1590 1837 1638; x_wconf 86' lang='lat' dir='ltr'><strong>adfuit</strong></span> 
     </span>
     <span class='ocr_line' id='line_1_21' title="bbox 65 1662 1835 1728; baseline -0.001 -16"><span class='ocrx_word' id='word_1_181' title='bbox 65 1675 112 1707; x_wconf 76' lang='lat'><strong>2⁰</strong></span> <span class='ocrx_word' id='word_1_182' title='bbox 138 1662 366 1727; x_wconf 89' lang='lat' dir='ltr'><strong>partibus</strong></span> <span class='ocrx_word' id='word_1_183' title='bbox 409 1663 513 1712; x_wconf 89' lang='lat' dir='ltr'><strong>suis</strong></span> <span class='ocrx_word' id='word_1_184' title='bbox 553 1665 602 1711; x_wconf 90' lang='lat' dir='ltr'><strong>et</strong></span> <span class='ocrx_word' id='word_1_185' title='bbox 642 1679 700 1712; x_wconf 89' lang='lat' dir='ltr'><strong>ea</strong></span> <span class='ocrx_word' id='word_1_186' title='bbox 740 1663 916 1727; x_wconf 90' lang='lat' dir='ltr'><strong>quibus</strong></span> <span class='ocrx_word' id='word_1_187' title='bbox 965 1663 1271 1728; x_wconf 86' lang='lat' dir='ltr'><strong>gravabatur</strong></span> <span class='ocrx_word' id='word_1_188' title='bbox 1315 1663 1677 1712; x_wconf 84' lang='lat' dir='ltr'><strong>extenuationis</strong></span> <span class='ocrx_word' id='word_1_189' title='bbox 1716 1663 1835 1712; x_wconf 86' lang='lat' dir='ltr'><strong>arti·</strong></span> 
     </span>
     <span class='ocr_line' id='line_1_22' title="bbox 137 1737 1836 1801; baseline 0 -15"><span class='ocrx_word' id='word_1_190' title='bbox 137 1737 229 1787; x_wconf 90' lang='lat' dir='ltr'><strong>bus</strong></span> <span class='ocrx_word' id='word_1_191' title='bbox 275 1737 520 1787; x_wconf 81' lang='lat' dir='ltr'><strong>relevavit</strong></span> <span class='ocrx_word' id='word_1_192' title='bbox 561 1737 769 1786; x_wconf 90' lang='lat' dir='ltr'><strong>inducta</strong></span> <span class='ocrx_word' id='word_1_193' title='bbox 818 1737 1006 1786; x_wconf 89' lang='lat' dir='ltr'><strong>scilicet</strong></span> <span class='ocrx_word' id='word_1_194' title='bbox 1051 1739 1416 1800; x_wconf 81' lang='lat' dir='ltr'><strong>conparatione.</strong></span> <span class='ocrx_word' id='word_1_195' title='bbox 1492 1753 1603 1799; x_wconf 79' lang='lat' dir='ltr'><strong>nOS,</strong></span> <span class='ocrx_word' id='word_1_196' title='bbox 1652 1738 1836 1801; x_wconf 85' lang='lat' dir='ltr'><strong>inquit,</strong></span> 
     </span>
     <span class='ocr_line' id='line_1_23' title="bbox 139 1811 1835 1875; baseline 0 -15"><span class='ocrx_word' id='word_1_197' title='bbox 139 1811 182 1860; x_wconf 88' lang='lat' dir='ltr'><strong>si</strong></span> <span class='ocrx_word' id='word_1_198' title='bbox 219 1812 407 1875; x_wconf 89' lang='lat' dir='ltr'><strong>priores</strong></span> <span class='ocrx_word' id='word_1_199' title='bbox 448 1827 564 1875; x_wconf 90' lang='lat' dir='ltr'><strong>opes</strong></span> <span class='ocrx_word' id='word_1_200' title='bbox 595 1811 924 1875; x_wconf 89' lang='lat' dir='ltr'><strong>perdidimus,</strong></span> <span class='ocrx_word' id='word_1_201' title='bbox 962 1811 1201 1860; x_wconf 88' lang='lat' dir='ltr'><strong>habemus</strong></span> <span class='ocrx_word' id='word_1_202' title='bbox 1240 1812 1386 1873; x_wconf 80' lang='lat' dir='ltr'><strong>alias,</strong></span> <span class='ocrx_word' id='word_1_203' title='bbox 1424 1811 1641 1875; x_wconf 89' lang='lat' dir='ltr'><strong>primum</strong></span> <span class='ocrx_word' id='word_1_204' title='bbox 1678 1813 1835 1861; x_wconf 85' lang='lat' dir='ltr'><strong>intac-</strong></span> 
     </span>
     <span class='ocr_line' id='line_1_24' title="bbox 137 1885 1834 1948; baseline 0 -14"><span class='ocrx_word' id='word_1_205' title='bbox 137 1889 245 1935; x_wconf 88' lang='lat' dir='ltr'><strong>tam</strong></span> <span class='ocrx_word' id='word_1_206' title='bbox 281 1887 607 1935; x_wconf 86' lang='lat' dir='ltr'><strong>iuventutem.</strong></span> <span class='ocrx_word' id='word_1_207' title='bbox 661 1887 894 1935; x_wconf 86' lang='lat' dir='ltr'><strong>iuventus</strong></span> <span class='ocrx_word' id='word_1_208' title='bbox 925 1887 1118 1935; x_wconf 88' lang='lat' dir='ltr'><strong>intacta</strong></span> <span class='ocrx_word' id='word_1_209' title='bbox 1157 1887 1233 1935; x_wconf 85' lang='lat' dir='ltr'><strong>est</strong></span> <span class='ocrx_word' id='word_1_210' title='bbox 1263 1901 1390 1948; x_wconf 90' lang='lat' dir='ltr'><strong>quae</strong></span> <span class='ocrx_word' id='word_1_211' title='bbox 1428 1885 1647 1935; x_wconf 89' lang='lat' dir='ltr'><strong>nondum</strong></span> <span class='ocrx_word' id='word_1_212' title='bbox 1684 1887 1834 1934; x_wconf 89' lang='lat' dir='ltr'><strong>inter-</strong></span> 
     </span>
     <span class='ocr_line' id='line_1_25' title="bbox 137 1960 1833 2025; baseline -0.001 -16"><span class='ocrx_word' id='word_1_213' title='bbox 137 1960 237 2009; x_wconf 89' lang='lat' dir='ltr'><strong>fuit</strong></span> <span class='ocrx_word' id='word_1_214' title='bbox 264 1960 409 2008; x_wconf 85' lang='lat' dir='ltr'><strong>bellis</strong></span> <span class='ocrx_word' id='word_1_215' title='bbox 440 1960 743 2023; x_wconf 90' lang='lat' dir='ltr'><strong>perindeque</strong></span> <span class='ocrx_word' id='word_1_216' title='bbox 765 1960 939 2009; x_wconf 91' lang='lat' dir='ltr'><strong>robore</strong></span> <span class='ocrx_word' id='word_1_217' title='bbox 961 1960 1156 2025; x_wconf 89' lang='lat' dir='ltr'><strong>integro</strong></span> <span class='ocrx_word' id='word_1_218' title='bbox 1188 1962 1238 2008; x_wconf 88' lang='lat' dir='ltr'><strong>et</strong></span> <span class='ocrx_word' id='word_1_219' title='bbox 1262 1960 1323 2009; x_wconf 90' lang='lat' dir='ltr'><strong>ab</strong></span> <span class='ocrx_word' id='word_1_220' title='bbox 1352 1960 1487 2009; x_wconf 93' lang='lat' dir='ltr'><strong>omni</strong></span> <span class='ocrx_word' id='word_1_221' title='bbox 1509 1961 1833 2008; x_wconf 86' lang='lat' dir='ltr'><strong>certaminum</strong></span> 
     </span>
     <span class='ocr_line' id='line_1_26' title="bbox 63 2033 1834 2099; baseline 0.003 -21"><span class='ocrx_word' id='word_1_222' title='bbox 63 2045 108 2078; x_wconf 79' lang='lat'><strong>25</strong></span> <span class='ocrx_word' id='word_1_223' title='bbox 137 2034 437 2099; x_wconf 86' lang='lat' dir='ltr'><strong>fatigatione</strong></span> <span class='ocrx_word' id='word_1_224' title='bbox 474 2033 701 2083; x_wconf 87' lang='lat' dir='ltr'><strong>discreta.</strong></span> <span class='ocrx_word' id='word_1_225' title='bbox 725 2036 1045 2084; x_wconf 86' lang='lat' dir='ltr'><strong>monstratur.</strong></span> <span class='ocrx_word' id='word_1_226' title='bbox 1107 2036 1225 2084; x_wconf 88' lang='lat' dir='ltr'><strong>sunt</strong></span> <span class='ocrx_word' id='word_1_227' title='bbox 1262 2036 1313 2082; x_wconf 92' lang='lat' dir='ltr'><strong>et</strong></span> <span class='ocrx_word' id='word_1_228' title='bbox 1343 2033 1532 2083; x_wconf 79' lang='lat' dir='ltr'><strong>auxilia</strong></span> <span class='ocrx_word' id='word_1_229' title='bbox 1561 2034 1834 2083; x_wconf 79' lang='lat' dir='ltr'><strong>multarum</strong></span> 
     </span>
     <span class='ocr_line' id='line_1_27' title="bbox 137 2108 1834 2172; baseline -0.001 -15"><span class='ocrx_word' id='word_1_230' title='bbox 137 2109 338 2157; x_wconf 89' lang='lat' dir='ltr'><strong>urbium</strong></span> <span class='ocrx_word' id='word_1_231' title='bbox 375 2108 747 2172; x_wconf 83' lang='lat' dir='ltr'><strong>multorumque</strong></span> <span class='ocrx_word' id='word_1_232' title='bbox 786 2109 1107 2172; x_wconf 88' lang='lat' dir='ltr'><strong>populorum:</strong></span> <span class='ocrx_word' id='word_1_233' title='bbox 1148 2110 1314 2157; x_wconf 89' lang='lat' dir='ltr'><strong>totum</strong></span> <span class='ocrx_word' id='word_1_234' title='bbox 1347 2109 1529 2158; x_wconf 88' lang='lat' dir='ltr'><strong>falsum</strong></span> <span class='ocrx_word' id='word_1_235' title='bbox 1560 2108 1834 2169; x_wconf 87' lang='lat' dir='ltr'><strong>adserebat,</strong></span> 
     </span>
     <span class='ocr_line' id='line_1_28' title="bbox 138 2182 1832 2244; baseline -0.002 -12"><span class='ocrx_word' id='word_1_236' title='bbox 138 2185 355 2232; x_wconf 90' lang='lat' dir='ltr'><strong>ceterum</strong></span> <span class='ocrx_word' id='word_1_237' title='bbox 393 2182 437 2231; x_wconf 92' lang='lat' dir='ltr'><strong>si</strong></span> <span class='ocrx_word' id='word_1_238' title='bbox 473 2198 645 2231; x_wconf 85' lang='lat' dir='ltr'><strong>verum</strong></span> <span class='ocrx_word' id='word_1_239' title='bbox 683 2185 833 2244; x_wconf 91' lang='lat' dir='ltr'><strong>esset,</strong></span> <span class='ocrx_word' id='word_1_240' title='bbox 873 2182 1152 2231; x_wconf 87' lang='lat' dir='ltr'><strong>ostenderet</strong></span> <span class='ocrx_word' id='word_1_241' title='bbox 1183 2182 1472 2232; x_wconf 89' lang='lat' dir='ltr'><strong>definienter</strong></span> <span class='ocrx_word' id='word_1_242' title='bbox 1507 2183 1708 2231; x_wconf 85' lang='lat' dir='ltr'><strong>urbium</strong></span> <span class='ocrx_word' id='word_1_243' title='bbox 1747 2199 1832 2230; x_wconf 89' lang='lat' dir='ltr'><strong>no·</strong></span> 
     </span>
     <span class='ocr_line' id='line_1_29' title="bbox 135 2256 1831 2321; baseline -0.001 -16"><span class='ocrx_word' id='word_1_244' title='bbox 135 2257 274 2306; x_wconf 88' lang='lat' dir='ltr'><strong>mina</strong></span> <span class='ocrx_word' id='word_1_245' title='bbox 335 2258 386 2306; x_wconf 88' lang='lat' dir='ltr'><strong>ct</strong></span> <span class='ocrx_word' id='word_1_246' title='bbox 441 2257 684 2306; x_wconf 84' lang='lat' dir='ltr'><strong>vocabula</strong></span> <span class='ocrx_word' id='word_1_247' title='bbox 740 2258 965 2321; x_wconf 86' lang='lat' dir='ltr'><strong>gentium</strong></span> <span class='ocrx_word' id='word_1_248' title='bbox 1016 2257 1095 2305; x_wconf 86' lang='lat' dir='ltr'><strong>vel</strong></span> <span class='ocrx_word' id='word_1_249' title='bbox 1143 2256 1402 2306; x_wconf 90' lang='lat' dir='ltr'><strong>hominum</strong></span> <span class='ocrx_word' id='word_1_250' title='bbox 1457 2256 1831 2305; x_wconf 88' lang='lat' dir='ltr'><strong>demonstraret.</strong></span> 
     </span>
     <span class='ocr_line' id='line_1_30' title="bbox 135 2330 1830 2395; baseline -0.001 -16"><span class='ocrx_word' id='word_1_251' title='bbox 135 2332 259 2381; x_wconf 89' lang='lat' dir='ltr'><strong>haec</strong></span> <span class='ocrx_word' id='word_1_252' title='bbox 296 2332 500 2379; x_wconf 83' lang='lat' dir='ltr'><strong>fuerunt</strong></span> <span class='ocrx_word' id='word_1_253' title='bbox 536 2346 626 2394; x_wconf 92' lang='lat' dir='ltr'><strong>pro</strong></span> <span class='ocrx_word' id='word_1_254' title='bbox 666 2331 894 2395; x_wconf 86' lang='lat' dir='ltr'><strong>partibus</strong></span> <span class='ocrx_word' id='word_1_255' title='bbox 925 2331 1102 2379; x_wconf 87' lang='lat' dir='ltr'><strong>Turni:</strong></span> <span class='ocrx_word' id='word_1_256' title='bbox 1142 2331 1265 2380; x_wconf 89' lang='lat' dir='ltr'><strong>dicit</strong></span> <span class='ocrx_word' id='word_1_257' title='bbox 1300 2331 1403 2380; x_wconf 91' lang='lat' dir='ltr'><strong>iam</strong></span> <span class='ocrx_word' id='word_1_258' title='bbox 1439 2331 1640 2379; x_wconf 87' lang='lat' dir='ltr'><strong>alterius</strong></span> <span class='ocrx_word' id='word_1_259' title='bbox 1672 2330 1830 2392; x_wconf 87' lang='lat' dir='ltr'><strong>partis</strong></span> 
     </span>
     <span class='ocr_line' id='line_1_31' title="bbox 64 2404 1832 2470; baseline 0 -18"><span class='ocrx_word' id='word_1_260' title='bbox 64 2421 108 2452; x_wconf 81' lang='lat' dir='ltr'><strong>so</strong></span> <span class='ocrx_word' id='word_1_261' title='bbox 136 2405 450 2454; x_wconf 88' lang='lat' dir='ltr'><strong>incommoda</strong></span> <span class='ocrx_word' id='word_1_262' title='bbox 488 2406 663 2470; x_wconf 84' lang='lat' dir='ltr'><strong>gravia</strong></span> <span class='ocrx_word' id='word_1_263' title='bbox 702 2406 824 2454; x_wconf 89' lang='lat' dir='ltr'><strong>satis</strong></span> <span class='ocrx_word' id='word_1_264' title='bbox 864 2406 914 2452; x_wconf 93' lang='lat' dir='ltr'><strong>et</strong></span> <span class='ocrx_word' id='word_1_265' title='bbox 950 2405 1251 2468; x_wconf 88' lang='lat' dir='ltr'><strong>perniciosa,</strong></span> <span class='ocrx_word' id='word_1_266' title='bbox 1298 2408 1355 2454; x_wconf 92' lang='lat' dir='ltr'><strong>ut</strong></span> <span class='ocrx_word' id='word_1_267' title='bbox 1391 2421 1563 2468; x_wconf 92' lang='lat' dir='ltr'><strong>parem</strong></span> <span class='ocrx_word' id='word_1_268' title='bbox 1602 2404 1832 2453; x_wconf 87' lang='lat' dir='ltr'><strong>ostendat</strong></span> 
     </span>
     <span class='ocr_line' id='line_1_32' title="bbox 137 2478 1830 2542; baseline -0.002 -14"><span class='ocrx_word' id='word_1_269' title='bbox 137 2480 398 2542; x_wconf 88' lang='lat' dir='ltr'><strong>utriusque</strong></span> <span class='ocrx_word' id='word_1_270' title='bbox 454 2479 612 2542; x_wconf 88' lang='lat' dir='ltr'><strong>partis</strong></span> <span class='ocrx_word' id='word_1_271' title='bbox 667 2480 888 2528; x_wconf 85' lang='lat' dir='ltr'><strong>extitisse</strong></span> <span class='ocrx_word' id='word_1_272' title='bbox 940 2479 1209 2529; x_wconf 87' lang='lat' dir='ltr'><strong>fortunam.</strong></span> <span class='ocrx_word' id='word_1_273' title='bbox 1287 2481 1331 2528; x_wconf 90' lang='lat' dir='ltr'><strong>si</strong></span> <span class='ocrx_word' id='word_1_274' title='bbox 1381 2480 1596 2540; x_wconf 89' lang='lat' dir='ltr'><strong>constat,</strong></span> <span class='ocrx_word' id='word_1_275' title='bbox 1649 2478 1830 2540; x_wconf 88' lang='lat' dir='ltr'><strong>inquit,</strong></span> 
     </span>
    </p>
   </div>
   <div class='ocr_carea' id='block_1_3' title="bbox 138 2573 494 2580">
    <p class='ocr_par' dir='ltr' id='par_1_3' title="bbox 138 2573 494 2580">
     <span class='ocr_line' id='line_1_33' title="bbox 138 2573 494 2580; baseline 0 0"><span class='ocrx_word' id='word_1_276' title='bbox 138 2573 494 2580; x_wconf 95' lang='lat' dir='ltr'><strong> </strong></span> 
     </span>
    </p>
   </div>
   <div class='ocr_carea' id='block_1_4' title="bbox 53 2632 1829 2988">
    <p class='ocr_par' dir='ltr' id='par_1_4' title="bbox 137 2632 1829 2928">
     <span class='ocr_line' id='line_1_34' title="bbox 258 2632 1829 2693; baseline -0.003 -14"><span class='ocrx_word' id='word_1_277' title='bbox 258 2641 280 2679; x_wconf 91' lang='lat'><strong>1</strong></span> <span class='ocrx_word' id='word_1_278' title='bbox 315 2650 342 2682; x_wconf 91' lang='grc' dir='ltr'><em>ο</em></span> <span class='ocrx_word' id='word_1_279' title='bbox 371 2637 531 2682; x_wconf 82' lang='lat' dir='ltr'><strong>solitae</strong></span> <span class='ocrx_word' id='word_1_280' title='bbox 553 2635 596 2679; x_wconf 92' lang='lat' dir='ltr'><strong>V</strong></span> <span class='ocrx_word' id='word_1_281' title='bbox 628 2635 693 2692; x_wconf 90' lang='lat' dir='ltr'><strong>(in</strong></span> <span class='ocrx_word' id='word_1_282' title='bbox 724 2635 944 2680; x_wconf 87' lang='lat' dir='ltr'><strong>lemmate</strong></span> <span class='ocrx_word' id='word_1_283' title='bbox 975 2636 1131 2693; x_wconf 81' lang='lat' dir='ltr'><strong>recte).</strong></span> <span class='ocrx_word' id='word_1_284' title='bbox 1253 2640 1279 2679; x_wconf 88' lang='lat'><strong>3</strong></span> <span class='ocrx_word' id='word_1_285' title='bbox 1318 2636 1400 2680; x_wconf 76' lang='lat' dir='ltr'><strong>hoc</strong></span> <span class='ocrx_word' id='word_1_286' title='bbox 1428 2635 1523 2689; x_wconf 77' lang='lat' dir='ltr'><strong>fuit</strong></span> <span class='ocrx_word' id='word_1_287' title='bbox 1551 2632 1592 2676; x_wconf 90' lang='lat' dir='ltr'><strong>V</strong></span> <span class='ocrx_word' id='word_1_288' title='bbox 1623 2633 1694 2677; x_wconf 93' lang='lat' dir='ltr'><strong>ed.</strong></span> <span class='ocrx_word' id='word_1_289' title='bbox 1729 2646 1829 2676; x_wconf 89' lang='lat' dir='ltr'><strong>cor—</strong></span> 
     </span>
     <span class='ocr_line' id='line_1_35' title="bbox 137 2692 1828 2753; baseline -0.002 -15"><span class='ocrx_word' id='word_1_290' title='bbox 137 2697 326 2751; x_wconf 90' lang='lat' dir='ltr'><strong>ruptum</strong></span> <span class='ocrx_word' id='word_1_291' title='bbox 357 2698 495 2753; x_wconf 89' lang='lat' dir='ltr'><strong>puto,</strong></span> <span class='ocrx_word' id='word_1_292' title='bbox 527 2694 724 2739; x_wconf 85' lang='lat' dir='ltr'><strong>fortasse</strong></span> <span class='ocrx_word' id='word_1_293' title='bbox 755 2696 1015 2752; x_wconf 72' lang='lat' dir='ltr'><strong>siqnificat?</strong></span> <span class='ocrx_word' id='word_1_294' title='bbox 1122 2699 1149 2739; x_wconf 93' lang='lat'>8</span> <span class='ocrx_word' id='word_1_295' title='bbox 1180 2696 1358 2739; x_wconf 82' lang='lat' dir='ltr'><strong>utieetis</strong></span> <span class='ocrx_word' id='word_1_296' title='bbox 1380 2693 1422 2737; x_wconf 90' lang='lat' dir='ltr'><strong>V</strong></span> <span class='ocrx_word' id='word_1_297' title='bbox 1452 2692 1715 2746; x_wconf 79' lang='lat' dir='ltr'><strong>interfectus</strong></span> <span class='ocrx_word' id='word_1_298' title='bbox 1745 2705 1828 2735; x_wconf 88' lang='lat' dir='ltr'><strong>nos</strong></span> 
     </span>
     <span class='ocr_line' id='line_1_36' title="bbox 139 2750 1829 2810; baseline -0.003 -12"><span class='ocrx_word' id='word_1_299' title='bbox 139 2768 226 2798; x_wconf 92' lang='lat' dir='ltr'><strong>om.</strong></span> <span class='ocrx_word' id='word_1_300' title='bbox 259 2755 331 2799; x_wconf 90' lang='lat' dir='ltr'><strong>ed.</strong></span> <span class='ocrx_word' id='word_1_301' title='bbox 455 2759 480 2798; x_wconf 87' lang='lat'>9</span> <span class='ocrx_word' id='word_1_302' title='bbox 513 2755 696 2799; x_wconf 80' lang='lat' dir='ltr'><strong>concilii</strong></span> <span class='ocrx_word' id='word_1_303' title='bbox 726 2752 767 2797; x_wconf 96' lang='lat' dir='ltr'><strong>V</strong></span> <span class='ocrx_word' id='word_1_304' title='bbox 798 2754 870 2798; x_wconf 91' lang='lat' dir='ltr'><strong>ed.</strong></span> <span class='ocrx_word' id='word_1_305' title='bbox 994 2759 1049 2798; x_wconf 83' lang='grc'><strong>16</strong></span> <span class='ocrx_word' id='word_1_306' title='bbox 1079 2755 1668 2810; x_wconf 79' lang='lat' dir='ltr'><strong>auxilioque—supersunt</strong></span> <span class='ocrx_word' id='word_1_307' title='bbox 1699 2750 1829 2794; x_wconf 85' lang='lat' dir='ltr'><strong>deest</strong></span> 
     </span>
     <span class='ocr_line' id='line_1_37' title="bbox 137 2811 1828 2870; baseline -0.002 -14"><span class='ocrx_word' id='word_1_308' title='bbox 137 2813 188 2856; x_wconf 90' lang='lat' dir='ltr'><strong>in</strong></span> <span class='ocrx_word' id='word_1_309' title='bbox 217 2813 274 2868; x_wconf 89' lang='lat' dir='ltr'><strong>V,</strong></span> <span class='ocrx_word' id='word_1_310' title='bbox 307 2814 389 2858; x_wconf 90' lang='lat' dir='ltr'><strong>sed</strong></span> <span class='ocrx_word' id='word_1_311' title='bbox 421 2813 694 2870; x_wconf 78' lang='lat' dir='ltr'><strong>explicatur,</strong></span> <span class='ocrx_word' id='word_1_312' title='bbox 807 2817 860 2856; x_wconf 78' lang='lat'><strong>17</strong></span> <span class='ocrx_word' id='word_1_313' title='bbox 892 2818 1000 2857; x_wconf 76' lang='lat' dir='ltr'><strong>sumt</strong></span> <span class='ocrx_word' id='word_1_314' title='bbox 1022 2812 1065 2857; x_wconf 93' lang='lat' dir='ltr'><strong>V</strong></span> <span class='ocrx_word' id='word_1_315' title='bbox 1094 2819 1287 2869; x_wconf 69' lang='lat' dir='ltr'><strong>svmtque</strong></span> <span class='ocrx_word' id='word_1_316' title='bbox 1318 2811 1389 2856; x_wconf 90' lang='lat' dir='ltr'><strong>ed.</strong></span> <span class='ocrx_word' id='word_1_317' title='bbox 1507 2814 1562 2854; x_wconf 91' lang='lat'><strong>18</strong></span> <span class='ocrx_word' id='word_1_318' title='bbox 1593 2823 1714 2855; x_wconf 84' lang='lat' dir='ltr'><strong>cores</strong></span> <span class='ocrx_word' id='word_1_319' title='bbox 1743 2823 1828 2866; x_wconf 89' lang='lat' dir='ltr'><strong>pro</strong></span> 
     </span>
     <span class='ocr_line' id='line_1_38' title="bbox 137 2869 1827 2928; baseline -0.003 -11"><span class='ocrx_word' id='word_1_320' title='bbox 137 2886 220 2917; x_wconf 81' lang='lat' dir='ltr'><strong>cwr</strong></span> <span class='ocrx_word' id='word_1_321' title='bbox 247 2873 479 2919; x_wconf 81' lang='lat' dir='ltr'><strong>indecores</strong></span> <span class='ocrx_word' id='word_1_322' title='bbox 502 2873 557 2917; x_wconf 93' lang='lat' dir='ltr'><strong>V.</strong></span> <span class='ocrx_word' id='word_1_323' title='bbox 681 2876 736 2915; x_wconf 83' lang='lat'><strong>19</strong></span> <span class='ocrx_word' id='word_1_324' title='bbox 769 2873 958 2917; x_wconf 83' lang='lat' dir='ltr'><strong>occubat</strong></span> <span class='ocrx_word' id='word_1_325' title='bbox 985 2871 1041 2917; x_wconf 93' lang='lat' dir='ltr'><strong>V.</strong></span> <span class='ocrx_word' id='word_1_326' title='bbox 1164 2876 1219 2915; x_wconf 82' lang='lat'><strong>23</strong></span> <span class='ocrx_word' id='word_1_327' title='bbox 1251 2871 1475 2928; x_wconf 74' lang='lat' dir='ltr'><strong>quaedum</strong></span> <span class='ocrx_word' id='word_1_328' title='bbox 1498 2869 1541 2913; x_wconf 95' lang='lat' dir='ltr'><strong>V</strong></span> <span class='ocrx_word' id='word_1_329' title='bbox 1572 2883 1686 2925; x_wconf 76' lang='lat' dir='ltr'><strong>quae</strong></span> <span class='ocrx_word' id='word_1_330' title='bbox 1715 2882 1827 2913; x_wconf 85' lang='lat' dir='ltr'><strong>non-</strong></span> 
     </span>
    </p>

    <p class='ocr_par' dir='ltr' id='par_1_5' title="bbox 53 2931 1273 2988">
     <span class='ocr_line' id='line_1_39' title="bbox 53 2931 1273 2988; baseline -0.001 -14"><span class='ocrx_word' id='word_1_331' title='bbox 53 2970 56 2973; x_wconf 33' lang='lat'><strong>.</strong></span> <span class='ocrx_word' id='word_1_332' title='bbox 137 2932 246 2976; x_wconf 82' lang='lat' dir='ltr'><strong>dum</strong></span> <span class='ocrx_word' id='word_1_333' title='bbox 277 2932 393 2976; x_wconf 84' lang='lat' dir='ltr'><strong>edF.</strong></span> <span class='ocrx_word' id='word_1_334' title='bbox 517 2937 571 2976; x_wconf 82' lang='lat'><strong>27</strong></span> <span class='ocrx_word' id='word_1_335' title='bbox 605 2932 870 2988; x_wconf 73' lang='lat' dir='ltr'><strong>definienter</strong></span> <span class='ocrx_word' id='word_1_336' title='bbox 892 2931 935 2975; x_wconf 95' lang='lat' dir='ltr'><strong>V</strong></span> <span class='ocrx_word' id='word_1_337' title='bbox 967 2945 1170 2988; x_wconf 75' lang='lat' dir='ltr'><strong>expresse</strong></span> <span class='ocrx_word' id='word_1_338' title='bbox 1202 2931 1273 2974; x_wconf 90' lang='lat' dir='ltr'><strong>ed.</strong></span> 
     </span>
    </p>
   </div>
  </div>
 </body>
</html>
