2050 3226
797 168 1102 214 AENEIDOS
1132 168 1175 212 x
1725 171 1834 224 333

144 311 215 359 dit
261 311 316 358 in
363 309 534 366 undis,
583 310 786 371 repente
837 308 1083 358 dissoluta
1136 311 1211 357 est
1263 309 1314 356 et
1373 308 1425 355 in
1476 308 1623 357 undis
1675 308 1834 357 adhuc

143 384 308 448 posita
357 383 489 432 viros
544 398 669 445 quos
726 383 962 446 portabat
1015 381 1203 431 effudit.
1288 382 1541 443 fraymina
1593 396 1836 430 remorwm

144 473 262 520 quos
300 461 344 506 et
371 458 621 516 fluitantia
651 460 870 505 transtra
901 457 1157 518 inpediwnt
1184 457 1476 517 retrahitque
1493 456 1667 516 pedem
1690 456 1836 503 simul

143 533 282 581 unda
318 531 565 580 relabens:
603 547 715 579 cum
753 546 804 579 se
843 531 989 580 undis
1029 530 1240 580 liberare
1279 531 1578 591 niterentur,
1616 530 1835 592 inpedie-

23 630 29 675 3
64 619 112 663 ,5
146 606 328 654 bantur
366 605 621 669 naufragii
658 605 885 667 partibus
925 607 975 654 et
1012 604 1149 653 unda
1186 606 1431 653 retrorsus
1480 604 1631 652 ducta
1676 604 1836 652 niten-

143 681 271 728 tium
308 695 504 744 gressus
544 681 594 728 et
630 679 844 743 vestigia
882 679 1160 728 revocabat.

55 746 57 759 ’
259 753 364 802 Nee
411 754 636 802 Turnum
689 755 850 814 seynis
902 755 1073 801 retinet
1123 767 1286 801 mora:
1341 768 1452 800 cum
1500 753 1594 800 hoc
1640 752 1837 800 Turnus

48 816 51 839 '⁴
144 827 372 889 vidisset,
410 828 550 876 nulla
587 843 728 876 mora
766 828 932 890 potuit
970 828 1196 889 retineri,
1242 827 1327 875 sed
1371 828 1505 888 rapit
1542 841 1654 875 acer
1692 830 1839 874 totam

145 903 296 950 aciem
343 903 399 949 in
449 902 661 950 Teucros
712 905 754 950 et
803 905 971 950 eontra
1020 903 1074 949 in
1120 902 1255 949 litore
1292 902 1433 950 sistit.
1510 903 1702 964 quanta
1740 900 1841 947 fuit

70 990 113 1022 ιο
144 976 359 1025 aviditas
410 977 490 1025 vel
540 978 729 1038 quanta
778 991 919 1024 casus
972 975 1267 1040 emergentis
1318 975 1531 1024 occasio!
1584 990 1735 1037 quam
1779 990 1840 1022 ne

146 1052 399 1099 amitteret
428 1050 639 1111 Turnus,
671 1050 828 1099 omnis
862 1066 975 1099 suos
1008 1066 1064 1099 eo
1090 1050 1337 1114 congessit
1359 1049 1447 1097 ubi
1469 1048 1840 1112 inpedientibus

145 1124 312 1188 pelagi
348 1125 497 1173 undis
537 1140 562 1172 e
602 1124 797 1174 diverso
835 1125 1080 1173 venientis
1112 1124 1309 1173 facilius
1341 1125 1448 1187 ipse
1482 1139 1540 1172 ac
1569 1123 1729 1172 tutius
1761 1139 1839 1171 ex-

145 1214 367 1263 pugnare
406 1201 587 1262 posset.
671 1200 814 1259 siyna
860 1202 1066 1247 canant:
1111 1199 1368 1262 signorum
1411 1199 1642 1246 hortante
1691 1199 1840 1246 cantu
1858 1211 1943 1252 310

143 1273 272 1321 itum
325 1274 402 1321 est
451 1272 505 1320 in
560 1275 822 1321 certamen.
914 1273 1111 1333 primns
1157 1276 1346 1320 turmas
1394 1273 1578 1320 invasit
1638 1272 1842 1332 ayrestis

33 1395 35 1398 .
71 1359 113 1392 15
144 1346 360 1404 Aeneae,
411 1360 549 1394 omen
595 1361 818 1407 pnqnae:
892 1347 1107 1410 primum
1158 1361 1420 1430 possumus
1472 1348 1692 1408 accipere
1741 1361 1841 1394 non

144 1424 342 1469 tantum
378 1421 540 1484 primo
578 1420 898 1484 incipientem
936 1437 1110 1470 verum
1155 1421 1308 1469 etiam
1354 1421 1460 1469 sine
1508 1420 1720 1468 aliorum
1767 1435 1842 1468 so-

145 1496 346 1557 cietate3
384 1510 596 1559 magnae
637 1496 769 1543 enim
807 1495 971 1544 laudis
1008 1495 1170 1543 instar
1209 1497 1286 1543 est
1322 1495 1420 1544 isse
1459 1511 1611 1542 unum
1650 1496 1704 1542 in
1745 1495 1841 1541 exi-

143 1569 273 1617 tium
321 1569 664 1632 plurimorum.
750 1571 1015 1630 stravitque
1063 1569 1295 1626 Latinos,
1348 1568 1529 1618 occidit
1577 1569 1843 1631 plurimos:

25 1708 29 1710 ῃ
145 1659 257 1692 cum
286 1659 387 1691 non
418 1643 541 1692 dicit
570 1645 774 1691 nomina
804 1660 895 1692 nec
926 1643 1160 1706 exprimit
1191 1644 1419 1706 quantos,
1450 1642 1843 1707 intellegendum

35 1712 45 1806 ξ’
70 1729 116 1762 20
146 1719 221 1767 est
244 1718 428 1766 multos
454 1733 558 1766 esse
583 1720 858 1780 prostratos
890 1721 941 1767 et
970 1717 1059 1766 ubi
1089 1717 1279 1766 dictum
1311 1720 1387 1766 est
1418 1717 1627 1782 agrestis
1651 1720 1842 1766 turmas

34 1812 42 1870 ᾗ·
146 1793 299 1840 fuisse
330 1792 515 1841 multos
546 1793 720 1854 procul
752 1791 902 1840 dubio
933 1792 1094 1841 inesse
1126 1793 1362 1855 potuisse.
1425 1793 1577 1840 occiso
1604 1792 1844 1840 Therone:

146 1867 276 1914 hunc
315 1882 429 1915 cum
466 1867 663 1915 nomine
693 1867 883 1930 posuit,
917 1867 1053 1930 quod
1083 1866 1263 1915 fuisset
1294 1867 1521 1930 cognitus
1553 1869 1603 1915 et
1631 1881 1842 1930 magnae

147 1940 369 2001 virtutis,
410 1942 657 2002 quantum
695 1943 865 1990 autem
901 1940 1110 1990 fiduciae
1150 1940 1396 1989 extitisset
1434 1940 1693 2004 sequentia
1730 1955 1842 2002 pro-

147 2015 291 2063 bant:
339 2015 522 2071 viram,
573 2014 761 2077 inquit,
812 2017 894 2076 qni
941 2016 1210 2071 maximus,
1261 2015 1463 2063 illorum
1517 2014 1705 2063 scilicet
1757 2013 1845 2076 qui

74 2099 116 2132 25
148 2088 296 2137 strati
333 2091 452 2137 sunt
490 2090 579 2137 aut
616 2090 892 2138 ceterorum
930 2091 1084 2138 etiam
1114 2089 1428 2138 Rutulorum.
1481 2089 1607 2136 ‘altro
1639 2087 1844 2136 Aenean

34 2139 42 2267 ⁹
147 2164 284 2223 petit:
333 2163 452 2211 talis
503 2163 691 2212 occisus
743 2166 818 2212 est
868 2163 955 2226 qui
1004 2180 1104 2212 non
1155 2163 1434 2212 dubitasset
1481 2163 1615 2211 ultro
1665 2164 1737 2211 ire
1792 2163 1845 2210 in

34 2271 40 2325 ἒ
148 2237 345 2285 Aeneae
385 2238 677 2299 perniciem,
717 2237 803 2285 sed
839 2238 970 2285 hunc
1002 2237 1148 2286 facile
1181 2238 1395 2286 occisum
1428 2237 1552 2286 dicit
1581 2237 1845 2285 nobilitate

148 2310 378 2374 potioriS‚
419 2311 507 2373 qui
538 2310 599 2359 ab
632 2310 731 2360 alio
764 2327 862 2359 non
893 2314 1062 2374 posset
1091 2311 1270 2374 occidi3
1302 2314 1499 2360 tantam
1530 2314 1658 2359 enim
1692 2310 1846 2359 sensit

28 2421 44 2744 Ι
149 2386 345 2434 Aeneae
369 2385 622 2434 virtutem.
674 2386 787 2434 haic
812 2386 978 2446 yladio
996 2400 1178 2446 perque
1202 2401 1347 2435 aerea
1369 2389 1495 2442 suta,
1514 2400 1607 2446 per
1630 2385 1846 2433 tunicam

269 2516 295 2555 2
328 2512 491 2567 effudit
512 2511 554 2555 V
579 2511 650 2556 ed.
675 2511 870 2566 effwndit
892 2511 946 2556 R.
984 2512 988 2571 Ι
1022 2512 1277 2567 frammina
1299 2513 1339 2556 R
1373 2526 1487 2556 corr.
1512 2527 1547 2555 r.
1656 2515 1681 2554 3
1710 2511 1846 2567 pedes

150 2570 221 2614 ed.
326 2575 352 2615 5
384 2572 514 2615 wnda
545 2585 634 2615 om.
660 2571 732 2615 ed.
763 2584 848 2626 pro
880 2571 1019 2616 ducta
1049 2571 1294 2616 substituit
1325 2572 1396 2617 ed.
1429 2573 1548 2627 post.
1655 2575 1707 2614 11
1741 2583 1845 2614 con-

151 2631 282 2674 cessit
302 2629 387 2673 VR
417 2631 639 2687 conyessit
674 2643 757 2674 nos
796 2630 955 2686 inepte
989 2633 1103 2674 mut.
1138 2631 1210 2675 ed.
1335 2636 1389 2674 12
1421 2631 1622 2675 catutius
1644 2629 1684 2673 V
1718 2634 1845 2674 actu-

151 2694 225 2733 tus
254 2689 297 2732 R
327 2695 369 2734 et
399 2691 581 2734 cautius
611 2689 682 2734 ed.
778 2693 833 2733 14
863 2691 915 2734 in
946 2703 1034 2734 om.
1059 2690 1113 2734 R.
1157 2690 1162 2748 1
1205 2696 1419 2747 ayrestes,
1452 2689 1533 2733 sed
1564 2687 1686 2732 infra
1717 2703 1745 2732 a
1777 2702 1845 2732 re-

151 2749 234 2792 stis
255 2747 352 2792 VR.
454 2753 508 2793 17
540 2751 627 2793 isse
656 2762 800 2793 wnum
823 2748 909 2792 VR
938 2750 1035 2805 ipse
1064 2764 1187 2794 unus
1218 2749 1289 2793 ed.
1382 2752 1438 2792 20
1464 2753 1724 2804 prostratus
1747 2702 1842 2790 ZR.

154 2811 207 2850 21
232 2808 390 2852 nullus
412 2807 497 2851 VR
521 2808 592 2852 ed
618 2809 782 2853 multos
804 2821 901 2851 nos.
939 2807 944 2867 Ι
971 2810 1194 2864 potuisset
1208 2808 1293 2852 VR
1318 2808 1390 2851 ed.
1477 2811 1531 2850 23
1555 2808 1724 2863 probat
1746 2806 1843 2849 VR.

155 2870 211 2909 24
242 2867 394 2935 inquit
423 2880 511 2911 om.
537 2867 607 2911 ed.
723 2871 779 2910 25
812 2872 1055 2913 ceterorum
1087 2869 1222 2913 etiam
1254 2882 1341 2910 om.
1369 2866 1440 2910 ed.
1556 2871 1611 2910 26
1643 2867 1763 2910 altro
1793 2867 1846 2910 in

154 2923 238 2967 VR
267 2927 334 2970 ire
364 2925 584 2982 interpos.
611 2925 682 2970 ed.
776 2929 832 2969 28
859 2939 952 2970 non
980 2940 1067 2971 om.
1094 2927 1244 2983 edF.'
1282 2931 1458 2971 tantam
1475 2924 1559 2968 VR
1582 2927 1748 2971 miram
1772 2925 1842 2969 ed.

156 2987 211 3026 29
241 2984 362 3029 hwnc
384 2984 470 3028 VR
500 2985 571 3030 ed.
599 2999 712 3030 corr.
739 2985 809 3029 ed.
835 2987 953 3042 post.
996 2985 1001 3044 Ι
1046 3000 1134 3042 per
1164 3000 1255 3042 qua
1286 2999 1444 3030 aereae
1473 2989 1524 3029 ut
1554 2998 1664 3040 aper
1688 2983 1784 3028 VR.
