2050 3226
236 177 347 230 210
700 172 931 217 DONATI
961 172 1027 216 IN
1029 172 1242 216 TERPR.
1266 171 1445 216 VERG.

225 313 433 375 dabant,
470 327 628 376 usque
668 312 790 361 adeo
829 314 888 361 ut
924 327 1046 361 vasa
1084 312 1324 360 exhausta
1361 314 1629 375 verterent,
1669 329 1798 375 quae
1835 328 1914 362 res

224 387 514 436 ostendebat
558 388 757 435 tantum
801 386 1014 435 bibitum
1063 387 1304 448 quantum
1353 385 1471 448 fuit,
1521 402 1620 435 non
1671 389 1916 449 quantum

223 461 443 510 naturali
480 460 739 510 refectioni
777 461 1039 509 sufficeret.
1108 460 1356 508 conlucent
1400 461 1556 521 iqnes,
1596 462 1772 524 utpote
1812 475 1914 508 om-

224 535 370 584 nibus
403 535 564 583 adhuc
595 534 919 599 vigilantibus
952 537 1002 582 et
1032 534 1254 582 nondum
1287 533 1404 582 vino
1443 534 1650 597 sepultis
1691 550 1748 583 ac
1787 549 1913 583 som-

223 625 301 658 n0.
391 613 574 658 noctem
628 609 846 657 custodia
900 608 1032 656 ducit
1082 608 1352 656 insomnem
1406 608 1518 656 ludo
1526 625 1543 656 .·
1595 607 1914 672 vigilabatur,

222 683 508 745 bibebatur,
538 682 824 744 ludebatur,
857 698 983 743 quae
1016 683 1182 731 omnia
1213 698 1312 731 non
1342 681 1601 730 refectioni
1631 682 1914 745 proderant,

224 757 310 806 sed
362 757 664 821 fatigationi.
753 757 871 805 haec
922 770 1070 816 super
1125 770 1149 803 e
1199 756 1329 804 vallo
1378 759 1689 816 prospectant
1742 757 1915 804 Troes:

166 889 170 892 ι
222 832 343 880 haec
374 830 612 879 videbant
646 833 696 879 et
727 829 951 892 Troiani3
990 829 1154 878 facilis
1186 831 1318 878 enim
1347 829 1445 878 fuit
1482 831 1542 877 de
1581 845 1772 878 summo
1803 846 1915 893 pro·

224 907 420 968 spectus
436 941 449 966 ,
488 904 607 967 quia
636 905 764 969 ignis
796 903 1025 967 plurimis
1057 905 1180 953 locis
1212 919 1444 952 accensus
1474 904 1600 952 nihil
1629 904 1916 967 patiebatur

224 995 328 1028 esse
375 979 427 1026 in
473 979 682 1027 occulto.
758 980 912 1027 armis
958 979 1061 1026 alta
1107 981 1288 1027 tenent:
1332 977 1470 1038 licet,
1516 979 1706 1040 inquit,
1757 979 1916 1027 securi

224 1054 388 1102 essent
423 1052 701 1102 munitione
740 1053 885 1114 valli,
923 1054 1092 1101 tamen
1133 1052 1313 1100 armati
1351 1051 1654 1116 vigilabant,
1691 1054 1914 1101 tenentes

225 1128 429 1188 altiora,
476 1144 537 1174 ne
578 1127 702 1189 quid
747 1129 944 1190 praeter
982 1143 1151 1174 eorum
1195 1129 1421 1189 aspectus
1460 1125 1721 1174 moliretur
1756 1126 1914 1175 hostis

124 1214 207 1253 170
225 1203 312 1250 aut
361 1201 559 1249 faceret.
635 1215 722 1249 nec
766 1215 865 1248 non
911 1201 1087 1260 trepidi
1130 1200 1393 1261 formidine
1430 1203 1604 1260 portas
1642 1200 1917 1261 explorant:

224 1291 314 1324 nec
343 1291 442 1323 non
475 1275 725 1339 significat
755 1275 842 1323 sed
873 1277 935 1322 et.
998 1276 1047 1322 et
1078 1275 1205 1336 alta,
1239 1274 1428 1337 inquit,
1466 1274 1704 1322 tenebant
1734 1275 1918 1322 armati

225 1353 275 1398 et
296 1351 467 1413 portas
492 1349 758 1397 firmabant
781 1348 902 1398 satis
926 1350 1130 1410 intenti,
1166 1366 1227 1396 ne
1259 1349 1348 1397 has
1374 1348 1545 1410 aliqua
1575 1348 1650 1397 vis
1681 1364 1916 1411 superare

223 1425 392 1486 posset
441 1425 491 1471 et
540 1423 750 1472 vincere.
827 1423 1046 1485 trepidos
1099 1423 1224 1471 dixit
1274 1438 1385 1470 cum
1434 1424 1614 1471 timore
1661 1422 1916 1486 diligentis

223 1513 312 1546 nec
341 1497 560 1551 inmunis
585 1513 615 1545 a
639 1497 927 1546 sollicitiore
959 1497 1169 1545 cautela.
1231 1497 1325 1545 tela
1345 1500 1542 1558 yerunt:
1572 1498 1715 1544 tanta
1747 1512 1918 1544 eorum

224 1572 391 1620 fuerat
421 1586 558 1630 cura,
591 1573 648 1619 ut
678 1571 888 1620 firmatis
921 1571 1149 1619 omnibus
1182 1572 1285 1618 tela
1317 1571 1468 1619 etiam
1499 1572 1739 1634 gererent,
1772 1571 1918 1632 quasi

223 1648 325 1693 iam
374 1645 532 1694 hostis
582 1645 790 1694 infestus
840 1645 1106 1694 insisteret.
1181 1646 1334 1693 instat
1381 1645 1666 1692 Mnestheus
1715 1658 1918 1704 acerque

223 1719 466 1768 Serestus:
512 1735 626 1768 acer
669 1719 722 1767 in
760 1719 922 1767 medio
968 1719 1190 1782 positum
1236 1721 1286 1767 et
1325 1719 1579 1767 Mnestheo
1626 1720 1793 1780 potest
1832 1719 1917 1766 ad-

226 1794 405 1857 plicari
436 1796 486 1843 et
518 1792 727 1842 Serest0.
802 1808 919 1852 quos
949 1797 1096 1853 pater
1133 1792 1349 1849 Aeneas,
1389 1794 1435 1840 si
1473 1792 1667 1852 quando
1707 1793 1918 1841 adversa

224 1871 470 1924 vocarent,
524 1871 728 1915 rectores
779 1868 944 1914 iuveni
997 1871 1041 1915 et
1091 1882 1256 1915 rerum
1306 1867 1438 1914 dedit
1486 1881 1587 1914 esse
1635 1867 1917 1927 mayistros:

225 1942 327 1990 illis
374 1942 472 1990 fuit
518 1941 675 1990 omnis
716 1941 1060 1990 communibus
1100 1940 1362 1990 commissa
1400 1940 1702 2003 respublica,
1748 1942 1827 2002 ut,
1874 1940 1919 1988 si

227 2015 421 2077 aliquid
465 2017 796 2078 temptaretur
841 2015 1058 2076 adversi,
1108 2017 1338 2078 regerent
1381 2015 1612 2063 iuvenem
1658 2015 1708 2062 et
1754 2014 1918 2063 omnia

228 2089 432 2138 consilio
483 2090 684 2143 meliore
733 2090 1000 2138 firmarent.
1076 2090 1302 2138 iuvenem
1348 2091 1437 2137 aut
1474 2089 1746 2137 Ascanium
1792 2089 1919 2136 dixit

229 2165 317 2211 aut
347 2164 680 2226 appellatione
710 2164 856 2211 unius
889 2164 1080 2212 iuvenis
1114 2163 1272 2212 omnis
1303 2162 1531 2226 intellegi
1560 2163 1734 2212 voluit.
1795 2163 1918 2210 haec

229 2253 344 2301 ergo
376 2241 436 2285 ut
464 2239 609 2286 tanta
640 2253 758 2285 cura
789 2240 1016 2300 gererent
1053 2237 1269 2286 faciebat
1300 2237 1563 2285 ductorum
1593 2236 1918 2299 praeferenda

228 2311 471 2372 sollertia,
528 2311 707 2373 quibus
768 2311 974 2359 docendi
1020 2311 1318 2374 iubendique
1366 2326 1480 2360 suas
1525 2311 1685 2373 partis
1723 2310 1917 2358 Aeneas

348 2457 372 2496 3
411 2452 650 2506 refectione
674 2451 715 2494 V
739 2452 810 2495 ed.
844 2466 957 2496 corr.
992 2453 1063 2497 ed.
1095 2453 1215 2508 post.
1345 2456 1371 2495 5
1414 2452 1670 2508 viyilabant
1711 2451 1919 2495 bibebant

229 2512 445 2556 ludebant
467 2511 538 2555 ed.
610 2515 633 2554 '¹1
659 2512 927 2567 fatiyationi
943 2511 983 2555 V
1006 2513 1324 2569 fatiyationem
1339 2511 1588 2567 pariebant
1609 2510 1680 2554 ed.
1706 2567 1709 2570 ,
1748 2514 1774 2553 8
1799 2511 1917 2554 vide-

229 2573 386 2615 bantes
408 2570 449 2613 V
479 2571 679 2615 videntes
709 2571 780 2613 ed.
813 2571 1027 2615 videbant
1057 2577 1098 2615 et
1126 2585 1223 2614 nos.
1317 2574 1342 2613 9
1375 2571 1573 2614 accensis
1596 2569 1639 2612 V
1663 2582 1775 2613 corr.
1801 2569 1872 2613 ed.
1909 2568 1914 2627 Ι

223 2631 488 2685 patiebatur
511 2643 601 2674 esse
623 2631 675 2673 in
698 2631 868 2674 occulto
884 2629 926 2673 V
949 2631 1205 2674 occultabat
1229 2629 1300 2673 ed.
1395 2633 1450 2672 10
1482 2630 1624 2672 armis
1648 2628 1690 2671 V
1714 2634 1755 2672 et
1777 2643 1818 2672 a.
1846 2628 1917 2673 ed.

233 2693 286 2731 13
319 2690 560 2744 emplorant
589 2688 693 2731 finis
724 2688 958 2732 lemmatis
989 2689 1037 2732 in
1062 2689 1104 2732 V
1130 2688 1658 2745 pontesque—iungunt
1692 2687 1798 2731 add.
1832 2687 1918 2740 ed.,

231 2748 312 2792 sed
351 2762 443 2791 non
479 2747 749 2803 explicatur.
874 2753 929 2791 14
961 2754 1002 2792 et
1032 2750 1130 2792 alta
1154 2748 1195 2790 V
1226 2753 1267 2791 et
1298 2761 1386 2790 om.
1419 2746 1490 2790 ed.
1615 2751 1668 2790 16
1702 2747 1848 2802 possit
1877 2745 1919 2789 V

231 2821 344 2850 corr.
378 2807 448 2851 ed.
566 2812 618 2850 17
651 2807 925 2851 sollicidiore
956 2809 1134 2851 cautela
1157 2807 1199 2850 V
1229 2808 1402 2850 temere
1434 2807 1547 2848 mut.
1574 2805 1644 2849 ed.
1762 2809 1815 2847 19
1847 2806 1919 2848 in-

230 2871 354 2910 stant
384 2867 454 2909 ed.
541 2870 596 2909 20
627 2866 855 2922 appellari
878 2865 918 2908 V
942 2867 1173 2922 adplicari
1197 2866 1266 2909 ed.
1293 2879 1375 2909 nos
1404 2865 1461 2907 cf.
1488 2869 1556 2917 10,
1577 2869 1672 2908 161.
1759 2869 1814 2906 22
1847 2865 1918 2907 iu-

231 2926 334 2968 veni
356 2925 467 2968 item
495 2929 564 2979 10,
585 2929 639 2968 70
656 2924 696 2968 V
715 2924 771 2967 cf.
791 2924 911 2968 Serv.
991 2930 1047 2968 23
1073 2939 1167 2970 com
1189 2926 1325 2969 nibus
1340 2924 1382 2967 V
1406 2924 1716 2968 communibus
1739 2923 1918 2979 scripsi,

233 2983 322 3027 etsi
352 2984 428 3027 vix
458 2984 676 3039 latinum,
710 2986 1000 3029 communiter
1032 2985 1102 3029 ed.
1225 2989 1279 3028 27
1313 2983 1617 3039 praeterenda
1641 2982 1682 3025 V
1707 2996 1820 3026 corr.
1846 2982 1916 3025 ed.

1948 997 1992 1028 lo

1949 1360 2050 1402 152

1949 1730 1992 1762 20

1949 2099 1992 2131 25
