2050 3226
794 206 1100 252 Anmsmos
1122 206 1210 252 vn
1773 208 1845 264 25

154 350 351 398 iuvenes
386 361 620 408 mwroque
654 348 904 396 subibant:
965 362 1077 395 cum
1117 347 1240 395 haec
1278 348 1450 411 ageret
1485 345 1702 408 AeneaS,
1746 348 1849 396 iam

154 422 311 488 legati
356 423 428 471 sic
474 422 787 471 confecerant
828 422 940 483 iter,
983 424 1043 470 ut
1087 420 1313 471 viderent
1355 420 1650 470 Latinorum
1695 421 1847 471 turris

155 500 207 546 et
242 496 504 546 domorum
544 498 691 545 tecta.
763 495 917 544 turris
962 495 1195 544 viderunt
1237 495 1423 558 prim0,
1469 511 1597 558 quae
1645 496 1848 544 altiores

153 572 378 633 fuerunt,
417 586 531 619 cnm
568 586 685 619 vero
732 569 989 633 propiores
1029 569 1362 631 efficerentur,
1400 569 1634 619 viderunt
1666 572 1716 619 et
1763 570 1848 618 do·

104 659 124 691 ⁶
154 661 351 694 morum
377 647 524 694 tecta.
578 659 819 706 muroque
850 644 1100 706 subibant,
1129 644 1224 693 hoc
1254 645 1331 692 est
1361 643 1426 692 ad
1454 644 1622 707 ipsum
1651 661 1851 693 murum

154 720 258 768 iam
296 721 564 782 coeperant
607 719 880 782 pervenire.
958 718 1255 767 describitur
1297 718 1399 766 iam
1444 720 1671 767 veterum
1714 719 1849 767 inco·

155 795 320 843 larum
357 809 464 842 mos
504 793 827 856 studiumque
865 792 1106 841 bellandi:
1151 792 1325 841 multis
1370 793 1503 841 enim
1540 792 1660 842 locis
1699 795 1851 856 poeta

157 869 380 917 adseruit
429 883 658 930 asperam
711 883 815 916 esse
868 867 1013 916 bellis
1058 866 1261 915 Italiam
1308 868 1360 915 et
1405 867 1468 916 ad
1515 883 1656 915 arma
1702 867 1850 916 facile

155 944 522 1006 properantem,
546 942 775 1005 denique,
799 943 860 990 ut
880 958 1038 990 unum
1070 941 1130 990 de
1160 941 1333 990 multis
1366 941 1536 990 demus
1571 942 1852 1005 exemplum

82 1030 126 1061 ιο
156 1012 230 1083 (4,
257 1010 413 1084 227),
452 1031 591 1078 ,,11011
627 1016 796 1077 illum,
841 1016 1028 1078 inquit,
1074 1016 1215 1065 nobis
1255 1014 1480 1080 genetrix
1517 1016 1851 1078 pulcherrima

155 1091 309 1140 talem
355 1090 588 1154 promisit
634 1089 942 1153 Graiumque
990 1089 1102 1138 ideo
1152 1090 1229 1139 bis
1276 1089 1500 1138 vindicat
1539 1091 1713 1151 armis,
1767 1090 1853 1139 sed

156 1166 262 1214 fore
309 1164 396 1228 qui
444 1164 705 1228 gravidam
752 1164 975 1227 imperiis
1021 1165 1252 1227 belloque
1306 1164 1597 1212 trementem
1649 1164 1855 1213 Italiam

156 1238 401 1303 regeret“.
454 1238 638 1287 idcirco
668 1239 762 1287 hoc
791 1239 900 1287 loco
931 1238 1127 1287 virilem
1157 1239 1399 1287 Italorum
1434 1253 1604 1287 sexum
1638 1238 1856 1287 ostendit

157 1315 260 1361 iam
297 1312 412 1361 inde
444 1328 475 1360 a
505 1314 673 1376 pueris
714 1312 880 1362 studio
919 1313 1130 1361 exerceri
1162 1312 1382 1374 virtutis,
1414 1312 1625 1375 denique
1656 1314 1728 1361 sic
1760 1314 1854 1361 ait:

85 1402 126 1435 15
158 1391 270 1436 ante
317 1388 487 1435 urbem
532 1388 680 1447 pueri
733 1390 777 1434 et
823 1388 1075 1447 primaevo
1128 1388 1247 1446 flore
1297 1387 1525 1435 iuventus
1578 1391 1856 1435 exercentur

158 1462 293 1521 cquis
330 1461 658 1521 domitantque
701 1461 757 1508 in
795 1461 999 1521 pulvere
1048 1476 1238 1510 curruS.
1315 1461 1668 1509 exercebantur
1713 1461 1855 1524 equis

159 1538 249 1584 aut
286 1551 457 1583 eorum
495 1536 641 1583 dorso
680 1535 890 1597 inpositi
921 1538 1009 1584 aut
1038 1536 1255 1584 habenas
1295 1536 1564 1584 retinentes
1602 1535 1656 1583 in
1695 1552 1855 1584 curru.

157 1612 211 1657 in
270 1610 475 1672 pulvere
541 1610 730 1672 inquit,
793 1611 915 1672 quia
970 1609 1076 1658 illic
1138 1609 1313 1658 iuncta
1376 1610 1615 1658 animalia
1677 1611 1855 1659 melius

159 1685 424 1733 domantur
473 1683 563 1731 ubi
616 1683 870 1732 difficilior
914 1685 1106 1732 tractus
1162 1687 1250 1733 est.
1335 1687 1423 1732 aut
1475 1685 1605 1732 acris
1657 1685 1859 1732 tendunt

16 1768 17 1771 ’
84 1772 128 1803 so
159 1773 306 1806 arcus
344 1762 432 1807 aut
468 1758 598 1806 lenta
637 1758 830 1806 lacertis
868 1759 1060 1817 spicula
1098 1762 1426 1818 contorquent:
1473 1758 1560 1806 alii
1598 1758 1856 1808 mittendis
1876 1766 1959 1806 165

159 1831 357 1896 sagittis
389 1848 592 1895 operam
623 1832 826 1893 dabant,
851 1832 941 1880 alii
969 1836 1029 1881 ut
1057 1832 1262 1882 hastilia
1291 1833 1548 1881 mitterent
1570 1833 1855 1882 meditando

160 1906 430 1955 discebant.
507 1921 747 1967 cursuque
783 1907 974 1966 ictuque
1013 1907 1278 1955 lacessunt:
1316 1907 1657 1970 provocabant
1687 1923 1738 1956 se
1771 1908 1858 1956 alii

159 1983 220 2028 ut
249 1996 396 2029 cursu
427 1981 779 2029 contenderent
803 1983 892 2030 aut
911 1980 1030 2029 ictu.
1087 1981 1244 2030 ictum
1268 1997 1530 2044 possumus
1553 1982 1856 2046 intellegere,

160 2071 260 2103 non
298 2058 357 2103 ut
393 2054 600 2103 ferirent
648 2071 699 2103 se
736 2055 971 2116 invicem,
1011 2056 1098 2104 sed
1142 2058 1202 2103 ut
1240 2055 1491 2104 destinata
1528 2058 1856 2118 percuterent.

87 2141 130 2173 25
160 2130 282 2177 haec
314 2129 482 2177 omnia
513 2130 841 2177 certaminum
871 2146 1054 2194 genera
1083 2129 1266 2178 idcirco
1297 2146 1395 2178 usu
1426 2133 1477 2178 et
1507 2130 1858 2179 exercitatione

163 2203 438 2263 discebant,
477 2205 537 2251 ut
575 2203 704 2252 veris
742 2203 887 2252 bellis
926 2207 976 2252 et
1013 2220 1159 2252 verae
1198 2203 1510 2252 dimicationi
1546 2204 1856 2266 proficerent.

163 2292 340 2340 pueros
395 2277 523 2325 dixit
576 2281 626 2326 et
677 2277 878 2326 iuvenes
932 2278 1010 2326 his
1064 2277 1244 2327 studiis
1298 2279 1451 2327 fuisse
1503 2279 1744 2340 intentOS,
1800 2295 1856 2326 ex

16 2333 23 2368 ί
164 2351 393 2399 omnibus
430 2353 588 2415 igitur
626 2367 754 2415 quae
799 2351 1025 2413 iuvenes,
1073 2367 1199 2415 quae
1246 2353 1388 2415 pueri
1433 2355 1671 2416 gererent.
1749 2368 1857 2400 cum

16 2369 34 2555 ἱ
157 2429 444 2486 praevectus
498 2440 614 2485 equo
662 2426 882 2486 lonyaevi
926 2427 1054 2487 reyis
1099 2427 1167 2474 ad
1212 2427 1353 2475 auris
1401 2428 1606 2475 nuntius
1650 2428 1857 2487 inqentis

90 2513 134 2545 30
163 2501 327 2560 iqnota
374 2501 428 2546 in
471 2503 598 2548 veste
642 2503 856 2560 reportat
901 2500 1156 2549 advenisse
1203 2502 1359 2548 viros:
1415 2501 1516 2549 fuit
1561 2502 1753 2549 occasio
1800 2503 1858 2548 ut

166 2588 229 2621 ex
265 2573 367 2621 illis
407 2574 493 2636 qui
532 2573 673 2635 equis
713 2573 1070 2623 exercebantur
1113 2577 1406 2637 praevectus
1447 2590 1597 2638 equo,
1643 2575 1735 2622 hoc
1782 2576 1858 2622 est

167 2650 282 2695 ante
335 2648 531 2711 legatos
586 2648 650 2695 ad
702 2659 868 2712 regem
926 2651 1118 2709 vectus,
1175 2650 1433 2697 nuntiaret
1481 2650 1614 2697 viros
1664 2649 1857 2697 venisse

165 2721 384 2785 ingentis
423 2723 474 2768 et
510 2720 685 2785 ignota
722 2723 882 2783 veste,
923 2724 993 2783 et,
1034 2723 1154 2785 quia
1190 2723 1422 2771 turbatus
1452 2723 1711 2784 repentino
1745 2737 1856 2770 con-

167 2797 342 2857 spectu
385 2811 475 2858 pro
528 2796 771 2858 qualitate
822 2796 977 2844 animi
1026 2796 1104 2845 sui
1153 2796 1421 2845 nuntiabat
1470 2811 1598 2858 quae
1647 2796 1857 2858 viderat,

288 2970 314 3008 3
353 2979 468 3022 quac
497 2965 540 3008 V
582 2966 702 3022 quod
739 2966 812 3010 ed.
934 2970 987 3009 11
1029 2967 1217 3011 bisum..
1246 3002 1253 3010 .
1283 3001 1291 3010 .
1324 2966 1501 3009 indicat
1530 2965 1584 3010 V.
1710 2971 1764 3010 16
1806 2968 1858 3009 in

170 3037 257 3067 om.
282 3023 337 3068 V.
461 3029 515 3067 17
548 3026 735 3080 repositi
765 3025 836 3068 ed.
961 3029 1015 3068 29
1042 3030 1280 3081 provectus
1311 3026 1376 3078 (et
1406 3023 1545 3080 infra)
1577 3024 1648 3068 ed.
