2078 3260
246 220 356 274 604
717 218 951 264 ΒΟΝΑΤΙ
980 218 1045 263 IN
1047 218 1261 264 TERPR.
1287 218 1469 264 VERG.

142 367 228 408 425
246 373 390 407 arma
427 358 509 408 citi
530 362 790 420 properate
826 359 960 406 viro!
998 358 1115 417 quid
1144 359 1316 407 statis?
1353 359 1514 420 Iapyx
1545 360 1813 408 conclamat
1833 361 1941 420 pri-

243 447 445 493 musque
483 434 674 481 animos
713 433 930 481 accendit
964 432 1020 479 in
1048 432 1251 481 hostem:
1288 433 1381 481 hoe
1410 435 1518 482 viso
1550 449 1664 482 cum
1700 433 1942 498 Iapygem

246 506 511 556 admiratio
549 508 816 567 tenuisset,
856 506 1066 554 clamare
1105 507 1291 569 coepit:
1330 507 1446 555 date
1485 524 1623 560 arma
1660 508 1766 557 viro
1805 509 1942 570 forti,

245 581 360 630 date
385 580 700 643 quantocius!
742 596 843 642 qua
866 596 985 629 voce
1010 582 1059 628 et
1082 581 1349 630 sanitatem
1379 582 1663 644 provenisse
1686 581 1943 631 nuntiavit

244 657 296 704 et
331 655 562 719 fugatam
600 654 790 702 dudum
827 654 1039 703 hominis
1091 671 1332 704 remeasse
1371 655 1631 718 virtutem,
1681 672 1807 718 quae
1846 672 1943 705 vox
1995 670 2015 703 5

187 792 191 795 Β
243 730 447 778 Aenean
478 731 645 792 ipsum
675 730 905 791 optatum
935 729 1171 778 excitavit
1199 731 1254 777 in
1284 729 1484 778 bellum.
1533 746 1633 778 non
1657 730 1752 778 sibi
1774 733 1941 779 tamen

244 803 515 866 plurimum
554 802 713 865 dedit,
762 805 820 851 ut
856 803 950 851 hoe
986 803 1152 866 ipsum
1189 803 1374 852 diceret
1410 804 1599 852 factum
1637 819 1789 866 opera
1827 820 1941 867 sua3

245 877 438 926 addidit
477 877 660 940 quippe
699 877 801 925 alia
841 876 1022 939 quibus
1069 893 1158 926 nec
1207 877 1304 926 sibi
1354 878 1619 942 adrogaret
1660 877 1854 941 aliquid
1892 881 1943 926 et

243 951 447 1000 Aenean
485 952 651 1013 ipsum
688 951 891 999 meliore
934 966 1021 1014 spe
1059 953 1292 1015 propriae
1329 951 1586 1001 felicitatis
1634 953 1942 1002 accenderet:

242 1040 342 1073 non
385 1026 503 1074 haec
550 1026 781 1073 humanis
829 1027 1023 1085 opibus,
1073 1040 1174 1074 non
1222 1029 1326 1074 arte
1372 1028 1610 1087 mayistra
1645 1028 1945 1086 proveniunt
1975 1041 2018 1073 ιο

243 1113 394 1159 neque
425 1103 487 1157 te,
519 1098 711 1156 Aenea,
742 1114 854 1148 mea
883 1100 1080 1148 dextera
1105 1103 1278 1149 servat.
1332 1101 1492 1149 maior
1523 1102 1625 1162 ayit
1652 1101 1771 1149 deus
1802 1103 1945 1160 atque

243 1188 392 1234 opera
422 1174 489 1222 acl
517 1173 712 1222 maiora
740 1175 959 1222 remittit:
997 1190 1096 1222 non
1131 1174 1363 1236 pudenda
1402 1175 1666 1238 confessi0‚
1707 1176 1944 1237 quoniam

242 1247 401 1310 Iapyx
438 1247 766 1310 profitebatur
803 1264 903 1296 non
940 1248 1080 1296 illam
1119 1249 1360 1310 hominis,
1407 1249 1492 1299 sed
1531 1248 1753 1298 divinam
1791 1249 1943 1298 fuisse

242 1321 562 1384 medicinam3
593 1323 648 1370 in
672 1338 728 1371 eo
753 1338 842 1370 nec
865 1322 968 1371 sibi
999 1322 1191 1385 aliquid
1223 1323 1437 1386 dempsit
1467 1326 1517 1372 et
1539 1323 1737 1371 Aeneae
1764 1324 1944 1372 merita

140 1406 226 1447 430
244 1399 458 1458 quaestu
480 1397 700 1445 melioris
722 1396 1106 1459 praedicationis
1133 1397 1420 1447 cumulavit.
1451 1398 1532 1445 ille
1555 1398 1732 1446 avidus
1744 1412 1944 1458 puynae
1975 1412 2017 1445 15

242 1485 389 1519 suras
427 1471 693 1519 incluserat
730 1486 877 1519 auro:
926 1472 1034 1532 ille,
1073 1472 1166 1520 hoc
1205 1473 1280 1520 est
1319 1472 1408 1535 qui
1436 1471 1539 1520 iam
1570 1471 1760 1519 dudum
1791 1473 1944 1520 etiam

243 1561 355 1592 cum
384 1545 494 1607 ipso
519 1545 720 1594 vulnere
753 1545 962 1593 ardebat
990 1545 1043 1593 in
1073 1545 1274 1608 bellum,
1299 1548 1561 1595 consecuta
1592 1547 1807 1594 sanitate
1839 1561 1941 1594 cor-

242 1620 377 1681 poris
418 1619 496 1667 sui
532 1620 694 1683 magis
733 1619 991 1683 magisque
1022 1635 1294 1683 properans
1334 1635 1472 1669 suras
1507 1635 1626 1668 auro
1658 1620 1941 1668 incluserat.

241 1693 354 1741 hinc
377 1697 518 1752 atque
540 1694 675 1742 hinc:
705 1694 779 1742 ita
803 1696 861 1742 ut
882 1693 1010 1742 nihil
1033 1709 1205 1742 earum
1227 1696 1502 1757 appareret.
1541 1694 1731 1753 oditque
1752 1708 1943 1742 moras:

242 1767 323 1814 hic
346 1782 452 1816 mos
478 1769 554 1815 est
584 1769 899 1830 properantis
922 1768 1123 1816 tardum
1150 1771 1348 1831 putare,
1380 1768 1578 1816 etiamsi
1603 1768 1735 1830 quod
1758 1768 1941 1816 facien·
1972 1782 2016 1814 so

244 1841 362 1888 dum
385 1843 462 1890 est
491 1842 715 1890 celeriter
743 1842 846 1890 fiat.
900 1843 1184 1909 hastamque
1211 1846 1452 1890 coruscat:
1482 1843 1678 1890 hastam
1708 1843 1780 1891 sic
1809 1843 1941 1890 tene·

243 1914 351 1976 bat,
383 1917 443 1963 ut
474 1916 667 1964 caelum
698 1931 953 1965 coruscare
984 1918 1258 1979 putaretur.
1303 1920 1566 1976 postquam
1595 1917 1774 1964 habilis
1802 1916 1943 1964 lateri

244 1989 424 2048 clipeus
464 1990 705 2049 loricaque
735 1994 862 2050 teryo
895 1994 986 2038 est:
1022 1993 1291 2053 postquam
1328 1990 1451 2038 bene
1491 1990 1586 2038 sibi
1621 1991 1818 2053 aptavit
1856 1990 1940 2038 cli-

243 2078 393 2124 peum
433 2079 462 2110 a
499 2064 654 2113 latere
693 2066 744 2112 et
781 2065 989 2113 loricam
1020 2080 1050 2112 a
1087 2067 1243 2129 tergo.
1296 2065 1475 2113 habilis
1514 2067 1564 2112 et
1603 2067 1678 2113 est
1709 2064 1782 2114 bis
1815 2064 1940 2112 acci-

244 2136 503 2199 piendum,
542 2141 600 2185 ut
637 2139 705 2187 sit
734 2141 1001 2201 postquam
1032 2139 1213 2187 habilis
1253 2139 1438 2201 clipeus
1474 2141 1549 2187 est
1587 2142 1635 2186 et
1674 2141 1940 2201 postquam
1971 2153 2013 2186 25

243 2210 424 2259 habilis
456 2210 610 2259 lorica
642 2215 729 2260 est.
768 2211 1043 2261 Ascanium
1079 2214 1209 2273 fusis
1241 2214 1421 2261 circum
1452 2213 1760 2273 conplectitur
1787 2213 1940 2260 armis

243 2299 527 2344 summaque
548 2300 643 2344 per
670 2287 864 2346 yaleam
894 2287 1115 2335 delibans
1145 2288 1312 2335 oscula
1341 2289 1502 2347 fatur:
1539 2303 1639 2335 non
1671 2287 1798 2334 dixit
1828 2302 1939 2334 eum

245 2359 340 2408 sibi
378 2359 574 2422 galeam
617 2359 838 2408 induisse
878 2363 927 2408 et
964 2362 1045 2409 hic
1091 2360 1214 2409 dicit
1252 2377 1339 2423 per
1377 2362 1571 2425 galeam
1619 2360 1939 2409 osculabatur

243 2432 402 2480 filium
441 2449 597 2481 suum.
661 2450 777 2496 ergo
818 2437 908 2482 aut
945 2451 1080 2482 more
1119 2450 1208 2483 suo
1247 2436 1340 2483 hoc
1378 2436 1715 2498 praetermisit
1744 2439 1842 2482 aut
1880 2450 1939 2481 ex

246 2506 425 2555 osculis
463 2523 552 2568 per
597 2508 792 2571 galeam
839 2508 969 2556 datis
1019 2510 1369 2573 intellegamus
1417 2526 1530 2558 eum
1580 2510 1731 2556 etiam
1774 2507 1937 2570 ipsam
1968 2524 2012 2556 30

245 2582 511 2643 sumpsisse
550 2584 640 2630 aut
670 2581 985 2629 vulneratum
1017 2583 1086 2631 sic
1116 2585 1410 2631 remansisse
1442 2599 1555 2631 cum
1585 2583 1750 2647 galea,
1785 2581 1936 2630 Asca-

244 2655 384 2702 nium
415 2671 531 2702 vero
564 2671 663 2703 non
693 2655 817 2704 fusis
851 2657 1001 2704 armis
1034 2657 1347 2720 conplexum,
1387 2656 1472 2705 sed
1507 2655 1840 2717 circumfusis,
1878 2657 1938 2703 ut

365 2800 390 2838 2
422 2797 517 2840 iam
542 2810 693 2853 pyyen
717 2795 758 2839 V
780 2797 875 2841 iam
898 2798 1094 2853 Iapiyen
1117 2797 1189 2841 ed.
1215 2800 1372 2854 (supra
1396 2799 1604 2854 iapyyem
1620 2796 1691 2852 V).
1781 2802 1808 2839 4
1832 2797 1936 2841 date

246 2856 514 2910 quantocius
537 2854 578 2897 V
601 2857 775 2899 temere
803 2857 917 2899 mut.
943 2855 1013 2899 ed.
1108 2861 1162 2900 15
1195 2862 1352 2912 questu
1374 2856 1416 2899 V
1439 2857 1590 2900 studio
1614 2855 1685 2899 ed.
1779 2861 1833 2899 22
1865 2856 1936 2899 la—

245 2918 335 2957 tere
358 2913 413 2957 V.
521 2918 577 2956 24
610 2928 640 2957 a
670 2913 743 2957 bis
775 2928 863 2958 om.
889 2914 960 2958 ed.
1006 2915 1010 2971 Ι
1059 2921 1100 2959 et
1129 2921 1192 2960 est
1215 2915 1257 2958 V
1288 2921 1330 2960 et
1361 2929 1448 2959 om.
1482 2921 1546 2960 est
1574 2916 1681 2969 post
1712 2916 1935 2970 accipien-

246 2972 355 3015 dum
396 2975 625 3027 transpOS.
667 2973 738 3017 ed.
876 2978 931 3017 26
970 2975 1350 3030 circumplectitur
1380 2973 1434 3017 V.
1564 2977 1618 3016 27
1659 2987 1757 3017 eam
1788 2973 1830 3017 V
1861 2974 1933 3018 ed.

247 3044 346 3074 eum
378 3031 448 3074 ed.
474 3033 593 3086 post.
717 3035 771 3074 29
805 3037 888 3076 aut
918 3046 973 3077 ex
995 3032 1038 3076 V
1062 3033 1132 3076 ed.
1166 3039 1219 3078 ut
1249 3047 1304 3077 ex
1335 3032 1477 3076 scribi
1507 3031 1680 3075 malim.
