2050 3226
248 162 355 215 262
723 159 955 204 DONATI
983 159 1266 205 INTERPR
1289 159 1468 204 VERG.

247 299 373 347 dixit
403 299 602 348 occisos,
663 299 883 348 Ilioneus
917 302 1100 362 quippe
1123 298 1387 348 Lucetium
1410 300 1604 361 stravit,
1636 300 1935 350 Emathiona

246 373 396 437 Liger
448 375 652 435 stravit,
706 372 1016 436 Corynaeum
1067 373 1235 422 Asilas
1290 375 1484 423 stravit.
1580 374 1811 424 similiter
1861 375 1935 424 in-

245 449 581 512 tellegendum
611 450 661 496 et
690 449 865 510 portae
899 447 1194 496 subeuntem
1222 447 1452 512 ignisque
1489 448 1750 510 ferentem,
1780 448 1935 498 trium

245 523 467 584 personis
516 521 792 585 aptandum
838 523 933 582 est,
983 524 1042 569 ut
1086 523 1187 570 tres
1235 522 1299 570 ad
1342 521 1699 571 incendendam
1737 525 1935 586 portam

246 595 562 657 accesserint,
623 599 723 644 tres
779 611 809 643 a
860 595 1022 644 tribus
1075 595 1340 645 videantur
1393 596 1556 646 occisi.
1646 597 1723 645 hie
1774 597 1934 645 iaculo
1967 610 2008 644 >5

245 671 418 727 bonam,
471 671 547 718 hic
597 670 732 731 lonye
779 669 978 728 fallente
1026 671 1229 730 saqitta:
1279 671 1342 719 ad
1386 671 1597 719 istorum
1634 671 1788 719 trium
1825 687 1933 734 per·

242 744 504 792 ficiendam
561 759 730 792 necem
778 760 933 791 unum
983 743 1108 791 dixit
1156 759 1305 792 usum
1361 759 1466 793 esse
1520 760 1660 806 saite,
1722 745 1934 793 alterum

242 819 427 879 iacu10‚
467 818 671 866 tertium
710 817 911 881 sagitta.
993 816 1243 879 Ortyyium
1277 816 1517 875 Caeneus,
1557 820 1781 867 victorem
1816 818 1932 868 Gae-

152 955 157 958 .
240 907 335 941 nea
375 893 596 948 Turnus,
639 892 840 940 Turnus
869 892 986 952 Ityn
1020 890 1355 952 Cloniumque,
1395 893 1700 952 Dioxippum
1739 893 1934 941 Promo-

138 972 223 1012 575
242 967 433 1026 lamque
471 969 515 1014 et
549 965 780 1027 Sayarim
819 969 862 1013 et
897 966 1102 1014 summis
1138 970 1344 1014 stantem
1371 981 1469 1026 pro
1506 967 1724 1015 turribus
1761 966 1934 1015 Idam:
1965 982 2008 1023 ιο

241 1040 542 1089 subauditur
587 1039 790 1101 occidit,
838 1040 925 1088 sed
970 1041 1311 1102 quaerendum
1350 1042 1426 1088 est
1464 1041 1585 1103 quid
1624 1042 1690 1089 sit
1728 1041 1933 1090 summis

241 1117 456 1162 stantem
505 1129 595 1177 pro
647 1113 890 1176 turribus3
947 1115 1114 1176 potest
1170 1114 1302 1163 enim
1356 1114 1584 1178 intellegi
1633 1114 1768 1177 quod
1819 1117 1933 1164 ante

240 1190 390 1237 turris
432 1188 621 1250 stabat3
669 1189 754 1236 sed
791 1188 871 1236 hic
908 1189 1090 1252 magis,
1131 1190 1249 1250 quia
1288 1188 1348 1237 de
1388 1188 1596 1238 obsessis
1636 1188 1935 1252 loquebatur

240 1265 290 1311 et
328 1264 533 1324 clausiS‚
580 1278 669 1325 pro
718 1262 998 1311 defensione
1037 1264 1252 1311 turrium
1298 1264 1514 1311 stantem
1551 1263 1644 1311 hoc
1683 1265 1759 1311 est
1795 1263 1932 1312 labo·

238 1339 434 1385 rantem
473 1336 706 1385 debemus
747 1336 981 1399 accipere.
1050 1337 1345 1385 Privernum
1386 1335 1570 1399 Capys,
1610 1338 1738 1385 hanc
1767 1338 1931 1398 primo
1965 1350 2006 1384 15

240 1412 357 1459 levis
417 1412 558 1459 hasta
622 1411 885 1459 Themillae
948 1411 1235 1459 strinxerat:
1295 1412 1479 1473 prim0‚
1539 1411 1725 1474 inquit,
1788 1412 1931 1460 illum

240 1485 510 1533 Themillae
560 1485 707 1534 hasta
760 1500 859 1533 non
913 1486 1136 1549 graviter
1186 1487 1509 1548 percusserat.
1600 1485 1681 1533 ille
1728 1500 1932 1534 manum

230 1560 442 1619 proiecto
489 1560 691 1620 tegmine
735 1560 929 1607 demens
976 1560 1043 1608 ad
1086 1560 1267 1607 valnas
1314 1560 1444 1608 tulit:
1491 1559 1687 1608 demens
1726 1560 1818 1608 hoc
1857 1562 1931 1609 est

237 1634 468 1682 incautus
502 1636 652 1696 atque
682 1633 1075 1682 inconsideratus
1107 1633 1327 1696 proiecto
1360 1636 1523 1695 scut0‚
1566 1649 1662 1696 quo
1695 1633 1929 1683 adversus

237 1707 444 1756 insidias
491 1708 572 1756 vel
618 1709 901 1756 secuturam
946 1709 1050 1756 vim
1094 1710 1234 1756 tutus
1282 1723 1387 1756 esse
1424 1710 1679 1770 potuerat,
1726 1723 1928 1756 manum
1962 1721 2006 1753 20

236 1783 359 1830 tulit
405 1782 468 1830 ad
514 1782 711 1830 vulnus.
789 1796 896 1843 erqo
956 1782 1051 1830 alis
1106 1782 1318 1842 adlapsa
1362 1782 1541 1843 sayitta
1586 1785 1629 1830 et
1674 1782 1809 1830 laevo
1853 1783 1929 1830 in-

134 1867 220 1907 580
235 1857 339 1914 fixa
388 1859 457 1904 est
501 1857 642 1904 lateri
686 1870 865 1904 manns
912 1856 1170 1915 abditaque
1215 1857 1348 1904 intas
1393 1856 1695 1915 spiramenta
1734 1856 1929 1905 animae

237 1931 367 1978 letali
397 1931 595 1978 vnlnere
624 1930 781 1989 rapit:
819 1945 933 1978 cum
965 1946 1014 1979 se
1047 1932 1347 1992 oportunum
1379 1930 1593 1978 dedisset
1624 1929 1688 1978 ad
1717 1932 1929 1979 mortem

236 2006 286 2052 et
325 2004 505 2052 vulnus
554 2006 756 2067 cuperet
797 2020 949 2052 manu
991 2005 1275 2068 contingere
1315 2006 1364 2052 et
1401 2003 1669 2066 premendo
1708 2004 1928 2053 dolorem

235 2077 490 2142 mitigare,
529 2078 718 2141 sagitta
757 2093 967 2140 sequens
999 2078 1161 2140 ipsam
1193 2079 1298 2127 eius
1337 2094 1540 2127 manum
1578 2079 1727 2127 lateri
1765 2078 1928 2127 infixit
1958 2091 2000 2123 25

236 2154 286 2200 et
323 2168 480 2214 usque
521 2152 583 2201 ad
613 2152 853 2200 interiora
883 2154 1014 2200 uteri
1044 2153 1337 2215 pertendens
1370 2153 1520 2201 letale
1551 2153 1732 2202 vulnus
1764 2153 1924 2215 ruptis

237 2226 463 2274 omnibus
515 2242 642 2288 quae
694 2227 917 2274 animum
965 2228 1136 2274 tenent
1184 2229 1376 2275 remota
1425 2243 1566 2276 mora
1613 2227 1924 2275 difficultatis

235 2300 444 2348 invexit:
506 2300 621 2348 hinc
670 2299 979 2363 intellegitur
1029 2301 1149 2362 quia
1197 2302 1325 2349 ictus
1375 2301 1550 2349 hastae
1603 2299 1728 2348 nihil
1774 2301 1923 2350 letale

235 2377 561 2436 percusserat.
621 2375 783 2422 stabat
819 2375 873 2421 in
913 2375 1112 2435 eyreyiis
1142 2373 1369 2423 Arcentis
1397 2375 1534 2434 filins
1565 2375 1742 2423 armis:
1772 2374 1923 2424 huius

235 2465 414 2496 nomen
467 2463 565 2496 non
621 2448 824 2496 dicendo
877 2450 926 2495 et
979 2449 1360 2497 demonstrando
1415 2448 1713 2497 vocabulum
1764 2449 1922 2511 patris
1954 2461 1998 2494 30

235 2523 434 2571 videtur
479 2522 750 2570 ostendisse
798 2523 929 2583 quod
975 2523 1160 2571 Arcens
1207 2523 1359 2571 etiam
1403 2523 1510 2585 ipse
1558 2522 1824 2585 diceretur3
1874 2526 1923 2572 et

235 2597 362 2643 illud
406 2596 631 2660 intellegi
675 2597 840 2658 potest
885 2613 974 2658 per
1018 2599 1212 2658 patrem
1257 2597 1446 2645 factum
1484 2598 1543 2644 ut
1582 2596 1923 2646 ostenderetur

234 2671 328 2718 iste
388 2672 528 2718 cuius
587 2669 685 2718 fuit
742 2685 919 2717 nomen
972 2670 1295 2734 incognitum.
1388 2670 1575 2732 stabat,
1628 2670 1816 2732 inquit,
1867 2670 1921 2718 in

353 2803 379 2840 4
411 2797 740 2842 incendendam
772 2796 841 2839 ed.
936 2802 960 2840 6
987 2797 1315 2852 perficiendam
1346 2796 1415 2840 ed.
1511 2801 1534 2838 9
1567 2797 1671 2840 item
1694 2797 1920 2842 colonam-

234 2871 316 2912 qae
348 2856 402 2899 V.
454 2857 457 2913 J
509 2856 835 2911 Promalinqae
874 2855 945 2899 ed.
1077 2861 1130 2899 12
1163 2858 1372 2901 istantem
1395 2854 1448 2898 V.
1572 2859 1626 2898 21
1660 2857 1816 2911 elapsa
1847 2857 1918 2900 ed,

235 2920 289 2958 23
331 2930 431 2960 eam
461 2915 503 2957 V
535 2921 577 2959 et
606 2929 641 2960 c.
675 2915 745 2958 ed.
868 2919 921 2957 27
962 2920 1131 2959 remota
1162 2914 1204 2957 V
1241 2919 1459 2959 commota
1494 2914 1565 2958 ed.
1697 2919 1752 2958 30
1789 2929 1919 2960 voea—

235 2975 387 3018 bulam
421 2988 507 3018 om.
534 2974 605 3019 ed.
728 2978 780 3016 31
815 2987 997 3018 arecens
1019 2973 1073 3016 V.
1197 2978 1251 3017 32
1283 2974 1457 3028 factum
1488 2987 1575 3017 om.
1602 2973 1673 3017 ed.
