2050 3226
758 182 1063 240 AENEIDOS
1088 194 1174 239 vn
1751 199 1819 253 15

119 337 367 400 quomodo
414 335 573 384 Turni
622 338 672 383 et
717 334 958 384 Laviniae
1008 335 1406 384 coniunctionem
1456 335 1662 384 deorum
1708 354 1819 399 por-

117 414 259 460 tenta
304 411 591 459 distulerint
637 410 803 472 coepit
847 410 1040 471 exponi.
1118 409 1290 471 arbor,
1327 409 1515 472 inquit,
1555 409 1687 459 lauri
1724 411 1822 460 fuit

117 487 171 533 in
207 484 544 548 penetralibus
583 483 774 532 mediis.
852 483 974 532 dicit
1011 499 1215 532 causam
1254 484 1502 547 quomodo
1542 484 1822 534 emersisset

118 560 198 608 vel
236 575 325 607 cur
360 559 413 606 in
450 557 787 622 penetralibus
827 557 1005 607 fuisset
1042 560 1262 607 servata:
1302 558 1375 606 ait
1412 574 1607 607 sacram
1644 559 1822 607 habuit

66 646 86 679 5
118 649 308 682 comam
360 636 410 681 et
457 649 547 695 per
595 632 780 681 multos
833 647 988 681 annos
1039 632 1361 694 custoditam3
1409 633 1543 680 ultro
1591 634 1724 681 enim
1769 650 1819 682 se

116 708 417 770 protulerat,
457 723 570 755 cum
610 722 744 755 arces
783 706 970 769 primas
1001 705 1211 755 Latinus
1250 707 1481 771 erigeret,
1518 707 1820 771 perindeque

115 797 215 830 non
260 782 424 830 inanis
470 782 572 828 fuit
617 781 928 829 coniecturae
975 781 1192 844 suspicio
1241 781 1374 843 quod
1413 781 1560 829 arbor
1597 781 1730 830 lauri
1767 784 1821 830 in

114 856 237 919 ipsis
277 855 615 919 penetralibus
650 855 789 903 nullo
820 857 1121 918 procurante
1153 856 1446 917 proveniens
1479 855 1673 918 aliquid
1702 856 1822 904 boni

115 931 446 992 portenderet.
523 929 737 992 denique
786 929 1004 992 primum
1053 945 1111 977 ex
1157 927 1263 978 eius
1311 930 1648 992 appellatione
1686 929 1818 978 Lau·

41 1017 85 1050 10
114 1007 277 1052 rentes
309 1004 436 1052 dixit
467 1004 682 1065 colonOS,
712 1004 806 1052 hoc
839 1006 915 1052 est
945 1004 1318 1065 commanentiS,
1343 1005 1496 1066 atque
1526 1006 1588 1052 ut
1616 1004 1821 1053 haberet

115 1082 458 1141 conpetentem
519 1079 873 1137 reverentiam,
940 1079 1068 1126 hanc
1122 1077 1349 1126 conditor
1399 1078 1601 1127 Phoebo
1655 1094 1817 1127 sacra-

114 1156 279 1214 verat,
329 1169 428 1215 quo
475 1152 668 1200 factum
713 1154 790 1200 est
829 1154 889 1200 ut
927 1151 1100 1200 adulta
1138 1155 1188 1201 et
1226 1152 1545 1201 veneratione
1585 1153 1820 1202 crevisset

115 1229 164 1274 et
210 1228 446 1290 tempore.
522 1227 669 1274 haias
712 1241 829 1286 apes
870 1241 1115 1274 summam
1154 1226 1333 1274 densae
1379 1226 1626 1286 (mirabile
1664 1228 1817 1287 dictu)

113 1301 319 1348 stridore
375 1301 558 1361 inqenti
618 1297 861 1360 liquidum
921 1304 1061 1348 trans
1121 1301 1317 1355 aethera
1377 1304 1537 1349 vectae
1596 1302 1819 1349 obsedere

39 1387 82 1419 15
114 1375 300 1434 apicem
346 1378 390 1422 et
426 1375 637 1435 pedibus
669 1389 764 1434 per
800 1378 974 1422 mutua
1011 1376 1150 1423 neatis
1188 1389 1389 1423 eoeamen
1428 1377 1643 1423 subitam
1679 1391 1818 1424 ramo

111 1448 365 1508 frondente
400 1449 650 1509 pependit:
704 1450 873 1497 exorto
912 1451 1114 1512 repente
1155 1464 1310 1512 apum
1350 1450 1517 1513 signo,
1549 1450 1683 1512 quod
1714 1451 1818 1499 sine

112 1539 296 1587 magna
358 1522 687 1571 admiratione
750 1523 911 1571 videri
966 1540 1066 1572 non
1128 1523 1317 1586 potuit,
1380 1524 1597 1587 suspicio
1658 1526 1819 1573 maior

114 1599 286 1645 exorta
339 1598 414 1646 est
469 1597 603 1660 quod
653 1597 820 1660 ipsum
873 1614 932 1645 ex
987 1598 1180 1646 occulto
1243 1598 1415 1660 aliqua
1475 1598 1646 1646 futura
1706 1614 1816 1661 por-

116 1668 382 1734 [tenderet,
444 1670 705 1734 quoniam]
773 1673 996 1720 continuo
1050 1676 1206 1729 vates,
1271 1672 1351 1720 cui
1409 1673 1678 1721 manifesta
1737 1689 1817 1721 res

38 1757 82 1789 κο
112 1745 299 1806 fuerat,
360 1748 610 1793 eoeternmn
672 1747 935 1802 cernimus,
998 1747 1176 1806 inquit,
1241 1747 1505 1794 adventare
1560 1748 1723 1795 viram
1776 1751 1819 1795 et

103 1821 269 1878 partis
313 1823 474 1879 petere
521 1834 693 1881 aymen
739 1820 932 1868 easdem
971 1821 1205 1880 partibas
1252 1835 1309 1868 ea·
1350 1821 1503 1868 isdem
1544 1825 1588 1868 et
1623 1836 1818 1870 swmma

113 1893 412 1941 dominarier
458 1909 582 1942 arce.
652 1909 753 1942 non
800 1895 927 1942 dixit
972 1895 1135 1943 virum
1182 1895 1428 1943 cernimus
1481 1895 1628 1957 quasi
1675 1911 1815 1958 prae-

114 1969 324 2028 sentem,
385 1967 472 2015 sed
526 1969 660 2031 quod
718 1970 963 2016 cernimus
1018 1972 1275 2018 externum
1328 1970 1494 2018 virum
1547 1969 1816 2018 adventare

114 2041 384 2105 significat,
424 2043 474 2089 et
509 2045 568 2090 ut
605 2043 827 2091 firmaret
862 2044 992 2091 hanc
1029 2044 1192 2106 ipsam
1231 2044 1587 2105 coniecturam,
1624 2043 1816 2092 addidit

39 2127 82 2160 25
113 2131 171 2163 ex
221 2131 280 2163 ea
328 2118 471 2178 parte
523 2132 701 2180 agmen
752 2133 866 2165 cum
909 2117 1019 2180 ipso
1067 2119 1333 2166 venturum
1376 2134 1475 2180 qua
1514 2133 1631 2181 apes
1671 2135 1815 2167 vene-

112 2192 230 2237 rant
283 2192 334 2238 et
387 2205 608 2238 summae
662 2190 790 2240 arcis
844 2190 1120 2239 dominium
1179 2194 1501 2240 retenturum.
1593 2208 1702 2241 ecce
1755 2192 1814 2240 de

112 2279 324 2326 persona
361 2264 713 2326 pronuntiavit
751 2267 803 2313 et
832 2281 890 2313 ex
923 2282 1024 2328 qua
1054 2268 1197 2328 parte
1230 2282 1342 2314 cum
1373 2267 1571 2330 agmine
1603 2267 1815 2315 ventura

114 2340 243 2386 esset
282 2338 500 2386 ostendit
538 2340 688 2401 atque
727 2339 1042 2388 obtenturam
1080 2340 1133 2388 in
1172 2340 1327 2388 Italia
1357 2356 1604 2389 summam
1635 2357 1814 2388 rerum.

106 2415 384 2471 praeterea,
456 2415 602 2461 castis
670 2413 829 2461 adolet
895 2414 1012 2461 dnm
1081 2415 1265 2463 altaria
1333 2415 1488 2462 taedis
1561 2418 1605 2462 et
1675 2416 1813 2462 iuxta

0 2489 2 2495 “
39 2497 82 2528 30
109 2486 371 2546 yenitorem
420 2486 584 2535 adstat
628 2487 851 2536 Lavinia
899 2489 1055 2549 viryo,
1107 2490 1217 2536 visa
1267 2489 1456 2549 (nefas)
1505 2489 1658 2549 lonyis
1706 2503 1813 2535 eon-

0 2573 2 2627 ἱ

234 2659 257 2697 1
292 2656 476 2700 deorum
499 2655 542 2699 V
572 2658 625 2700 in
655 2657 774 2701 deor.
801 2657 872 2701 ed.
995 2663 1022 2702 5
1053 2660 1174 2703 ultro
1193 2658 1236 2702 V
1267 2660 1379 2704 vitio
1411 2658 1499 2702 edI
1538 2660 1658 2702 intro
1694 2658 1810 2702 edF.

116 2718 139 2756 ’1
181 2716 506 2759 coniuncturae
545 2715 618 2759 ed.
747 2720 773 2759 9
808 2718 1120 2773 praetenderet
1157 2718 1228 2761 ed.
1353 2722 1406 2760 12
1440 2718 1603 2761 adulta
1633 2723 1676 2761 et
1697 2716 1740 2760 V
1772 2724 1815 2762 et

115 2786 202 2815 om.
232 2774 304 2817 ed.
400 2778 453 2817 18
478 2787 569 2830 por
600 2788 704 2818 cum
737 2775 906 2819 lacuna
938 2776 1208 2832 quindecim
1239 2777 1503 2820 litterarum
1528 2775 1582 2819 V:
1616 2776 1809 2832 explevi.

116 2835 170 2874 19
205 2846 276 2876 res
304 2833 463 2890 fuyent
491 2832 532 2876 V
562 2847 633 2878 res
661 2836 818 2889 suerat
853 2849 937 2879 nos
976 2837 1291 2890 cui—fuerat
1327 2849 1414 2878 om.
1450 2835 1520 2878 ed.
1644 2840 1700 2879 20
1739 2837 1810 2879 in-

114 2891 213 2945 quit
241 2894 467 2936 cernimus
497 2891 552 2935 V.
683 2898 738 2936 22
778 2908 882 2939 aree
918 2908 1012 2938 non
1042 2895 1163 2939 dixit
1186 2895 1228 2938 V
1261 2908 1402 2950 supra
1434 2894 1606 2937 omissa
1637 2897 1685 2938 et
1716 2894 1812 2938 alia

114 2949 397 3005 interposuit
443 2950 514 2994 ed.
653 2956 709 2996 26
756 2967 883 2997 arces
924 2954 1177 2998 dominium
1216 2953 1258 2996 V
1301 2955 1421 2998 areis
1461 2954 1696 2998 dominum
1738 2954 1809 2998 ed.

117 3021 229 3051 corr.
265 3009 334 3052 ed.
368 3012 486 3065 post.

1851 1311 1907 1352 65

1851 1833 1906 1872 70
