<?xml version="1.0" encoding="UTF-8"?>
<!DOCTYPE html PUBLIC "-//W3C//DTD XHTML 1.0 Transitional//EN"
    "http://www.w3.org/TR/xhtml1/DTD/xhtml1-transitional.dtd">
<html xmlns="http://www.w3.org/1999/xhtml" xml:lang="en" lang="en">
 <head>
  <title>
</title>
<meta http-equiv="Content-Type" content="text/html;charset=utf-8" />
  <meta name='ocr-system' content='tesseract 3.04.00' />
  <meta name='ocr-capabilities' content='ocr_page ocr_carea ocr_par ocr_line ocrx_word'/>
</head>
<body>
  <div class='ocr_page' id='page_1' title='image "./interpretationes02donauoft_0080.png"; bbox 0 0 2050 3226; ppageno 0'>
   <div class='ocr_carea' id='block_1_1' title="bbox 225 139 1444 196">
    <p class='ocr_par' dir='ltr' id='par_1_1' title="bbox 225 139 1444 196">
     <span class='ocr_line' id='line_1_1' title="bbox 225 139 1444 196; baseline 0 -12"><span class='ocrx_word' id='word_1_1' title='bbox 225 144 293 196; x_wconf 85' lang='lat'>76</span> <span class='ocrx_word' id='word_1_2' title='bbox 695 139 928 186; x_wconf 84' lang='lat' dir='ltr'><strong>DONATI</strong></span> <span class='ocrx_word' id='word_1_3' title='bbox 957 139 1237 184; x_wconf 81' lang='lat' dir='ltr'><strong>INTERPR.</strong></span> <span class='ocrx_word' id='word_1_4' title='bbox 1262 139 1444 184; x_wconf 71' lang='lat' dir='ltr'>Vnae.</span> 
     </span>
    </p>
   </div>
   <div class='ocr_carea' id='block_1_2' title="bbox 123 280 1994 2712">
    <p class='ocr_par' dir='ltr' id='par_1_2' title="bbox 123 280 2050 2712">
     <span class='ocr_line' id='line_1_2' title="bbox 221 280 1913 342; baseline -0.002 -12"><span class='ocrx_word' id='word_1_5' title='bbox 221 281 418 330; x_wconf 90' lang='lat' dir='ltr'>infinita</span> <span class='ocrx_word' id='word_1_6' title='bbox 448 280 612 342; x_wconf 90' lang='lat' dir='ltr'>turba,</span> <span class='ocrx_word' id='word_1_7' title='bbox 643 295 905 330; x_wconf 85' lang='lat' dir='ltr'>saevorum</span> <span class='ocrx_word' id='word_1_8' title='bbox 937 295 1133 342; x_wconf 90' lang='lat' dir='ltr'>quoque</span> <span class='ocrx_word' id='word_1_9' title='bbox 1164 281 1215 328; x_wconf 89' lang='lat' dir='ltr'>et</span> <span class='ocrx_word' id='word_1_10' title='bbox 1243 280 1581 342; x_wconf 82' lang='lat' dir='ltr'>inperitorum.</span> <span class='ocrx_word' id='word_1_11' title='bbox 1634 281 1739 341; x_wconf 75' lang='lat' dir='ltr'>ipse</span> <span class='ocrx_word' id='word_1_12' title='bbox 1769 281 1913 329; x_wconf 77' lang='lat' dir='ltr'>etiam</span> 
     </span>
     <span class='ocr_line' id='line_1_3' title="bbox 223 352 1912 417; baseline -0.002 -13"><span class='ocrx_word' id='word_1_13' title='bbox 223 355 427 405; x_wconf 75' lang='lat' dir='ltr'><strong><em>eximiae</em></strong></span> <span class='ocrx_word' id='word_1_14' title='bbox 466 356 630 404; x_wconf 81' lang='lat' dir='ltr'>laudis</span> <span class='ocrx_word' id='word_1_15' title='bbox 667 369 926 403; x_wconf 79' lang='lat' dir='ltr'>succensus</span> <span class='ocrx_word' id='word_1_16' title='bbox 965 368 1128 402; x_wconf 86' lang='lat' dir='ltr'>amore</span> <span class='ocrx_word' id='word_1_17' title='bbox 1165 352 1447 402; x_wconf 74' lang='lat' dir='ltr'>Ascanius:</span> <span class='ocrx_word' id='word_1_18' title='bbox 1491 353 1598 417; x_wconf 91' lang='lat' dir='ltr'>ipse</span> <span class='ocrx_word' id='word_1_19' title='bbox 1641 356 1793 403; x_wconf 90' lang='lat' dir='ltr'>etiam</span> <span class='ocrx_word' id='word_1_20' title='bbox 1838 354 1912 402; x_wconf 91' lang='lat' dir='ltr'>in-</span> 
     </span>
     <span class='ocr_line' id='line_1_4' title="bbox 226 427 1914 493; baseline -0.002 -15"><span class='ocrx_word' id='word_1_21' title='bbox 226 430 357 493; x_wconf 90' lang='lat' dir='ltr'>quit,</span> <span class='ocrx_word' id='word_1_22' title='bbox 401 431 460 478; x_wconf 92' lang='lat' dir='ltr'>ut</span> <span class='ocrx_word' id='word_1_23' title='bbox 503 431 557 477; x_wconf 91' lang='lat' dir='ltr'>in</span> <span class='ocrx_word' id='word_1_24' title='bbox 604 429 932 477; x_wconf 73' lang='lat' dir='ltr'>commotione</span> <span class='ocrx_word' id='word_1_25' title='bbox 978 430 1028 476; x_wconf 91' lang='lat' dir='ltr'>et</span> <span class='ocrx_word' id='word_1_26' title='bbox 1072 428 1205 475; x_wconf 93' lang='lat' dir='ltr'>malo</span> <span class='ocrx_word' id='word_1_27' title='bbox 1249 427 1508 476; x_wconf 74' lang='lat' dir='ltr'>domestici</span> <span class='ocrx_word' id='word_1_28' title='bbox 1545 428 1775 477; x_wconf 90' lang='lat' dir='ltr'>animalis</span> <span class='ocrx_word' id='word_1_29' title='bbox 1813 445 1914 477; x_wconf 92' lang='lat' dir='ltr'>non</span> 
     </span>
     <span class='ocr_line' id='line_1_5' title="bbox 224 501 1915 565; baseline -0.001 -13"><span class='ocrx_word' id='word_1_30' title='bbox 224 505 319 553; x_wconf 89' lang='lat' dir='ltr'>soli</span> <span class='ocrx_word' id='word_1_31' title='bbox 342 519 486 552; x_wconf 89' lang='lat' dir='ltr'>canes</span> <span class='ocrx_word' id='word_1_32' title='bbox 513 505 800 564; x_wconf 78' lang='lat' dir='ltr'>erraverint,</span> <span class='ocrx_word' id='word_1_33' title='bbox 832 504 919 565; x_wconf 89' lang='lat' dir='ltr'>qui</span> <span class='ocrx_word' id='word_1_34' title='bbox 949 502 1079 550; x_wconf 89' lang='lat' dir='ltr'>feras</span> <span class='ocrx_word' id='word_1_35' title='bbox 1112 501 1386 550; x_wconf 88' lang='lat' dir='ltr'>discernere</span> <span class='ocrx_word' id='word_1_36' title='bbox 1417 501 1701 565; x_wconf 86' lang='lat' dir='ltr'>inpediente</span> <span class='ocrx_word' id='word_1_37' title='bbox 1732 503 1915 551; x_wconf 89' lang='lat' dir='ltr'>natura</span> 
     </span>
     <span class='ocr_line' id='line_1_6' title="bbox 224 576 1989 639; baseline -0.003 -12"><span class='ocrx_word' id='word_1_38' title='bbox 224 582 274 627; x_wconf 89' lang='lat' dir='ltr'>et</span> <span class='ocrx_word' id='word_1_39' title='bbox 311 578 477 626; x_wconf 87' lang='lat' dir='ltr'>furore</span> <span class='ocrx_word' id='word_1_40' title='bbox 515 593 615 625; x_wconf 92' lang='lat' dir='ltr'>non</span> <span class='ocrx_word' id='word_1_41' title='bbox 652 579 875 639; x_wconf 85' lang='lat' dir='ltr'>possent,</span> <span class='ocrx_word' id='word_1_42' title='bbox 925 592 1096 624; x_wconf 87' lang='lat' dir='ltr'>verum</span> <span class='ocrx_word' id='word_1_43' title='bbox 1137 576 1290 624; x_wconf 90' lang='lat' dir='ltr'>etiam</span> <span class='ocrx_word' id='word_1_44' title='bbox 1325 578 1432 638; x_wconf 89' lang='lat' dir='ltr'>ipse</span> <span class='ocrx_word' id='word_1_45' title='bbox 1469 576 1714 626; x_wconf 88' lang='lat' dir='ltr'>Ascanius</span> <span class='ocrx_word' id='word_1_46' title='bbox 1767 578 1915 624; x_wconf 88' lang='lat' dir='ltr'>aesti-</span> <span class='ocrx_word' id='word_1_47' title='bbox 1969 588 1989 621; x_wconf 82' lang='lat'><strong>5</strong></span> 
     </span>
     <span class='ocr_line' id='line_1_7' title="bbox 222 649 1915 715; baseline -0.001 -15"><span class='ocrx_word' id='word_1_48' title='bbox 222 654 410 701; x_wconf 89' lang='lat' dir='ltr'>masset</span> <span class='ocrx_word' id='word_1_49' title='bbox 441 653 700 715; x_wconf 85' lang='lat' dir='ltr'>agrestem.</span> <span class='ocrx_word' id='word_1_50' title='bbox 761 650 973 712; x_wconf 89' lang='lat' dir='ltr'>denique</span> <span class='ocrx_word' id='word_1_51' title='bbox 1003 649 1166 698; x_wconf 91' lang='lat' dir='ltr'>laudis</span> <span class='ocrx_word' id='word_1_52' title='bbox 1200 666 1365 699; x_wconf 90' lang='lat' dir='ltr'>amore</span> <span class='ocrx_word' id='word_1_53' title='bbox 1394 652 1647 712; x_wconf 84' lang='lat' dir='ltr'>raptatus,</span> <span class='ocrx_word' id='word_1_54' title='bbox 1685 653 1745 699; x_wconf 90' lang='lat' dir='ltr'>ut</span> <span class='ocrx_word' id='word_1_55' title='bbox 1775 666 1915 699; x_wconf 90' lang='lat' dir='ltr'>suam</span> 
     </span>
     <span class='ocr_line' id='line_1_8' title="bbox 160 725 1916 790; baseline -0.001 -16"><span class='ocrx_word' id='word_1_56' title='bbox 160 725 165 728; x_wconf 86' lang='grc'>’</span> <span class='ocrx_word' id='word_1_57' title='bbox 225 728 391 790; x_wconf 89' lang='lat' dir='ltr'>potius</span> <span class='ocrx_word' id='word_1_58' title='bbox 432 741 583 788; x_wconf 90' lang='lat' dir='ltr'>quam</span> <span class='ocrx_word' id='word_1_59' title='bbox 622 741 800 773; x_wconf 89' lang='lat' dir='ltr'>canum</span> <span class='ocrx_word' id='word_1_60' title='bbox 838 725 1024 772; x_wconf 87' lang='lat' dir='ltr'>faceret</span> <span class='ocrx_word' id='word_1_61' title='bbox 1062 725 1290 787; x_wconf 87' lang='lat' dir='ltr'>gloriam,</span> <span class='ocrx_word' id='word_1_62' title='bbox 1336 739 1480 772; x_wconf 80' lang='lat' dir='ltr'>curvo</span> <span class='ocrx_word' id='word_1_63' title='bbox 1520 725 1696 772; x_wconf 70' lang='lat' dir='ltr'>direxit</span> <span class='ocrx_word' id='word_1_64' title='bbox 1725 725 1916 786; x_wconf 82' lang='lat' dir='ltr'>spicula</span> 
     </span>
     <span class='ocr_line' id='line_1_9' title="bbox 226 798 1918 863; baseline -0.002 -14"><span class='ocrx_word' id='word_1_65' title='bbox 226 816 401 849; x_wconf 84' lang='lat' dir='ltr'>cornu:</span> <span class='ocrx_word' id='word_1_66' title='bbox 437 802 496 848; x_wconf 86' lang='lat' dir='ltr'>ut</span> <span class='ocrx_word' id='word_1_67' title='bbox 534 801 749 863; x_wconf 86' lang='lat' dir='ltr'>sagittae</span> <span class='ocrx_word' id='word_1_68' title='bbox 787 800 1003 848; x_wconf 88' lang='lat' dir='ltr'>volucris</span> <span class='ocrx_word' id='word_1_69' title='bbox 1044 814 1189 847; x_wconf 91' lang='lat' dir='ltr'>cursu</span> <span class='ocrx_word' id='word_1_70' title='bbox 1228 799 1402 862; x_wconf 85' lang='lat' dir='ltr'>fugam</span> <span class='ocrx_word' id='word_1_71' title='bbox 1433 801 1566 847; x_wconf 89' lang='lat' dir='ltr'>cervi</span> <span class='ocrx_word' id='word_1_72' title='bbox 1602 798 1918 862; x_wconf 88' lang='lat' dir='ltr'>praeveniret</span> 
     </span>
     <span class='ocr_line' id='line_1_10' title="bbox 226 872 1918 937; baseline -0.002 -15"><span class='ocrx_word' id='word_1_73' title='bbox 226 877 276 922; x_wconf 90' lang='lat' dir='ltr'>et</span> <span class='ocrx_word' id='word_1_74' title='bbox 313 875 571 937; x_wconf 89' lang='lat' dir='ltr'>premeret,</span> <span class='ocrx_word' id='word_1_75' title='bbox 611 889 780 922; x_wconf 89' lang='lat' dir='ltr'>arcum</span> <span class='ocrx_word' id='word_1_76' title='bbox 819 872 1033 934; x_wconf 89' lang='lat' dir='ltr'>arripuit</span> <span class='ocrx_word' id='word_1_77' title='bbox 1064 874 1113 919; x_wconf 93' lang='lat' dir='ltr'>et</span> <span class='ocrx_word' id='word_1_78' title='bbox 1143 873 1262 921; x_wconf 90' lang='lat' dir='ltr'>iecit</span> <span class='ocrx_word' id='word_1_79' title='bbox 1292 874 1542 936; x_wconf 85' lang='lat' dir='ltr'>sagittam.</span> <span class='ocrx_word' id='word_1_80' title='bbox 1604 887 1691 920; x_wconf 84' lang='lat' dir='ltr'>nee</span> <span class='ocrx_word' id='word_1_81' title='bbox 1721 873 1918 921; x_wconf 74' lang='lat' dir='ltr'>dextrae</span> 
     </span>
     <span class='ocr_line' id='line_1_11' title="bbox 226 946 1992 1009; baseline -0.005 -12"><span class='ocrx_word' id='word_1_82' title='bbox 226 950 411 997; x_wconf 78' lang='lat' dir='ltr'>erranti</span> <span class='ocrx_word' id='word_1_83' title='bbox 442 949 560 996; x_wconf 87' lang='lat' dir='ltr'>deus</span> <span class='ocrx_word' id='word_1_84' title='bbox 592 949 744 1007; x_wconf 75' lang='lat' dir='ltr'>afuit:</span> <span class='ocrx_word' id='word_1_85' title='bbox 781 963 882 995; x_wconf 94' lang='lat' dir='ltr'>non</span> <span class='ocrx_word' id='word_1_86' title='bbox 914 947 1074 994; x_wconf 89' lang='lat' dir='ltr'>defuit</span> <span class='ocrx_word' id='word_1_87' title='bbox 1105 946 1238 1007; x_wconf 86' lang='lat' dir='ltr'>deus,</span> <span class='ocrx_word' id='word_1_88' title='bbox 1271 949 1358 1009; x_wconf 88' lang='lat' dir='ltr'>qui</span> <span class='ocrx_word' id='word_1_89' title='bbox 1387 948 1632 995; x_wconf 91' lang='lat' dir='ltr'>mittentis</span> <span class='ocrx_word' id='word_1_90' title='bbox 1665 946 1918 995; x_wconf 83' lang='lat' dir='ltr'>dexteram</span> <span class='ocrx_word' id='word_1_91' title='bbox 1950 959 1992 990; x_wconf 80' lang='grc' dir='ltr'>ιο</span> 
     </span>
     <span class='ocr_line' id='line_1_12' title="bbox 224 1021 1918 1083; baseline -0.002 -12"><span class='ocrx_word' id='word_1_92' title='bbox 224 1023 336 1070; x_wconf 77' lang='lat' dir='ltr'>falli</span> <span class='ocrx_word' id='word_1_93' title='bbox 373 1039 474 1071; x_wconf 94' lang='lat' dir='ltr'>non</span> <span class='ocrx_word' id='word_1_94' title='bbox 514 1024 708 1070; x_wconf 88' lang='lat' dir='ltr'>sineret.</span> <span class='ocrx_word' id='word_1_95' title='bbox 763 1021 909 1069; x_wconf 90' lang='lat' dir='ltr'>deum</span> <span class='ocrx_word' id='word_1_96' title='bbox 949 1037 1095 1082; x_wconf 90' lang='lat' dir='ltr'>quem</span> <span class='ocrx_word' id='word_1_97' title='bbox 1130 1021 1363 1068; x_wconf 90' lang='lat' dir='ltr'>debemus</span> <span class='ocrx_word' id='word_1_98' title='bbox 1396 1021 1615 1083; x_wconf 88' lang='lat' dir='ltr'>accipere</span> <span class='ocrx_word' id='word_1_99' title='bbox 1647 1021 1746 1069; x_wconf 91' lang='lat' dir='ltr'>nisi</span> <span class='ocrx_word' id='word_1_100' title='bbox 1776 1037 1918 1070; x_wconf 86' lang='lat' dir='ltr'>even-</span> 
     </span>
     <span class='ocr_line' id='line_1_13' title="bbox 224 1093 1920 1160; baseline -0.001 -15"><span class='ocrx_word' id='word_1_101' title='bbox 224 1101 353 1158; x_wconf 87' lang='lat' dir='ltr'>tum,</span> <span class='ocrx_word' id='word_1_102' title='bbox 400 1098 488 1160; x_wconf 86' lang='lat' dir='ltr'>qui</span> <span class='ocrx_word' id='word_1_103' title='bbox 523 1097 765 1144; x_wconf 87' lang='lat' dir='ltr'>humanos</span> <span class='ocrx_word' id='word_1_104' title='bbox 805 1098 945 1144; x_wconf 89' lang='lat' dir='ltr'>actus</span> <span class='ocrx_word' id='word_1_105' title='bbox 985 1097 1073 1144; x_wconf 86' lang='lat' dir='ltr'>aut</span> <span class='ocrx_word' id='word_1_106' title='bbox 1108 1095 1268 1157; x_wconf 87' lang='lat' dir='ltr'>inplet</span> <span class='ocrx_word' id='word_1_107' title='bbox 1307 1097 1397 1143; x_wconf 89' lang='lat' dir='ltr'>aut</span> <span class='ocrx_word' id='word_1_108' title='bbox 1436 1093 1650 1143; x_wconf 78' lang='lat' dir='ltr'>deserit?</span> <span class='ocrx_word' id='word_1_109' title='bbox 1719 1099 1920 1154; x_wconf 82' lang='lat' dir='ltr'>actaque</span> 
     </span>
     <span class='ocr_line' id='line_1_14' title="bbox 224 1169 1920 1232; baseline -0.002 -12"><span class='ocrx_word' id='word_1_110' title='bbox 224 1172 373 1220; x_wconf 81' lang='lat' dir='ltr'>multo</span> <span class='ocrx_word' id='word_1_111' title='bbox 396 1185 580 1232; x_wconf 85' lang='lat' dir='ltr'>perque</span> <span class='ocrx_word' id='word_1_112' title='bbox 609 1173 801 1217; x_wconf 80' lang='lat' dir='ltr'>uterum</span> <span class='ocrx_word' id='word_1_113' title='bbox 838 1171 999 1217; x_wconf 72' lang='lat' dir='ltr'>sonitu</span> <span class='ocrx_word' id='word_1_114' title='bbox 1027 1184 1212 1229; x_wconf 87' lang='lat' dir='ltr'>perque</span> <span class='ocrx_word' id='word_1_115' title='bbox 1241 1170 1332 1218; x_wconf 72' lang='lat' dir='ltr'>ilia</span> <span class='ocrx_word' id='word_1_116' title='bbox 1361 1171 1491 1217; x_wconf 76' lang='lat' dir='ltr'>venit</span> <span class='ocrx_word' id='word_1_117' title='bbox 1519 1169 1768 1217; x_wconf 78' lang='lat' dir='ltr'>harundo:</span> <span class='ocrx_word' id='word_1_118' title='bbox 1807 1171 1920 1216; x_wconf 85' lang='lat' dir='ltr'>acta</span> 
     </span>
     <span class='ocr_line' id='line_1_15' title="bbox 123 1244 1919 1307; baseline -0.003 -11"><span class='ocrx_word' id='word_1_119' title='bbox 123 1258 208 1297; x_wconf 87' lang='lat'>500</span> <span class='ocrx_word' id='word_1_120' title='bbox 224 1245 451 1294; x_wconf 88' lang='lat' dir='ltr'>harundo</span> <span class='ocrx_word' id='word_1_121' title='bbox 475 1245 634 1293; x_wconf 90' lang='lat' dir='ltr'>multo</span> <span class='ocrx_word' id='word_1_122' title='bbox 661 1246 829 1292; x_wconf 88' lang='lat' dir='ltr'>sonitu</span> <span class='ocrx_word' id='word_1_123' title='bbox 851 1245 1074 1292; x_wconf 86' lang='lat' dir='ltr'>ventrem</span> <span class='ocrx_word' id='word_1_124' title='bbox 1098 1246 1228 1292; x_wconf 84' lang='lat' dir='ltr'>cervi</span> <span class='ocrx_word' id='word_1_125' title='bbox 1250 1244 1438 1305; x_wconf 86' lang='lat' dir='ltr'>iliaque</span> <span class='ocrx_word' id='word_1_126' title='bbox 1461 1245 1754 1307; x_wconf 85' lang='lat' dir='ltr'>penetravit.</span> <span class='ocrx_word' id='word_1_127' title='bbox 1805 1258 1919 1291; x_wconf 87' lang='lat' dir='ltr'>sau-</span> 
     </span>
     <span class='ocr_line' id='line_1_16' title="bbox 226 1317 1993 1379; baseline -0.004 -11"><span class='ocrx_word' id='word_1_128' title='bbox 226 1322 330 1368; x_wconf 76' lang='lat' dir='ltr'>cius</span> <span class='ocrx_word' id='word_1_129' title='bbox 361 1323 412 1368; x_wconf 91' lang='lat' dir='ltr'>at</span> <span class='ocrx_word' id='word_1_130' title='bbox 438 1319 717 1379; x_wconf 77' lang='lat' dir='ltr'>quadrupes</span> <span class='ocrx_word' id='word_1_131' title='bbox 746 1321 862 1365; x_wconf 88' lang='lat' dir='ltr'>nota</span> <span class='ocrx_word' id='word_1_132' title='bbox 891 1319 1024 1365; x_wconf 74' lang='lat' dir='ltr'>intra</span> <span class='ocrx_word' id='word_1_133' title='bbox 1055 1321 1176 1365; x_wconf 82' lang='lat' dir='ltr'>tecta</span> <span class='ocrx_word' id='word_1_134' title='bbox 1205 1318 1407 1378; x_wconf 60' lang='lat' dir='ltr'>refugit:</span> <span class='ocrx_word' id='word_1_135' title='bbox 1447 1317 1590 1379; x_wconf 88' lang='lat' dir='ltr'>quasi</span> <span class='ocrx_word' id='word_1_136' title='bbox 1621 1319 1768 1366; x_wconf 90' lang='lat' dir='ltr'>sciret</span> <span class='ocrx_word' id='word_1_137' title='bbox 1799 1318 1921 1379; x_wconf 92' lang='lat' dir='ltr'>quid</span> <span class='ocrx_word' id='word_1_138' title='bbox 1954 1328 1993 1361; x_wconf 84' lang='lat'>15</span> 
     </span>
     <span class='ocr_line' id='line_1_17' title="bbox 223 1391 1920 1456; baseline -0.001 -15"><span class='ocrx_word' id='word_1_139' title='bbox 223 1395 277 1441; x_wconf 92' lang='lat' dir='ltr'>in</span> <span class='ocrx_word' id='word_1_140' title='bbox 308 1393 528 1456; x_wconf 88' lang='lat' dir='ltr'>periculo</span> <span class='ocrx_word' id='word_1_141' title='bbox 561 1393 736 1440; x_wconf 89' lang='lat' dir='ltr'>salutis</span> <span class='ocrx_word' id='word_1_142' title='bbox 761 1407 877 1440; x_wconf 92' lang='lat' dir='ltr'>suae</span> <span class='ocrx_word' id='word_1_143' title='bbox 900 1392 1061 1439; x_wconf 88' lang='lat' dir='ltr'>facere</span> <span class='ocrx_word' id='word_1_144' title='bbox 1094 1391 1357 1452; x_wconf 87' lang='lat' dir='ltr'>debuisset,</span> <span class='ocrx_word' id='word_1_145' title='bbox 1394 1395 1567 1440; x_wconf 88' lang='lat' dir='ltr'>notam</span> <span class='ocrx_word' id='word_1_146' title='bbox 1599 1391 1826 1455; x_wconf 84' lang='lat' dir='ltr'>confugit</span> <span class='ocrx_word' id='word_1_147' title='bbox 1856 1393 1920 1440; x_wconf 91' lang='lat' dir='ltr'>ad</span> 
     </span>
     <span class='ocr_line' id='line_1_18' title="bbox 227 1466 1920 1528; baseline -0.001 -13"><span class='ocrx_word' id='word_1_148' title='bbox 227 1468 441 1516; x_wconf 89' lang='lat' dir='ltr'>domum.</span> <span class='ocrx_word' id='word_1_149' title='bbox 518 1468 638 1515; x_wconf 90' lang='lat' dir='ltr'>nota</span> <span class='ocrx_word' id='word_1_150' title='bbox 675 1468 809 1514; x_wconf 88' lang='lat' dir='ltr'>tecta</span> <span class='ocrx_word' id='word_1_151' title='bbox 848 1482 947 1513; x_wconf 96' lang='lat' dir='ltr'>non</span> <span class='ocrx_word' id='word_1_152' title='bbox 987 1466 1148 1513; x_wconf 90' lang='lat' dir='ltr'>solum</span> <span class='ocrx_word' id='word_1_153' title='bbox 1187 1482 1284 1528; x_wconf 89' lang='lat' dir='ltr'>quo</span> <span class='ocrx_word' id='word_1_154' title='bbox 1331 1473 1548 1513; x_wconf 89' lang='lat' dir='ltr'>remeare</span> <span class='ocrx_word' id='word_1_155' title='bbox 1597 1469 1920 1514; x_wconf 89' lang='lat' dir='ltr'>consueverat</span> 
     </span>
     <span class='ocr_line' id='line_1_19' title="bbox 228 1540 1914 1604; baseline -0.002 -14"><span class='ocrx_word' id='word_1_156' title='bbox 228 1541 569 1604; x_wconf 90' lang='lat' dir='ltr'>accipiendum</span> <span class='ocrx_word' id='word_1_157' title='bbox 606 1543 682 1588; x_wconf 92' lang='lat' dir='ltr'>est</span> <span class='ocrx_word' id='word_1_158' title='bbox 719 1553 891 1589; x_wconf 86' lang='lat' dir='ltr'>verum</span> <span class='ocrx_word' id='word_1_159' title='bbox 930 1541 1082 1588; x_wconf 89' lang='lat' dir='ltr'>etiam</span> <span class='ocrx_word' id='word_1_160' title='bbox 1122 1555 1332 1601; x_wconf 89' lang='lat' dir='ltr'>quorum</span> <span class='ocrx_word' id='word_1_161' title='bbox 1370 1541 1734 1587; x_wconf 88' lang='lat' dir='ltr'>humanitatem</span> <span class='ocrx_word' id='word_1_162' title='bbox 1764 1540 1914 1603; x_wconf 87' lang='lat' dir='ltr'>longo</span> 
     </span>
     <span class='ocr_line' id='line_1_20' title="bbox 225 1614 1916 1678; baseline -0.001 -15"><span class='ocrx_word' id='word_1_163' title='bbox 225 1618 446 1678; x_wconf 89' lang='lat' dir='ltr'>tempore</span> <span class='ocrx_word' id='word_1_164' title='bbox 493 1614 857 1677; x_wconf 89' lang='lat' dir='ltr'>conprobasset.</span> <span class='ocrx_word' id='word_1_165' title='bbox 927 1629 1034 1662; x_wconf 87' lang='lat' dir='ltr'>ecce</span> <span class='ocrx_word' id='word_1_166' title='bbox 1075 1615 1125 1660; x_wconf 88' lang='lat' dir='ltr'>et</span> <span class='ocrx_word' id='word_1_167' title='bbox 1164 1630 1193 1661; x_wconf 91' lang='lat' dir='ltr'>a</span> <span class='ocrx_word' id='word_1_168' title='bbox 1231 1615 1452 1675; x_wconf 90' lang='lat' dir='ltr'>tempore</span> <span class='ocrx_word' id='word_1_169' title='bbox 1497 1615 1731 1661; x_wconf 88' lang='lat' dir='ltr'>meritum</span> <span class='ocrx_word' id='word_1_170' title='bbox 1770 1616 1916 1674; x_wconf 87' lang='lat' dir='ltr'>cervi,</span> 
     </span>
     <span class='ocr_line' id='line_1_21' title="bbox 226 1687 1994 1752; baseline -0.002 -14"><span class='ocrx_word' id='word_1_171' title='bbox 226 1691 402 1752; x_wconf 89' lang='lat' dir='ltr'>utpote</span> <span class='ocrx_word' id='word_1_172' title='bbox 451 1690 537 1751; x_wconf 89' lang='lat' dir='ltr'>qui</span> <span class='ocrx_word' id='word_1_173' title='bbox 582 1691 756 1750; x_wconf 86' lang='lat' dir='ltr'>raptus</span> <span class='ocrx_word' id='word_1_174' title='bbox 805 1688 866 1736; x_wconf 93' lang='lat' dir='ltr'>ab</span> <span class='ocrx_word' id='word_1_175' title='bbox 912 1687 1142 1735; x_wconf 89' lang='lat' dir='ltr'>uberibus</span> <span class='ocrx_word' id='word_1_176' title='bbox 1190 1689 1364 1735; x_wconf 88' lang='lat' dir='ltr'>matris</span> <span class='ocrx_word' id='word_1_177' title='bbox 1405 1687 1467 1734; x_wconf 92' lang='lat' dir='ltr'>ad</span> <span class='ocrx_word' id='word_1_178' title='bbox 1516 1688 1728 1735; x_wconf 87' lang='lat' dir='ltr'>formam</span> <span class='ocrx_word' id='word_1_179' title='bbox 1766 1688 1919 1736; x_wconf 90' lang='lat' dir='ltr'>talem</span> <span class='ocrx_word' id='word_1_180' title='bbox 1951 1699 1994 1730; x_wconf 83' lang='lat'>2⁰</span> 
     </span>
     <span class='ocr_line' id='line_1_22' title="bbox 228 1762 1920 1826; baseline -0.002 -14"><span class='ocrx_word' id='word_1_181' title='bbox 228 1767 277 1812; x_wconf 91' lang='lat' dir='ltr'>et</span> <span class='ocrx_word' id='word_1_182' title='bbox 328 1766 499 1812; x_wconf 86' lang='lat' dir='ltr'>tantae</span> <span class='ocrx_word' id='word_1_183' title='bbox 551 1762 911 1826; x_wconf 87' lang='lat' dir='ltr'>magnitudinis</span> <span class='ocrx_word' id='word_1_184' title='bbox 974 1777 1158 1810; x_wconf 90' lang='lat' dir='ltr'>cornua</span> <span class='ocrx_word' id='word_1_185' title='bbox 1211 1763 1528 1823; x_wconf 67' lang='lat' dir='ltr'>pervenisset,</span> <span class='ocrx_word' id='word_1_186' title='bbox 1605 1763 1920 1822; x_wconf 72' lang='lat' dir='ltr'>successitque</span> 
     </span>
     <span class='ocr_line' id='line_1_23' title="bbox 224 1835 1919 1899; baseline -0.001 -14"><span class='ocrx_word' id='word_1_187' title='bbox 224 1852 418 1899; x_wconf 80' lang='lat' dir='ltr'>qemens</span> <span class='ocrx_word' id='word_1_188' title='bbox 455 1838 685 1885; x_wconf 78' lang='lat' dir='ltr'>stabulis:</span> <span class='ocrx_word' id='word_1_189' title='bbox 732 1838 820 1884; x_wconf 91' lang='lat' dir='ltr'>aut</span> <span class='ocrx_word' id='word_1_190' title='bbox 850 1851 909 1883; x_wconf 88' lang='lat' dir='ltr'>ex</span> <span class='ocrx_word' id='word_1_191' title='bbox 947 1835 1115 1883; x_wconf 88' lang='lat' dir='ltr'>dolore</span> <span class='ocrx_word' id='word_1_192' title='bbox 1155 1837 1436 1899; x_wconf 81' lang='lat' dir='ltr'>gravissimi</span> <span class='ocrx_word' id='word_1_193' title='bbox 1467 1836 1686 1884; x_wconf 84' lang='lat' dir='ltr'>vulneris</span> <span class='ocrx_word' id='word_1_194' title='bbox 1718 1852 1919 1899; x_wconf 87' lang='lat' dir='ltr'>gemens</span> 
     </span>
     <span class='ocr_line' id='line_1_24' title="bbox 230 1909 1921 1974; baseline -0.002 -14"><span class='ocrx_word' id='word_1_195' title='bbox 230 1914 318 1960; x_wconf 89' lang='lat' dir='ltr'>aut</span> <span class='ocrx_word' id='word_1_196' title='bbox 348 1927 406 1959; x_wconf 82' lang='lat' dir='ltr'>ex</span> <span class='ocrx_word' id='word_1_197' title='bbox 437 1911 701 1974; x_wconf 86' lang='lat' dir='ltr'>gemitibus</span> <span class='ocrx_word' id='word_1_198' title='bbox 731 1909 955 1958; x_wconf 87' lang='lat' dir='ltr'>indicans</span> <span class='ocrx_word' id='word_1_199' title='bbox 988 1909 1179 1957; x_wconf 89' lang='lat' dir='ltr'>cladem</span> <span class='ocrx_word' id='word_1_200' title='bbox 1210 1925 1372 1969; x_wconf 90' lang='lat' dir='ltr'>suam,</span> <span class='ocrx_word' id='word_1_201' title='bbox 1414 1925 1564 1971; x_wconf 92' lang='lat' dir='ltr'>quam</span> <span class='ocrx_word' id='word_1_202' title='bbox 1594 1925 1713 1958; x_wconf 88' lang='lat' dir='ltr'>voce</span> <span class='ocrx_word' id='word_1_203' title='bbox 1744 1909 1921 1958; x_wconf 88' lang='lat' dir='ltr'>testari</span> 
     </span>
     <span class='ocr_line' id='line_1_25' title="bbox 228 1983 1921 2048; baseline -0.001 -14"><span class='ocrx_word' id='word_1_204' title='bbox 228 2001 328 2034; x_wconf 93' lang='lat' dir='ltr'>non</span> <span class='ocrx_word' id='word_1_205' title='bbox 366 1986 577 2048; x_wconf 88' lang='lat' dir='ltr'>poterat.</span> <span class='ocrx_word' id='word_1_206' title='bbox 655 1988 912 2045; x_wconf 81' lang='lat' dir='ltr'>questuque</span> <span class='ocrx_word' id='word_1_207' title='bbox 951 1987 1200 2031; x_wconf 85' lang='lat' dir='ltr'>cruentus:</span> <span class='ocrx_word' id='word_1_208' title='bbox 1246 1983 1457 2046; x_wconf 86' lang='lat' dir='ltr'>gemitus</span> <span class='ocrx_word' id='word_1_209' title='bbox 1499 1986 1603 2032; x_wconf 86' lang='lat' dir='ltr'>eius</span> <span class='ocrx_word' id='word_1_210' title='bbox 1643 1984 1921 2033; x_wconf 84' lang='lat' dir='ltr'>existebant</span> 
     </span>
     <span class='ocr_line' id='line_1_26' title="bbox 230 2057 1993 2121; baseline -0.001 -13"><span class='ocrx_word' id='word_1_211' title='bbox 230 2060 321 2120; x_wconf 87' lang='lat' dir='ltr'>sic,</span> <span class='ocrx_word' id='word_1_212' title='bbox 359 2062 418 2107; x_wconf 88' lang='lat' dir='ltr'>ut</span> <span class='ocrx_word' id='word_1_213' title='bbox 454 2074 554 2106; x_wconf 93' lang='lat' dir='ltr'>non</span> <span class='ocrx_word' id='word_1_214' title='bbox 594 2059 753 2106; x_wconf 90' lang='lat' dir='ltr'>solum</span> <span class='ocrx_word' id='word_1_215' title='bbox 794 2058 956 2105; x_wconf 87' lang='lat' dir='ltr'>dolere</span> <span class='ocrx_word' id='word_1_216' title='bbox 995 2073 1167 2104; x_wconf 87' lang='lat' dir='ltr'>verum</span> <span class='ocrx_word' id='word_1_217' title='bbox 1206 2059 1358 2105; x_wconf 90' lang='lat' dir='ltr'>etiam</span> <span class='ocrx_word' id='word_1_218' title='bbox 1390 2057 1625 2121; x_wconf 89' lang='lat' dir='ltr'>conqueri</span> <span class='ocrx_word' id='word_1_219' title='bbox 1654 2057 1920 2118; x_wconf 85' lang='lat' dir='ltr'>videretur,</span> <span class='ocrx_word' id='word_1_220' title='bbox 1952 2066 1993 2098; x_wconf 79' lang='lat'>25</span> 
     </span>
     <span class='ocr_line' id='line_1_27' title="bbox 231 2131 1918 2193; baseline -0.002 -11"><span class='ocrx_word' id='word_1_221' title='bbox 231 2134 295 2182; x_wconf 91' lang='lat' dir='ltr'>ad</span> <span class='ocrx_word' id='word_1_222' title='bbox 332 2134 671 2181; x_wconf 88' lang='lat' dir='ltr'>testimonium</span> <span class='ocrx_word' id='word_1_223' title='bbox 710 2134 875 2180; x_wconf 90' lang='lat' dir='ltr'>autem</span> <span class='ocrx_word' id='word_1_224' title='bbox 914 2131 1068 2179; x_wconf 90' lang='lat' dir='ltr'>cladis</span> <span class='ocrx_word' id='word_1_225' title='bbox 1104 2135 1333 2193; x_wconf 87' lang='lat' dir='ltr'>acceptae</span> <span class='ocrx_word' id='word_1_226' title='bbox 1372 2131 1684 2180; x_wconf 87' lang='lat' dir='ltr'>monstrabat</span> <span class='ocrx_word' id='word_1_227' title='bbox 1722 2134 1771 2180; x_wconf 91' lang='lat' dir='ltr'>et</span> <span class='ocrx_word' id='word_1_228' title='bbox 1809 2147 1918 2181; x_wconf 87' lang='lat' dir='ltr'>san-</span> 
     </span>
     <span class='ocr_line' id='line_1_28' title="bbox 231 2206 1922 2272; baseline -0.001 -17"><span class='ocrx_word' id='word_1_229' title='bbox 231 2210 445 2272; x_wconf 89' lang='lat' dir='ltr'>guinem.</span> <span class='ocrx_word' id='word_1_230' title='bbox 519 2210 659 2265; x_wconf 88' lang='lat' dir='ltr'>atque</span> <span class='ocrx_word' id='word_1_231' title='bbox 696 2207 965 2265; x_wconf 73' lang='lat' dir='ltr'>inploranti</span> <span class='ocrx_word' id='word_1_232' title='bbox 1003 2206 1201 2253; x_wconf 69' lang='lat' dir='ltr'>similis:</span> <span class='ocrx_word' id='word_1_233' title='bbox 1241 2208 1310 2253; x_wconf 90' lang='lat' dir='ltr'>sic</span> <span class='ocrx_word' id='word_1_234' title='bbox 1349 2221 1420 2267; x_wconf 89' lang='lat' dir='ltr'>se,</span> <span class='ocrx_word' id='word_1_235' title='bbox 1460 2207 1646 2268; x_wconf 90' lang='lat' dir='ltr'>inquit,</span> <span class='ocrx_word' id='word_1_236' title='bbox 1686 2206 1922 2254; x_wconf 86' lang='lat' dir='ltr'>offerebat</span> 
     </span>
     <span class='ocr_line' id='line_1_29' title="bbox 231 2279 1920 2345; baseline -0.001 -15"><span class='ocrx_word' id='word_1_237' title='bbox 231 2281 457 2345; x_wconf 89' lang='lat' dir='ltr'>singulis,</span> <span class='ocrx_word' id='word_1_238' title='bbox 496 2282 554 2328; x_wconf 92' lang='lat' dir='ltr'>ut</span> <span class='ocrx_word' id='word_1_239' title='bbox 592 2279 897 2327; x_wconf 83' lang='lat' dir='ltr'>defensorem</span> <span class='ocrx_word' id='word_1_240' title='bbox 936 2281 1196 2341; x_wconf 90' lang='lat' dir='ltr'>putaretur</span> <span class='ocrx_word' id='word_1_241' title='bbox 1232 2281 1497 2341; x_wconf 90' lang='lat' dir='ltr'>inquirere.</span> <span class='ocrx_word' id='word_1_242' title='bbox 1575 2282 1745 2327; x_wconf 81' lang='lat' dir='ltr'>tectum</span> <span class='ocrx_word' id='word_1_243' title='bbox 1783 2295 1920 2328; x_wconf 81' lang='lat' dir='ltr'>omne</span> 
     </span>
     <span class='ocr_line' id='line_1_30' title="bbox 229 2353 1918 2415; baseline -0.002 -12"><span class='ocrx_word' id='word_1_244' title='bbox 229 2356 465 2415; x_wconf 84' lang='lat' dir='ltr'>replebat:</span> <span class='ocrx_word' id='word_1_245' title='bbox 514 2354 708 2401; x_wconf 90' lang='lat' dir='ltr'>nullum</span> <span class='ocrx_word' id='word_1_246' title='bbox 755 2354 929 2401; x_wconf 91' lang='lat' dir='ltr'>domus</span> <span class='ocrx_word' id='word_1_247' title='bbox 968 2353 1238 2415; x_wconf 88' lang='lat' dir='ltr'>reliquerat</span> <span class='ocrx_word' id='word_1_248' title='bbox 1275 2355 1439 2401; x_wconf 88' lang='lat' dir='ltr'>locum</span> <span class='ocrx_word' id='word_1_249' title='bbox 1478 2370 1626 2415; x_wconf 91' lang='lat' dir='ltr'>quem</span> <span class='ocrx_word' id='word_1_250' title='bbox 1664 2370 1763 2401; x_wconf 95' lang='lat' dir='ltr'>non</span> <span class='ocrx_word' id='word_1_251' title='bbox 1803 2370 1918 2414; x_wconf 90' lang='lat' dir='ltr'>que-</span> 
     </span>
     <span class='ocr_line' id='line_1_31' title="bbox 230 2427 1994 2491; baseline -0.002 -14"><span class='ocrx_word' id='word_1_252' title='bbox 230 2430 366 2478; x_wconf 87' lang='lat' dir='ltr'>rellis</span> <span class='ocrx_word' id='word_1_253' title='bbox 396 2428 646 2491; x_wconf 89' lang='lat' dir='ltr'>inplesset.</span> <span class='ocrx_word' id='word_1_254' title='bbox 701 2427 858 2475; x_wconf 76' lang='lat' dir='ltr'>Silvia</span> <span class='ocrx_word' id='word_1_255' title='bbox 881 2428 1050 2486; x_wconf 77' lang='lat' dir='ltr'>prima</span> <span class='ocrx_word' id='word_1_256' title='bbox 1081 2442 1218 2475; x_wconf 84' lang='lat' dir='ltr'>soror</span> <span class='ocrx_word' id='word_1_257' title='bbox 1238 2428 1426 2486; x_wconf 77' lang='lat' dir='ltr'>palmis</span> <span class='ocrx_word' id='word_1_258' title='bbox 1450 2441 1689 2487; x_wconf 86' lang='lat' dir='ltr'>pereussa</span> <span class='ocrx_word' id='word_1_259' title='bbox 1720 2428 1919 2475; x_wconf 82' lang='lat' dir='ltr'>lacertos</span> <span class='ocrx_word' id='word_1_260' title='bbox 1951 2443 1994 2474; x_wconf 86' lang='lat'>30</span> 
     </span>
     <span class='ocr_line' id='line_1_32' title="bbox 232 2502 1920 2563; baseline -0.001 -12"><span class='ocrx_word' id='word_1_261' title='bbox 232 2504 473 2552; x_wconf 75' lang='lat' dir='ltr'>auxilium</span> <span class='ocrx_word' id='word_1_262' title='bbox 521 2504 658 2550; x_wconf 80' lang='lat' dir='ltr'>vocat</span> <span class='ocrx_word' id='word_1_263' title='bbox 707 2504 749 2548; x_wconf 90' lang='lat' dir='ltr'>et</span> <span class='ocrx_word' id='word_1_264' title='bbox 801 2502 949 2548; x_wconf 88' lang='lat' dir='ltr'>duros</span> <span class='ocrx_word' id='word_1_265' title='bbox 999 2502 1267 2549; x_wconf 71' lang='lat' dir='ltr'>conclamat</span> <span class='ocrx_word' id='word_1_266' title='bbox 1319 2502 1544 2561; x_wconf 76' lang='lat' dir='ltr'>aqrestis:</span> <span class='ocrx_word' id='word_1_267' title='bbox 1596 2503 1707 2563; x_wconf 92' lang='lat' dir='ltr'>ipsa</span> <span class='ocrx_word' id='word_1_268' title='bbox 1757 2503 1920 2562; x_wconf 87' lang='lat' dir='ltr'>prima</span> 
     </span>
     <span class='ocr_line' id='line_1_33' title="bbox 233 2574 1919 2639; baseline -0.003 -13"><span class='ocrx_word' id='word_1_269' title='bbox 233 2580 364 2626; x_wconf 86' lang='lat' dir='ltr'>cervi</span> <span class='ocrx_word' id='word_1_270' title='bbox 410 2591 551 2625; x_wconf 91' lang='lat' dir='ltr'>casus</span> <span class='ocrx_word' id='word_1_271' title='bbox 596 2577 842 2639; x_wconf 86' lang='lat' dir='ltr'>ingemuit</span> <span class='ocrx_word' id='word_1_272' title='bbox 880 2590 1004 2636; x_wconf 90' lang='lat' dir='ltr'>quae</span> <span class='ocrx_word' id='word_1_273' title='bbox 1049 2575 1277 2636; x_wconf 86' lang='lat' dir='ltr'>pectebat</span> <span class='ocrx_word' id='word_1_274' title='bbox 1314 2576 1570 2637; x_wconf 88' lang='lat' dir='ltr'>ferumque</span> <span class='ocrx_word' id='word_1_275' title='bbox 1617 2574 1822 2623; x_wconf 87' lang='lat' dir='ltr'>lavabat</span> <span class='ocrx_word' id='word_1_276' title='bbox 1866 2576 1919 2622; x_wconf 92' lang='lat' dir='ltr'>in</span> 
     </span>
     <span class='ocr_line' id='line_1_34' title="bbox 232 2648 1921 2712; baseline -0.002 -14"><span class='ocrx_word' id='word_1_277' title='bbox 232 2653 392 2712; x_wconf 87' lang='lat' dir='ltr'>fonte,</span> <span class='ocrx_word' id='word_1_278' title='bbox 433 2666 559 2712; x_wconf 87' lang='lat' dir='ltr'>quae</span> <span class='ocrx_word' id='word_1_279' title='bbox 592 2665 776 2698; x_wconf 86' lang='lat' dir='ltr'>cornua</span> <span class='ocrx_word' id='word_1_280' title='bbox 810 2651 914 2696; x_wconf 90' lang='lat' dir='ltr'>eius</span> <span class='ocrx_word' id='word_1_281' title='bbox 947 2648 1088 2696; x_wconf 85' lang='lat' dir='ltr'>sertis</span> <span class='ocrx_word' id='word_1_282' title='bbox 1120 2649 1375 2697; x_wconf 87' lang='lat' dir='ltr'>intexebat</span> <span class='ocrx_word' id='word_1_283' title='bbox 1406 2651 1475 2710; x_wconf 91' lang='lat' dir='ltr'>et,</span> <span class='ocrx_word' id='word_1_284' title='bbox 1509 2649 1641 2712; x_wconf 90' lang='lat' dir='ltr'>quod</span> <span class='ocrx_word' id='word_1_285' title='bbox 1672 2650 1921 2711; x_wconf 88' lang='lat' dir='ltr'>patienter</span> 
     </span>
    </p>
   </div>
   <div class='ocr_carea' id='block_1_3' title="bbox 237 2774 1917 2997">
    <p class='ocr_par' dir='ltr' id='par_1_3' title="bbox 237 2774 1917 2997">
     <span class='ocr_line' id='line_1_35' title="bbox 354 2774 1917 2831; baseline -0.001 -12"><span class='ocrx_word' id='word_1_286' title='bbox 354 2781 378 2819; x_wconf 89' lang='grc'><strong>6</strong></span> <span class='ocrx_word' id='word_1_287' title='bbox 421 2781 632 2831; x_wconf 79' lang='lat' dir='ltr'>raptatus</span> <span class='ocrx_word' id='word_1_288' title='bbox 662 2774 705 2817; x_wconf 93' lang='lat' dir='ltr'><strong>V</strong></span> <span class='ocrx_word' id='word_1_289' title='bbox 746 2780 906 2830; x_wconf 84' lang='lat' dir='ltr'>captus</span> <span class='ocrx_word' id='word_1_290' title='bbox 949 2774 1018 2817; x_wconf 86' lang='lat' dir='ltr'>ed.</span> <span class='ocrx_word' id='word_1_291' title='bbox 1144 2780 1166 2817; x_wconf 84' lang='lat'><strong>7</strong></span> <span class='ocrx_word' id='word_1_292' title='bbox 1210 2777 1395 2830; x_wconf 81' lang='lat' dir='ltr'>specula</span> <span class='ocrx_word' id='word_1_293' title='bbox 1432 2774 1486 2818; x_wconf 88' lang='lat' dir='ltr'>V.</span> <span class='ocrx_word' id='word_1_294' title='bbox 1610 2778 1634 2816; x_wconf 88' lang='grc'><strong>9</strong></span> <span class='ocrx_word' id='word_1_295' title='bbox 1678 2775 1805 2818; x_wconf 81' lang='lat' dir='ltr'>eiecit</span> <span class='ocrx_word' id='word_1_296' title='bbox 1846 2774 1917 2817; x_wconf 87' lang='lat' dir='ltr'>ed.</span> 
     </span>
     <span class='ocr_line' id='line_1_36' title="bbox 237 2832 1917 2888; baseline -0.002 -9"><span class='ocrx_word' id='word_1_297' title='bbox 237 2840 291 2878; x_wconf 92' lang='lat'>10</span> <span class='ocrx_word' id='word_1_298' title='bbox 324 2841 501 2879; x_wconf 80' lang='lat' dir='ltr'>errante</span> <span class='ocrx_word' id='word_1_299' title='bbox 530 2834 586 2878; x_wconf 89' lang='lat' dir='ltr'>V.</span> <span class='ocrx_word' id='word_1_300' title='bbox 710 2838 763 2876; x_wconf 84' lang='lat'>13</span> <span class='ocrx_word' id='word_1_301' title='bbox 796 2839 899 2877; x_wconf 84' lang='lat' dir='ltr'>aeta</span> <span class='ocrx_word' id='word_1_302' title='bbox 932 2834 1141 2876; x_wconf 76' lang='lat' dir='ltr'>harundo</span> <span class='ocrx_word' id='word_1_303' title='bbox 1181 2847 1267 2876; x_wconf 93' lang='lat' dir='ltr'>om.</span> <span class='ocrx_word' id='word_1_304' title='bbox 1302 2834 1373 2877; x_wconf 89' lang='lat' dir='ltr'>ed.</span> <span class='ocrx_word' id='word_1_305' title='bbox 1498 2838 1551 2877; x_wconf 85' lang='lat'>15</span> <span class='ocrx_word' id='word_1_306' title='bbox 1585 2847 1639 2877; x_wconf 88' lang='lat' dir='ltr'>ac</span> <span class='ocrx_word' id='word_1_307' title='bbox 1669 2847 1752 2888; x_wconf 89' lang='lat' dir='ltr'>pro</span> <span class='ocrx_word' id='word_1_308' title='bbox 1785 2838 1834 2876; x_wconf 88' lang='lat' dir='ltr'>at</span> <span class='ocrx_word' id='word_1_309' title='bbox 1863 2832 1917 2875; x_wconf 90' lang='lat' dir='ltr'>V.</span> 
     </span>
     <span class='ocr_line' id='line_1_37' title="bbox 238 2890 1917 2948; baseline -0.001 -12"><span class='ocrx_word' id='word_1_310' title='bbox 238 2899 289 2937; x_wconf 89' lang='grc'>19</span> <span class='ocrx_word' id='word_1_311' title='bbox 334 2895 452 2938; x_wconf 81' lang='lat' dir='ltr'>cervi</span> <span class='ocrx_word' id='word_1_312' title='bbox 488 2893 530 2937; x_wconf 92' lang='lat' dir='ltr'><strong>V</strong></span> <span class='ocrx_word' id='word_1_313' title='bbox 573 2908 608 2938; x_wconf 86' lang='lat' dir='ltr'>c.</span> <span class='ocrx_word' id='word_1_314' title='bbox 645 2893 767 2937; x_wconf 80' lang='lat' dir='ltr'>diaeit</span> <span class='ocrx_word' id='word_1_315' title='bbox 807 2892 878 2936; x_wconf 88' lang='lat' dir='ltr'>ed.</span> <span class='ocrx_word' id='word_1_316' title='bbox 1009 2897 1065 2934; x_wconf 82' lang='lat'>24</span> <span class='ocrx_word' id='word_1_317' title='bbox 1105 2898 1377 2948; x_wconf 76' lang='lat' dir='ltr'>quaestuque</span> <span class='ocrx_word' id='word_1_318' title='bbox 1412 2892 1465 2935; x_wconf 92' lang='lat' dir='ltr'>V.</span> <span class='ocrx_word' id='word_1_319' title='bbox 1590 2896 1645 2935; x_wconf 83' lang='lat'>25</span> <span class='ocrx_word' id='word_1_320' title='bbox 1684 2892 1832 2935; x_wconf 84' lang='lat' dir='ltr'>dolore</span> <span class='ocrx_word' id='word_1_321' title='bbox 1863 2890 1917 2934; x_wconf 90' lang='lat' dir='ltr'>V.</span> 
     </span>
     <span class='ocr_line' id='line_1_38' title="bbox 237 2950 1196 2997; baseline -0.001 -2"><span class='ocrx_word' id='word_1_322' title='bbox 237 2957 292 2996; x_wconf 88' lang='lat'>30</span> <span class='ocrx_word' id='word_1_323' title='bbox 325 2954 503 2997; x_wconf 78' lang='lat' dir='ltr'>lacertis</span> <span class='ocrx_word' id='word_1_324' title='bbox 534 2952 588 2996; x_wconf 94' lang='lat' dir='ltr'>V.</span> <span class='ocrx_word' id='word_1_325' title='bbox 712 2956 766 2995; x_wconf 85' lang='lat'>33</span> <span class='ocrx_word' id='word_1_326' title='bbox 797 2952 1023 2995; x_wconf 79' lang='lat' dir='ltr'>intexerat</span> <span class='ocrx_word' id='word_1_327' title='bbox 1055 2950 1094 2993; x_wconf 93' lang='lat' dir='ltr'><strong>V</strong></span> <span class='ocrx_word' id='word_1_328' title='bbox 1125 2951 1196 2994; x_wconf 90' lang='lat' dir='ltr'>ed.</span> 
     </span>
    </p>
   </div>
  </div>
 </body>
</html>
