2050 3226
714 228 726 240 ᾖ
805 178 1110 225 AENEmos
1141 179 1184 224 x
1734 182 1843 237 395

148 325 192 372 et
210 324 360 382 prato
383 321 561 382 yravia
591 335 736 369 arma
758 321 1034 382 quiescunt:
1064 319 1224 384 galea,
1255 318 1374 382 quia
1395 335 1496 368 non
1521 319 1694 384 magni
1722 336 1844 384 pon·

8 444 10 446 .
148 396 278 446 deris
309 395 430 457 fuit,
467 394 716 457 pendebat
746 411 805 443 ex
836 394 1031 456 arbore,
1070 409 1231 455 arma,
1270 394 1391 456 quia
1421 394 1597 458 gravia
1627 394 1846 456 fuerunt,

0 457 10 517 i
147 472 293 534 prato
322 465 543 532 reposita
575 469 906 531 quiescebant.
967 472 1100 518 stant
1133 469 1239 517 lecti
1272 468 1454 517 circum
1489 468 1711 517 iuvenes:
1758 468 1847 531 qui

148 545 428 594 solarentur
451 559 659 607 aegrum
683 545 734 592 et
756 542 968 592 debilem
988 545 1263 592 tuerentur.
1300 543 1406 603 ipse
1428 556 1583 604 aeyer,
1608 543 1846 591 anhelans

98 634 118 668 5
149 619 273 668 colla
316 618 466 678 fovet:
516 616 721 666 adiutus
768 617 959 666 arboris
1004 619 1183 666 trunco
1228 616 1483 665 reficiebat
1520 617 1673 678 colla,
1719 632 1847 680 quae

148 693 348 742 fuerant
386 691 554 740 dolore
591 692 795 742 lassata.
843 692 990 751 fusus
1013 705 1285 752 propexam
1313 692 1369 739 in
1389 693 1583 751 pectore
1614 692 1849 740 barbam:

147 767 241 815 hoc
280 782 339 814 ex
371 765 679 815 abundantia
710 768 786 814 est
815 765 1051 828 positum.
1104 766 1260 814 multa
1289 779 1438 826 super
1467 764 1640 814 Lauso
1671 766 1849 826 royitat

147 841 445 900 multumque
492 841 691 888 remittit
727 841 810 900 qui
846 843 1066 889 revocent
1106 840 1370 899 maestique
1405 840 1572 900 ferant
1606 840 1848 888 mandata
1864 850 1951 892 840

139 915 396 975 parentis:
434 913 751 964 considerans
791 930 850 963 ex
881 913 1102 963 adversis
1134 914 1238 962 suis
1271 916 1512 977 quantam
1549 914 1652 962 vim
1680 916 1848 978 pertu—

74 1006 118 1039 ιο
147 990 290 1039 lisset
325 988 498 1037 Aenea
536 991 778 1048 certante,
815 990 1037 1037 tractans
1071 1003 1268 1052 quoque
1306 988 1381 1036 fili
1410 1003 1674 1051 personam
1712 989 1847 1036 aeta-

6 1124 9 1132 }
147 1067 350 1126 temque
380 1062 698 1112 considerans
726 1062 999 1126 quaerebat
1017 1063 1290 1125 plurimum
1319 1061 1441 1125 quid
1465 1064 1636 1127 ageret
1651 1061 1847 1112 Lausus

6 1139 13 1203 f
150 1140 202 1187 et
238 1137 481 1200 plurimos
519 1137 756 1186 mittebat
794 1153 851 1186 ac
882 1152 1028 1200 saepe
1052 1138 1142 1199 qui
1170 1137 1462 1186 reducerent
1499 1137 1849 1199 inprudentem

8 1205 9 1209 ¹
150 1213 200 1261 et
228 1213 411 1261 maesti
437 1211 597 1274 patris
628 1211 867 1260 mandata
897 1212 1187 1274 perferrent.
1232 1210 1412 1260 maesti
1440 1211 1642 1272 merit0‚
1670 1212 1848 1274 utpote

151 1285 239 1350 qui
276 1301 335 1334 ex
372 1286 592 1335 vulneris
632 1301 783 1335 causa
820 1285 943 1334 satis
983 1285 1184 1334 saucius
1223 1287 1274 1333 et
1311 1285 1371 1333 de
1409 1284 1483 1333 fili
1520 1288 1650 1334 esset
1685 1285 1848 1349 magis

76 1375 118 1411 15
148 1359 410 1424 magisque
440 1360 604 1408 salute
628 1360 887 1409 sollicituS.
926 1363 979 1408 at
999 1359 1229 1408 Lausum
1258 1360 1378 1407 socii
1401 1360 1672 1408 exanimem
1702 1373 1850 1420 super

150 1449 295 1484 arma
315 1435 538 1494 ferebant
558 1435 751 1493 flenteS,
781 1435 1022 1495 inqentem
1053 1437 1192 1493 atque
1213 1434 1398 1494 inqenti
1418 1434 1618 1482 vulnere
1646 1434 1851 1482 victwm:

148 1508 292 1558 missi
330 1510 497 1557 autem
535 1508 802 1557 veniebant
830 1507 1027 1570 flentes,
1065 1523 1165 1556 non
1201 1508 1492 1557 reducentes
1530 1508 1724 1569 vivum,
1762 1508 1851 1557 sed

149 1584 291 1633 scuto
329 1584 586 1646 portantes
634 1584 866 1632 occisum.
924 1583 1122 1644 aqnovit
1166 1582 1303 1644 lonye
1336 1583 1567 1643 yemitwm
1596 1596 1850 1643 praesaya

147 1657 270 1706 mali
298 1671 460 1706 mens:
512 1673 624 1706 cum
661 1656 948 1707 venientum
986 1657 1228 1721 gemitum
1273 1655 1516 1705 sollicitus
1564 1655 1850 1719 accepisset,

74 1745 120 1783 80
150 1733 419 1794 antequam
457 1733 567 1781 nati
604 1731 752 1780 funus
792 1733 1014 1780 cerneret
1044 1731 1202 1780 oculis
1234 1730 1364 1792 suis,
1402 1730 1525 1793 quid
1561 1730 1686 1779 mali
1723 1730 1850 1780 acci-

150 1805 306 1854 disset
336 1805 555 1870 agnovit.
605 1805 866 1870 praevidet
896 1805 1081 1870 quippe
1114 1806 1306 1854 animus
1338 1804 1601 1869 praesagio
1631 1805 1769 1854 mala
1800 1807 1850 1853 et

151 1879 273 1942 quid
318 1880 544 1929 futurum
589 1882 657 1929 sit
699 1880 889 1928 infelici
935 1881 1238 1944 cogitatione
1285 1878 1561 1928 denuntiat.
1623 1880 1850 1928 canitiem

150 1954 387 2002 inmundo
425 1955 666 2014 deformat
694 1955 921 2016 pulvere:
972 1954 1095 2003 bene
1132 1954 1305 2017 posuit
1340 1953 1582 2002 inmundo
1621 1954 1850 2017 pulvere3

153 2029 229 2076 est
265 2028 398 2076 enim
438 2030 487 2076 et
523 2029 751 2078 mundus.
814 2032 858 2077 et
895 2029 1068 2077 ambas
1107 2028 1173 2077 ad
1219 2028 1407 2076 caebwm
1444 2028 1596 2076 tendit
1625 2028 1850 2088 pabmas:
1866 2035 1952 2076 845

76 2117 120 2153 25
153 2104 399 2164 quantum
436 2101 579 2152 dolor
614 2102 937 2151 inmemorem
982 2102 1061 2151 sui
1097 2102 1398 2151 Mezentium
1435 2103 1573 2151 fecit!
1636 2102 1851 2151 tetendit

153 2176 217 2225 ad
255 2177 448 2225 caelum
485 2177 679 2239 palmas
719 2178 808 2239 qui
838 2177 956 2225 deos
994 2192 1187 2239 semper
1225 2179 1276 2225 et
1311 2176 1496 2239 ubique
1536 2176 1849 2239 contempsit.

153 2254 196 2300 et
240 2265 436 2311 corpore
479 2251 720 2299 inhaeret:
768 2266 912 2300 verus
950 2250 1165 2301 viventis
1205 2253 1281 2299 est
1317 2251 1460 2300 dolor
1506 2266 1619 2300 cum
1662 2251 1849 2299 mortui

152 2325 301 2374 funus
341 2325 682 2388 amplectitur,
720 2341 821 2374 non
852 2326 928 2373 est
964 2326 1073 2373 ulla
1108 2324 1164 2372 in
1202 2326 1432 2388 amplexu
1462 2325 1651 2373 funeris
1691 2324 1848 2373 delec-

152 2399 300 2461 tatio,
340 2399 425 2448 sed
457 2399 705 2462 quaedam
734 2397 982 2447 medicina
1010 2399 1308 2464 plangentis.
1363 2402 1564 2448 tantane
1593 2412 1668 2446 me
1698 2399 1851 2446 tenuit

77 2487 123 2523 ιο
151 2473 368 2530 vivendi,
407 2477 541 2530 nate,
580 2473 826 2533 volupiae,
864 2476 920 2520 ut
941 2487 1036 2534 pro
1072 2487 1149 2522 me
1184 2473 1346 2522 hostili
1368 2477 1567 2534 paterer
1599 2472 1850 2520 succedere

154 2547 350 2595 dextrae
388 2561 527 2607 quem
561 2548 742 2608 yenui?
780 2550 928 2595 tuane
964 2547 1082 2596 haec
1114 2549 1302 2609 yenitor
1324 2562 1419 2607 per
1446 2547 1655 2594 vulnera
1683 2560 1850 2594 servor

152 2624 303 2669 morte
339 2624 426 2670 tua
461 2622 666 2670 vivens?
717 2621 831 2678 heu,
881 2635 1013 2670 nunc
1048 2622 1224 2670 misero
1261 2622 1383 2669 mihi
1421 2621 1612 2669 demum
1651 2620 1848 2668 exitium
1865 2627 1951 2669 850

275 2767 300 2806 1
332 2763 464 2819 yalea
494 2763 575 2819 qui
597 2762 652 2807 V.
754 2766 780 2805 2
808 2762 998 2817 fuerant
1027 2762 1099 2808 ed.
1193 2766 1218 2806 3
1251 2762 1503 2818 quiescebat
1525 2759 1580 2805 V.
1618 2761 1623 2818 1
1659 2761 1770 2805 laeti
1791 2759 1847 2805 V.

156 2825 181 2864 6
214 2822 387 2867 dolores
408 2821 464 2866 V.
548 2825 575 2865 8
606 2822 856 2877 multosque
879 2821 949 2865 ed.
1035 2825 1091 2865 10
1122 2823 1284 2867 aeneai
1306 2820 1361 2865 V.
1440 2824 1494 2863 13
1520 2833 1575 2863 ac
1597 2821 1752 2864 moesti
1774 2820 1847 2864 ed.

157 2884 214 2924 14
244 2886 287 2925 et
316 2894 406 2925 om.
431 2881 502 2924 ed.
598 2885 652 2924 15
685 2886 756 2925 ast
787 2880 860 2924 ed.
901 2880 906 2939 Ι
947 2882 1210 2926 exanimum
1242 2880 1313 2924 ed.
1407 2877 1462 2922 18
1493 2884 1618 2923 scuto
1641 2878 1683 2922 V
1713 2892 1849 2935 super

156 2953 288 2987 arma
318 2939 389 2984 ed.
483 2944 540 2984 20
570 2940 812 2984 accedisset
834 2938 890 2983 V.
986 2944 1041 2984 25
1075 2945 1366 2996 quantum-
1384 2942 1438 2981 26
1464 2939 1727 2995 contempsit
1758 2952 1848 2983 om.

156 2997 226 3041 ed.
350 3002 405 3042 28
437 2998 666 3044 dilectatio
689 2998 745 3042 V.
