2050 3226
58 1023 104 1056 10

62 1394 104 1427 15

60 1765 104 1798 20

62 2135 104 2168 25

63 2504 107 2537 80

756 199 1062 245 AENEmos
1086 200 1195 244 vm
1721 204 1824 258 171

134 342 301 391 eadem
337 340 541 402 supplex
578 341 742 389 venio:
780 341 953 389 eadem
990 341 1086 389 hoc
1116 342 1191 389 est
1224 356 1352 403 quae
1381 342 1501 390 tunc
1531 343 1669 390 tacui
1699 358 1829 390 nunc

133 415 410 465 necessario
449 416 500 463 et
538 415 834 478 oportunius
873 430 1009 480 rog0.
1062 413 1238 477 [arma
1274 413 1419 476 royo]
1445 416 1661 476 yenetrix
1691 419 1830 464 nato:

135 490 340 539 dicendo
365 506 465 538 non
487 489 762 550 hominum,
787 490 874 537 sed
904 489 1327 538 necessitudinum
1356 490 1562 537 nomina
1592 488 1831 538 maiorem

133 564 504 613 miserationem
548 563 708 612 movit
753 578 811 611 ac
857 563 1110 612 subtiliter
1153 563 1263 612 visa
1309 565 1384 611 est
1429 563 1589 612 dicere
1629 563 1671 611 si
1711 580 1832 612 uxor

132 641 222 687 tua
252 653 352 686 non
384 653 563 699 essem,
601 639 790 698 tamen,
832 637 953 700 quia
989 641 1151 686 mater
1186 653 1277 700 pro
1316 637 1418 686 filio
1458 640 1596 700 pete,
1636 637 1834 686 etiamsi

133 713 348 760 extrario
392 727 645 776 rogarem,
690 711 870 760 mereri
915 711 1198 760 debueram.
1283 713 1412 759 certe
1451 714 1696 774 quantum
1733 711 1833 759 fuit

133 785 315 835 subtile
367 802 618 834 removere
673 785 846 834 odiosa
898 786 1102 835 nomina
1154 785 1323 834 vitrici
1376 787 1526 849 atque
1588 785 1831 850 privigni!

134 860 279 924 quasi
318 862 367 908 et
404 859 533 908 illud
572 859 752 908 dixisse
792 860 1065 909 videretur:
1112 876 1203 924 ego
1250 875 1377 908 uxor
1422 876 1452 908 a
1500 862 1550 908 te
1587 860 1834 923 inpetrem

133 951 223 998 pro
261 934 365 982 filio
404 950 513 982 meo
554 933 690 997 quod
728 935 962 998 privigno
1001 937 1089 983 tuo
1128 950 1228 982 non
1267 935 1431 983 fueras
1471 937 1833 997 praestaturus,

134 1024 297 1071 arma,
346 1008 534 1072 inquit,
583 1025 729 1072 rogo,
777 1008 959 1070 quibus
1011 1011 1061 1058 et
1108 1008 1195 1057 1116
1244 1010 1386 1057 tutus
1433 1023 1537 1057 esse
1586 1008 1747 1071 possit
1784 1013 1835 1056 et

135 1099 264 1146 quae
302 1082 398 1130 tibi
437 1084 505 1132 sit
542 1082 761 1146 proclive
799 1085 1068 1145 praestare.
1145 1086 1190 1130 te
1230 1083 1340 1141 filia
1378 1082 1547 1140 Nerei,
1595 1086 1638 1131 te
1674 1084 1836 1143 potuit

135 1158 352 1206 lacrimis
386 1157 614 1205 Tithonia
644 1159 829 1215 flectere
868 1158 1104 1205 coniunx:
1135 1159 1479 1205 extranearum
1508 1172 1835 1219 personarum

134 1231 283 1280 datur
313 1232 614 1295 exemplum,
645 1234 704 1279 ut
737 1231 869 1293 quod
899 1231 1001 1279 illis
1033 1231 1180 1279 facile
1211 1230 1511 1293 praestitum
1535 1234 1611 1279 est
1634 1231 1833 1280 facilius

133 1307 416 1368 praestetur
451 1305 609 1354 uxori.
686 1306 848 1365 aspice
894 1306 977 1364 qui
1023 1308 1191 1353 coeant
1227 1305 1422 1365 populi,
1475 1319 1599 1364 quae
1643 1306 1835 1358 moenia
1852 1314 1936 1354 385

135 1380 317 1428 clausis
353 1380 543 1439 ferrum
581 1382 764 1428 acuant
800 1380 959 1439 portis
1003 1380 1059 1426 in
1098 1393 1174 1427 me
1221 1379 1551 1438 excidiumque
1595 1393 1835 1427 meorwm:

135 1454 379 1518 epilogica
419 1453 593 1516 dicti0,
634 1468 787 1516 quam
823 1453 1007 1502 idcirco
1041 1453 1105 1501 ad
1135 1453 1284 1502 finem
1316 1453 1537 1514 distulit,
1567 1455 1628 1501 ut
1656 1454 1834 1501 melius

133 1527 292 1591 partis
331 1528 663 1576 miserationis
702 1528 927 1590 inpleret.
991 1527 1198 1576 dicendo
1239 1528 1409 1575 autem
1448 1528 1536 1589 qui
1572 1527 1750 1590 populi
1788 1531 1837 1576 et

135 1618 264 1665 quae
301 1601 448 1651 urbes
486 1601 865 1650 multitudinem
904 1604 955 1650 et
992 1602 1247 1650 feritatem
1284 1603 1512 1666 gentium
1551 1604 1601 1650 et
1638 1601 1836 1649 urbium

133 1676 532 1740 magnitudinem
576 1676 630 1724 in
679 1675 1057 1739 pronominibus
1105 1675 1295 1725 duobus
1343 1677 1503 1725 voluit
1541 1676 1836 1740 significare.

135 1750 268 1812 quod
312 1766 428 1799 vero
473 1750 749 1813 inperfecta
795 1751 957 1813 specie
1000 1751 1128 1799 dixit
1166 1752 1362 1812 coeant,
1408 1750 1537 1798 illud
1579 1751 1837 1812 expressit,

136 1824 269 1887 quod
329 1825 492 1873 adhuc
554 1825 927 1889 colligerentur,
990 1840 1118 1887 quae
1172 1840 1249 1873 res
1306 1824 1506 1873 creabat
1565 1824 1838 1872 maximum

135 1901 345 1959 metum,
385 1914 498 1947 cum
534 1915 623 1961 per
661 1899 765 1947 dies
805 1900 1031 1963 singulos
1069 1899 1338 1947 metuenda
1377 1898 1675 1947 crescebant.
1744 1899 1837 1947 hoc

135 1972 269 2020 idem
314 1973 564 2037 significat
610 1974 660 2021 et
699 1975 904 2036 acuant3
946 1972 1185 2036 quicquid
1224 1973 1356 2021 enim
1394 1973 1724 2036 inperfectum
1764 1976 1838 2022 est

136 2047 251 2109 plus
301 2046 455 2095 habet
502 2047 722 2108 timoris,
769 2048 887 2095 dum
935 2048 1181 2095 malorum
1228 2050 1460 2110 speratur
1497 2049 1836 2112 augmentum.

138 2120 332 2169 addidit
371 2120 536 2184 aspice
574 2123 779 2184 propter
808 2122 957 2169 fidem
988 2121 1134 2170 dictis
1167 2121 1268 2170 suis
1301 2121 1602 2183 faciendam,
1633 2124 1694 2169 ut
1724 2137 1836 2184 pro-

137 2195 315 2244 barent
354 2195 488 2244 oculi
526 2194 630 2244 eius
673 2211 798 2258 quae
839 2195 1052 2244 dolentis
1093 2195 1316 2244 animum
1347 2197 1662 2258 mentemque
1695 2196 1837 2243 ferie·

137 2269 273 2317 bant.
325 2269 448 2318 haec
472 2270 640 2318 omnia
664 2270 845 2318 clausis
877 2269 1036 2333 portis
1067 2269 1176 2318 fieri
1205 2271 1391 2319 maiore
1423 2272 1562 2318 metu
1590 2270 1838 2330 firmabat,

137 2343 483 2392 insistentibus
524 2345 611 2405 qui
649 2343 843 2408 gladios
882 2343 1065 2393 inclusi
1096 2344 1360 2406 acuebant,
1393 2346 1451 2392 ut
1480 2344 1651 2392 nullus
1691 2344 1838 2392 sciret

139 2418 259 2478 quid
282 2419 523 2481 gererent.
556 2419 610 2465 in
634 2417 902 2481 perniciem
925 2433 1087 2466 meam
1108 2434 1444 2482 meorumque,
1468 2418 1646 2480 inquit,
1670 2419 1838 2480 parari

138 2492 373 2541 universa
410 2493 733 2540 manifestum
772 2494 869 2540 est:
907 2492 1029 2540 haec
1059 2509 1241 2556 magna
1272 2495 1379 2541 arte
1411 2494 1531 2541 sunt
1562 2493 1753 2552 addita,
1784 2492 1837 2538 in

138 2582 215 2613 me
255 2565 598 2628 excidiumque
638 2582 881 2627 meorum3
918 2565 1085 2614 iunxit
1123 2566 1254 2614 enim
1292 2567 1491 2631 negotio
1532 2567 1683 2614 etiam
1729 2582 1836 2627 per-

260 2726 282 2764 1
316 2723 446 2766 venio
470 2721 513 2763 V
543 2727 584 2766 et
613 2727 1008 2766 sanetum—nato
1039 2721 1148 2766 add.
1174 2722 1245 2766 ed.
1336 2727 1362 2765 2
1393 2723 1598 2779 yenetrix
1620 2725 1728 2765 nato
1752 2733 1836 2776 pro

140 2779 358 2824 lemmate
406 2780 631 2836 scriptum
669 2780 721 2824 in
755 2780 797 2824 V
836 2795 968 2826 arma
1005 2795 1112 2838 royo
1155 2781 1371 2837 praefixi,
1412 2780 1523 2836 quia
1563 2779 1834 2835 explicatur.

141 2844 167 2881 5
200 2844 282 2884 tua
313 2853 401 2883 om.
428 2839 499 2883 ed.
598 2845 623 2884 6
657 2841 866 2885 extranio
890 2839 932 2883 V
963 2841 1163 2885 extrario
1194 2854 1278 2885 nos
1311 2840 1368 2884 cf.
1397 2846 1436 2893 1,
1456 2843 1540 2883 359
1574 2844 1837 2883 extraneum

142 2898 214 2942 ed.
301 2902 325 2942 7
357 2900 594 2943 nominum
625 2899 696 2943 ed.
776 2903 801 2942 9
828 2904 1145 2954 praestaturos
1167 2899 1222 2944 V.
1302 2903 1357 2942 10
1381 2903 1534 2954 posset
1556 2897 1598 2941 V
1623 2911 1736 2942 corr.
1763 2898 1835 2942 ed.

144 2960 199 2999 20
229 2958 538 3013 imperfectam
566 2959 758 3014 speciem
788 2958 860 3002 ed.
961 2962 1012 3002 21
1049 2972 1212 3015 quares
1236 2957 1276 3002 V
1301 2971 1415 3002 corr.
1441 2957 1513 3000 ed.
1606 2961 1661 3000 23
1692 2958 1836 3014 siqni-

42 3032 46 3034 ’
141 3016 284 3069 ficunt
305 3015 347 3059 V
372 3029 486 3061 corr.
512 3016 583 3060 ed.
706 3022 763 3060 24
793 3022 947 3073 sperat
977 3016 1048 3061 ed.
1172 3021 1226 3060 27
1260 3017 1526 3071 affirmabat
1556 3016 1628 3060 ed.
