2050 3226
250 207 355 260 192
719 203 953 249 DONATI
982 204 1263 249 INTERPR.
1288 204 1469 250 VERG.

245 344 380 392 funis
413 359 521 393 ecce
551 344 733 392 iterum
765 343 1037 393 stimulat.“
1082 345 1176 393 hoc
1209 345 1470 393 consilium
1499 346 1627 394 hanc
1659 347 1795 394 tenet
1825 345 1937 394 sub-

247 419 486 467 stantiam
526 419 791 480 commodi,
830 435 913 481 ne,
955 419 1073 466 dum
1111 419 1252 480 prius
1283 419 1435 467 refert
1466 435 1690 482 causam,
1720 419 1938 468 medium

245 495 439 555 tempus
465 493 714 541 celeritate
745 493 903 541 hostis
936 495 986 540 et
1016 492 1279 542 velocitate
1309 495 1634 555 praeventum
1663 495 1938 542 necessaria

244 582 344 614 non
384 567 515 614 sinat
553 568 796 629 oportune
836 567 1045 629 disponi.
1124 568 1198 615 ait
1235 567 1392 631 igitur
1429 567 1552 616 ferte
1599 567 1687 616 citi
1731 568 1938 631 ferrum3

244 640 585 689 festinandum
639 640 771 688 enim
819 641 917 688 fuit
968 640 1194 690 hostibus
1244 641 1298 688 in
1351 642 1575 705 proximo
1638 641 1938 691 constitutis.

158 740 162 742 ·
244 715 616 778 proximitatem
655 714 839 777 quippe
878 716 1029 762 istam
1066 715 1335 764 nuntiabat
1379 715 1671 780 magnitudo
1717 715 1937 779 pulveris

245 791 295 836 et
343 789 497 837 nubes
549 790 659 836 atra
704 788 975 850 praebebat
1022 788 1274 838 indicium.
1361 790 1474 838 date
1523 790 1650 838 tela:
1700 805 1799 838 non
1844 790 1938 838 hoc

243 862 375 910 idem
415 863 502 924 qui
541 863 760 910 dandum
800 863 991 911 dixerat
1029 863 1237 926 ferrum,
1282 864 1468 912 ferrum
1507 865 1690 927 quippe
1732 863 1937 913 alterius

245 936 426 999 speciei
462 939 628 998 potest
665 936 844 984 habere
879 936 1292 1000 significationem
1331 941 1382 986 et
1418 938 1520 986 tela
1556 938 1782 1000 alterius3
1821 954 1938 986 nam

245 1012 361 1059 sunt
399 1010 577 1074 gladii,
617 1013 734 1058 sunt
772 1012 1001 1074 sagittae.
1079 1013 1210 1060 certe
1249 1014 1300 1060 et
1337 1011 1407 1060 sic
1447 1011 1605 1074 accipi
1642 1014 1808 1074 potest
1844 1012 1938 1060 hoc

245 1084 455 1146 dictum,
493 1086 553 1132 ut
597 1084 779 1132 ferrum
829 1086 987 1147 primo
1034 1085 1266 1134 videatur
1311 1085 1492 1134 dixisse
1538 1085 1940 1149 praeparandum

243 1159 297 1205 in
341 1158 526 1220 hastis,
574 1158 771 1222 sagittis
819 1162 869 1206 et
914 1158 1118 1222 gladiis,
1155 1160 1258 1208 tela
1295 1176 1413 1209 vero
1451 1161 1503 1207 in
1543 1160 1938 1223 quibuscumque

245 1232 497 1295 speciebus
539 1247 664 1294 quae
703 1232 922 1281 occidere
961 1233 1212 1282 hominem
1242 1236 1466 1297 possent,
1497 1236 1555 1282 ut
1586 1236 1702 1282 sunt
1732 1233 1938 1296 lapides,

244 1307 401 1355 fustes
442 1308 492 1354 et
530 1309 692 1354 cetera
732 1323 857 1368 quae
898 1306 1159 1369 eiusmodi,
1201 1307 1378 1371 quibus
1418 1307 1594 1371 repelli
1623 1307 1780 1356 hostis
1822 1323 1936 1370 que-

245 1384 299 1428 at
338 1381 427 1429 aut
465 1382 726 1442 superatus
768 1380 1066 1429 occumbere.
1144 1383 1232 1430 citi
1279 1383 1428 1430 semel
1475 1381 1674 1445 quidem
1719 1382 1939 1444 positum

243 1469 332 1502 nos
366 1454 592 1503 omnibus
619 1454 763 1502 dictis
791 1458 1031 1517 aptemus,
1058 1471 1154 1517 quo
1178 1456 1353 1504 melior
1376 1457 1655 1504 intellectus
1682 1458 1938 1518 appareat,

243 1530 300 1576 ut
325 1529 391 1577 sit
423 1528 511 1576 citi
541 1529 664 1576 ferte
696 1528 896 1589 ferrum,
929 1529 1015 1577 citi
1054 1529 1167 1577 date
1199 1530 1316 1591 tela,
1348 1530 1434 1577 citi
1464 1545 1632 1578 muros
1666 1529 1937 1590 ascendite,

244 1617 343 1650 non
382 1603 512 1650 enim
549 1602 602 1649 in
641 1604 785 1650 tanta
816 1603 1187 1664 perturbatione
1219 1603 1318 1651 fuit
1357 1619 1414 1652 ex
1445 1604 1546 1652 illis
1580 1603 1770 1666 aliquid
1804 1603 1938 1666 quod

245 1676 442 1740 segnius
483 1677 648 1724 curari
687 1675 949 1725 debuisset.
1007 1693 1115 1725 ecce
1153 1676 1425 1726 novissima
1463 1679 1733 1726 intervenit
1771 1692 1936 1738 causa,

243 1751 424 1814 hostis,
462 1750 650 1812 inquit,
689 1750 850 1798 adest:
890 1767 990 1799 non
1030 1751 1155 1798 dixit
1200 1751 1513 1813 adfuturum,
1558 1769 1619 1799 ne
1667 1751 1809 1800 daret
1857 1766 1934 1799 oc-

246 1825 494 1872 casionem
532 1823 809 1885 differendi,
850 1825 935 1872 sed
972 1825 1073 1873 iam
1114 1825 1302 1886 adesse,
1334 1827 1392 1873 ut
1422 1841 1653 1888 praesens
1685 1826 1937 1874 videretur

243 1914 433 1961 urgere.
509 1898 832 1947 novissimum
871 1898 969 1946 suit
1005 1900 1138 1960 heia,
1180 1899 1312 1961 quod
1351 1899 1538 1948 dictum
1575 1900 1822 1948 hortantis
1861 1900 1936 1947 est

244 1972 410 2034 potius
452 1988 602 2034 quam
638 1971 866 2020 iubentis.
943 1974 1126 2033 inqenti
1164 1974 1369 2021 clamore
1399 1988 1493 2034 per
1531 1974 1687 2021 omnis
1727 1973 1939 2021 condunt

244 2059 294 2093 se
327 2046 501 2093 Teucri
521 2049 696 2106 portas
727 2049 770 2093 et
798 2047 989 2094 moenia
1021 2047 1262 2106 conplent:
1301 2049 1653 2112 congesserunt
1683 2063 1734 2095 se
1766 2062 1934 2095 omnes

244 2120 376 2167 intra
415 2122 589 2181 saepta
628 2122 903 2167 castrorum
942 2122 993 2168 et
1038 2122 1368 2183 oppleverunt
1413 2123 1582 2185 portas
1631 2123 1681 2169 et
1724 2121 1934 2169 moenia.

246 2195 428 2242 crimen
466 2194 633 2255 potuit
670 2193 786 2241 duci
824 2196 873 2241 et
910 2194 1232 2243 manifestum
1270 2195 1461 2244 timOris
1499 2195 1739 2243 indicium
1775 2195 1936 2243 videri

246 2267 381 2330 quod
403 2267 629 2316 veniente
659 2267 800 2315 hoste
826 2283 927 2316 sese
954 2268 1222 2317 clauserint
1244 2271 1411 2332 potius
1437 2285 1587 2331 quam
1609 2269 1936 2316 instruxerint

1971 1029 2050 1081 101

1970 1396 2012 1430 15

1967 1767 2018 1808 20,

1967 2134 2016 2176 2⁵6

247 2342 414 2389 aciem.
505 2341 597 2389 hoc
650 2356 802 2404 genus
859 2342 1233 2392 obtrectationis
1281 2360 1341 2390 ne
1403 2344 1522 2391 viris
1585 2342 1797 2405 fortibus
1859 2343 1933 2389 in·
2012 2383 2013 2386 ,

172 2422 227 2461 40
244 2416 482 2476 haereret,
520 2417 704 2477 purgat
734 2415 941 2463 honesta
972 2417 1286 2465 excusatione
1316 2417 1566 2480 Vergilius
1599 2415 1765 2464 dicens
1795 2431 1934 2463 nam-

246 2504 335 2548 que
372 2490 443 2536 ita
481 2489 729 2536 discedens
757 2494 1076 2549 praeceperat
1111 2492 1319 2551 optimas
1359 2491 1512 2538 armis
1541 2489 1750 2546 AeneaS,
1790 2491 1934 2549 siqua

245 2565 428 2610 interea
472 2563 674 2622 fortuna
720 2563 913 2621 fuisset,
972 2579 1066 2611 neu
1122 2567 1307 2612 struere
1356 2565 1589 2612 auderent
1639 2564 1790 2611 aciem
1838 2578 1934 2610 neu

247 2637 435 2684 credere
466 2651 648 2695 campo,
682 2639 842 2684 castra
874 2638 1013 2684 modo
1046 2641 1087 2684 et
1118 2642 1241 2686 tutos
1271 2641 1520 2686 servarent
1551 2652 1722 2697 ayyere
1744 2651 1933 2684 muros:

246 2710 454 2771 Aeneas,
469 2711 649 2773 inquit,
665 2710 910 2771 afuturus,
927 2712 1013 2773 qui
1038 2713 1251 2760 tractare
1274 2713 1441 2760 nosset
1462 2711 1651 2759 incerta
1673 2710 1933 2772 bellorum,

367 2841 391 2879 2
422 2836 612 2880 necdum
635 2835 678 2878 V
708 2835 874 2880 nedum
905 2836 975 2880 ed.
1008 2851 1063 2881 ne
1094 2838 1202 2882 dum
1233 2851 1328 2882 noe.
1377 2837 1381 2895 Ι
1430 2837 1569 2890 refert
1587 2835 1630 2878 V
1659 2836 1829 2890 referat
1859 2835 1929 2880 ed.

250 2899 301 2937 12
335 2895 478 2939 hastis
500 2893 542 2937 V
573 2896 716 2940 hostes
746 2894 816 2938 ed.
949 2901 1003 2939 14
1047 2910 1161 2952 quae
1204 2896 1424 2941 eiusmodi
1456 2895 1498 2940 V
1535 2895 1795 2939 huiusmodi
1833 2894 1931 2938 sine

247 2967 360 3008 quae
391 2954 462 2996 ed.
556 2958 609 2997 16
641 2967 723 2998 nos
745 2952 787 2996 V
817 2967 911 2998 non
942 2954 1013 2999 ed.
1047 2969 1135 2999 om.
1169 2955 1240 2999 ed.
1271 2956 1391 3011 post.
1485 2959 1538 2998 17
1573 2959 1615 2999 et
1644 2955 1725 2998 citi
1754 2952 1826 2997 bis
1858 2953 1929 2997 ed.

249 3017 303 3055 24
336 3026 381 3056 se
412 3013 518 3068 post
549 3015 750 3058 condunt
781 3027 866 3056 om.
894 3012 947 3057 V.
1072 3019 1126 3058 25
1158 3015 1399 3071 opplerunt
1428 3014 1499 3058 ed.

1965 2504 2008 2535 30
