<?xml version="1.0" encoding="UTF-8"?>
<!DOCTYPE html PUBLIC "-//W3C//DTD XHTML 1.0 Transitional//EN"
    "http://www.w3.org/TR/xhtml1/DTD/xhtml1-transitional.dtd">
<html xmlns="http://www.w3.org/1999/xhtml" xml:lang="en" lang="en">
 <head>
  <title>
</title>
<meta http-equiv="Content-Type" content="text/html;charset=utf-8" />
  <meta name='ocr-system' content='tesseract 3.04.00' />
  <meta name='ocr-capabilities' content='ocr_page ocr_carea ocr_par ocr_line ocrx_word'/>
</head>
<body>
  <div class='ocr_page' id='page_1' title='image "./interpretationes02donauoft_0564.png"; bbox 0 0 2050 3226; ppageno 0'>
   <div class='ocr_carea' id='block_1_1' title="bbox 166 1045 220 1084">
    <p class='ocr_par' dir='ltr' id='par_1_1' title="bbox 166 1045 220 1084">
     <span class='ocr_line' id='line_1_1' title="bbox 166 1045 220 1084; baseline -0.019 0"><span class='ocrx_word' id='word_1_1' title='bbox 166 1045 220 1084; x_wconf 84' lang='lat'><strong>65</strong></span> 
     </span>
    </p>
   </div>
   <div class='ocr_carea' id='block_1_2' title="bbox 171 2007 225 2047">
    <p class='ocr_par' dir='ltr' id='par_1_2' title="bbox 171 2007 225 2047">
     <span class='ocr_line' id='line_1_2' title="bbox 171 2007 225 2047; baseline 0 0"><span class='ocrx_word' id='word_1_2' title='bbox 171 2007 225 2047; x_wconf 83' lang='lat'><strong>70</strong></span> 
     </span>
    </p>
   </div>
   <div class='ocr_carea' id='block_1_3' title="bbox 254 154 1486 212">
    <p class='ocr_par' dir='ltr' id='par_1_3' title="bbox 254 154 1486 212">
     <span class='ocr_line' id='line_1_3' title="bbox 254 154 1486 212; baseline -0.01 0"><span class='ocrx_word' id='word_1_3' title='bbox 254 158 363 212; x_wconf 85' lang='lat'><strong>560</strong></span> <span class='ocrx_word' id='word_1_4' title='bbox 725 155 958 201; x_wconf 80' lang='lat' dir='ltr'><strong>DONATI</strong></span> <span class='ocrx_word' id='word_1_5' title='bbox 987 155 1269 200; x_wconf 78' lang='lat' dir='ltr'><strong>INTERPR.</strong></span> <span class='ocrx_word' id='word_1_6' title='bbox 1293 154 1486 201; x_wconf 63' lang='lat' dir='ltr'><strong>VERG.</strong></span> 
     </span>
    </p>
   </div>
   <div class='ocr_carea' id='block_1_4' title="bbox 245 294 1952 2579">
    <p class='ocr_par' dir='ltr' id='par_1_4' title="bbox 245 294 1952 2579">
     <span class='ocr_line' id='line_1_4' title="bbox 250 294 1943 358; baseline 0.001 -16"><span class='ocrx_word' id='word_1_7' title='bbox 250 295 304 342; x_wconf 90' lang='lat' dir='ltr'><strong>in</strong></span> <span class='ocrx_word' id='word_1_8' title='bbox 343 311 443 358; x_wconf 88' lang='lat' dir='ltr'><strong>quo</strong></span> <span class='ocrx_word' id='word_1_9' title='bbox 482 296 641 344; x_wconf 88' lang='lat' dir='ltr'><strong>omnis</strong></span> <span class='ocrx_word' id='word_1_10' title='bbox 680 297 919 344; x_wconf 77' lang='lat' dir='ltr'><strong>securitas</strong></span> <span class='ocrx_word' id='word_1_11' title='bbox 956 295 1069 343; x_wconf 81' lang='lat' dir='ltr'><strong>fuit.</strong></span> <span class='ocrx_word' id='word_1_12' title='bbox 1145 310 1255 343; x_wconf 90' lang='lat' dir='ltr'><strong>ecce</strong></span> <span class='ocrx_word' id='word_1_13' title='bbox 1294 296 1490 343; x_wconf 75' lang='lat' dir='ltr'>cautior</span> <span class='ocrx_word' id='word_1_14' title='bbox 1525 294 1707 344; x_wconf 87' lang='lat' dir='ltr'><strong>Latino</strong></span> <span class='ocrx_word' id='word_1_15' title='bbox 1749 296 1943 358; x_wconf 87' lang='lat' dir='ltr'><strong>mulier,</strong></span> 
     </span>
     <span class='ocr_line' id='line_1_5' title="bbox 251 369 1944 433; baseline 0.002 -17"><span class='ocrx_word' id='word_1_16' title='bbox 251 369 384 433; x_wconf 88' lang='lat' dir='ltr'><strong>apud</strong></span> <span class='ocrx_word' id='word_1_17' title='bbox 423 385 574 432; x_wconf 92' lang='lat' dir='ltr'><strong>quam</strong></span> <span class='ocrx_word' id='word_1_18' title='bbox 610 371 771 418; x_wconf 91' lang='lat' dir='ltr'><strong>maior</strong></span> <span class='ocrx_word' id='word_1_19' title='bbox 807 369 974 417; x_wconf 86' lang='lat' dir='ltr'><strong>fuerat</strong></span> <span class='ocrx_word' id='word_1_20' title='bbox 1011 371 1195 431; x_wconf 85' lang='lat' dir='ltr'><strong>metus;</strong></span> <span class='ocrx_word' id='word_1_21' title='bbox 1233 385 1351 417; x_wconf 90' lang='lat' dir='ltr'><strong>nam</strong></span> <span class='ocrx_word' id='word_1_22' title='bbox 1382 384 1496 418; x_wconf 91' lang='lat' dir='ltr'><strong>cum</strong></span> <span class='ocrx_word' id='word_1_23' title='bbox 1528 369 1583 418; x_wconf 89' lang='lat' dir='ltr'><strong>id</strong></span> <span class='ocrx_word' id='word_1_24' title='bbox 1613 373 1846 433; x_wconf 73' lang='lat' dir='ltr'>ageretur</span> <span class='ocrx_word' id='word_1_25' title='bbox 1882 387 1944 419; x_wconf 89' lang='lat' dir='ltr'><strong>ne</strong></span> 
     </span>
     <span class='ocr_line' id='line_1_6' title="bbox 252 442 1946 506; baseline 0 -14"><span class='ocrx_word' id='word_1_26' title='bbox 252 443 384 493; x_wconf 89' lang='lat' dir='ltr'><strong>solus</strong></span> <span class='ocrx_word' id='word_1_27' title='bbox 417 444 614 492; x_wconf 83' lang='lat' dir='ltr'><strong>Turnus</strong></span> <span class='ocrx_word' id='word_1_28' title='bbox 653 460 764 492; x_wconf 92' lang='lat' dir='ltr'><strong>cum</strong></span> <span class='ocrx_word' id='word_1_29' title='bbox 802 444 907 492; x_wconf 91' lang='lat' dir='ltr'><strong>solo</strong></span> <span class='ocrx_word' id='word_1_30' title='bbox 938 442 1110 491; x_wconf 85' lang='lat' dir='ltr'><strong>Aenea</strong></span> <span class='ocrx_word' id='word_1_31' title='bbox 1146 445 1418 506; x_wconf 88' lang='lat' dir='ltr'><strong>pugnaret,</strong></span> <span class='ocrx_word' id='word_1_32' title='bbox 1455 444 1578 492; x_wconf 87' lang='lat' dir='ltr'><strong>haec</strong></span> <span class='ocrx_word' id='word_1_33' title='bbox 1608 443 1804 492; x_wconf 90' lang='lat' dir='ltr'><strong>dicebat</strong></span> <span class='ocrx_word' id='word_1_34' title='bbox 1833 459 1946 493; x_wconf 89' lang='lat' dir='ltr'><strong>cum</strong></span> 
     </span>
     <span class='ocr_line' id='line_1_7' title="bbox 251 517 1948 577; baseline 0.001 -12"><span class='ocrx_word' id='word_1_35' title='bbox 251 517 451 567; x_wconf 85' lang='lat' dir='ltr'><strong>Teucris</strong></span> <span class='ocrx_word' id='word_1_36' title='bbox 477 517 702 566; x_wconf 92' lang='lat' dir='ltr'><strong>omnibus</strong></span> <span class='ocrx_word' id='word_1_37' title='bbox 731 533 831 566; x_wconf 91' lang='lat' dir='ltr'><strong>non</strong></span> <span class='ocrx_word' id='word_1_38' title='bbox 862 532 967 566; x_wconf 92' lang='lat' dir='ltr'><strong>esse</strong></span> <span class='ocrx_word' id='word_1_39' title='bbox 1000 517 1303 565; x_wconf 87' lang='lat' dir='ltr'><strong>certandum.</strong></span> <span class='ocrx_word' id='word_1_40' title='bbox 1355 518 1438 577; x_wconf 74' lang='lat' dir='ltr'><strong>qui</strong></span> <span class='ocrx_word' id='word_1_41' title='bbox 1460 520 1503 565; x_wconf 87' lang='lat' dir='ltr'><strong>te</strong></span> <span class='ocrx_word' id='word_1_42' title='bbox 1525 532 1725 577; x_wconf 78' lang='lat' dir='ltr'><strong>cumque</strong></span> <span class='ocrx_word' id='word_1_43' title='bbox 1746 522 1948 566; x_wconf 82' lang='lat' dir='ltr'><strong>manent</strong></span> 
     </span>
     <span class='ocr_line' id='line_1_8' title="bbox 250 592 1945 647; baseline 0 -7"><span class='ocrx_word' id='word_1_44' title='bbox 250 593 340 640; x_wconf 83' lang='lat' dir='ltr'><strong>isto</strong></span> <span class='ocrx_word' id='word_1_45' title='bbox 379 593 637 640; x_wconf 76' lang='lat' dir='ltr'><strong>certamine</strong></span> <span class='ocrx_word' id='word_1_46' title='bbox 678 605 822 639; x_wconf 82' lang='lat' dir='ltr'><strong>casus</strong></span> <span class='ocrx_word' id='word_1_47' title='bbox 861 595 905 639; x_wconf 87' lang='lat' dir='ltr'><strong>et</strong></span> <span class='ocrx_word' id='word_1_48' title='bbox 942 605 1039 647; x_wconf 90' lang='lat' dir='ltr'><strong>me,</strong></span> <span class='ocrx_word' id='word_1_49' title='bbox 1088 592 1275 647; x_wconf 84' lang='lat' dir='ltr'><strong>Turne,</strong></span> <span class='ocrx_word' id='word_1_50' title='bbox 1321 595 1546 639; x_wconf 89' lang='lat' dir='ltr'><strong>manent:</strong></span> <span class='ocrx_word' id='word_1_51' title='bbox 1594 608 1655 640; x_wconf 91' lang='lat' dir='ltr'><strong>ne</strong></span> <span class='ocrx_word' id='word_1_52' title='bbox 1693 592 1945 640; x_wconf 81' lang='lat' dir='ltr'><strong>funestum</strong></span> 
     </span>
     <span class='ocr_line' id='line_1_9' title="bbox 253 664 1945 729; baseline 0 -15"><span class='ocrx_word' id='word_1_53' title='bbox 253 666 444 728; x_wconf 91' lang='lat' dir='ltr'><strong>aliquid</strong></span> <span class='ocrx_word' id='word_1_54' title='bbox 481 666 763 714; x_wconf 89' lang='lat' dir='ltr'><strong>nominaret</strong></span> <span class='ocrx_word' id='word_1_55' title='bbox 800 667 890 714; x_wconf 85' lang='lat' dir='ltr'><strong>aut</strong></span> <span class='ocrx_word' id='word_1_56' title='bbox 925 665 1091 726; x_wconf 85' lang='lat' dir='ltr'><strong>triste,</strong></span> <span class='ocrx_word' id='word_1_57' title='bbox 1141 664 1440 729; x_wconf 76' lang='lat' dir='ltr'><strong>generaliter</strong></span> <span class='ocrx_word' id='word_1_58' title='bbox 1478 665 1603 713; x_wconf 92' lang='lat' dir='ltr'><strong>dixit</strong></span> <span class='ocrx_word' id='word_1_59' title='bbox 1644 666 1945 728; x_wconf 83' lang='lat' dir='ltr'><strong>quicumque</strong></span> 
     </span>
     <span class='ocr_line' id='line_1_10' title="bbox 252 739 1948 802; baseline 0 -14"><span class='ocrx_word' id='word_1_60' title='bbox 252 755 415 801; x_wconf 84' lang='lat' dir='ltr'><strong>casus,</strong></span> <span class='ocrx_word' id='word_1_61' title='bbox 448 739 666 788; x_wconf 85' lang='lat' dir='ltr'><strong>subnexa</strong></span> <span class='ocrx_word' id='word_1_62' title='bbox 697 741 867 788; x_wconf 92' lang='lat' dir='ltr'><strong>tamen</strong></span> <span class='ocrx_word' id='word_1_63' title='bbox 899 739 1020 801; x_wconf 90' lang='lat' dir='ltr'><strong>quid</strong></span> <span class='ocrx_word' id='word_1_64' title='bbox 1047 742 1292 788; x_wconf 75' lang='lat' dir='ltr'><strong>metueret</strong></span> <span class='ocrx_word' id='word_1_65' title='bbox 1319 739 1660 802; x_wconf 88' lang='lat' dir='ltr'><strong>prodiderunt.</strong></span> <span class='ocrx_word' id='word_1_66' title='bbox 1711 741 1785 788; x_wconf 88' lang='lat' dir='ltr'><strong>ait</strong></span> <span class='ocrx_word' id='word_1_67' title='bbox 1814 741 1948 788; x_wconf 90' lang='lat' dir='ltr'><strong>enim</strong></span> 
     </span>
     <span class='ocr_line' id='line_1_11' title="bbox 251 813 1947 874; baseline 0 -12"><span class='ocrx_word' id='word_1_68' title='bbox 251 814 398 862; x_wconf 78' lang='lat' dir='ltr'><strong>simul</strong></span> <span class='ocrx_word' id='word_1_69' title='bbox 433 814 551 862; x_wconf 78' lang='lat' dir='ltr'><strong>haec</strong></span> <span class='ocrx_word' id='word_1_70' title='bbox 586 814 751 862; x_wconf 82' lang='lat' dir='ltr'><strong>invisa</strong></span> <span class='ocrx_word' id='word_1_71' title='bbox 794 814 1070 873; x_wconf 76' lang='lat' dir='ltr'><strong>relinquam</strong></span> <span class='ocrx_word' id='word_1_72' title='bbox 1115 813 1306 862; x_wconf 87' lang='lat' dir='ltr'><strong>lumina</strong></span> <span class='ocrx_word' id='word_1_73' title='bbox 1349 827 1437 861; x_wconf 89' lang='lat' dir='ltr'><strong>nec</strong></span> <span class='ocrx_word' id='word_1_74' title='bbox 1473 828 1705 874; x_wconf 74' lang='lat' dir='ltr'><strong>yenerwm</strong></span> <span class='ocrx_word' id='word_1_75' title='bbox 1741 813 1947 862; x_wconf 78' lang='lat' dir='ltr'><strong>Aenean</strong></span> 
     </span>
     <span class='ocr_line' id='line_1_12' title="bbox 254 887 1947 951; baseline 0 -15"><span class='ocrx_word' id='word_1_76' title='bbox 254 888 446 947; x_wconf 77' lang='lat' dir='ltr'><strong>captiva</strong></span> <span class='ocrx_word' id='word_1_77' title='bbox 482 888 676 936; x_wconf 80' lang='lat' dir='ltr'><strong>videbo:</strong></span> <span class='ocrx_word' id='word_1_78' title='bbox 713 903 822 936; x_wconf 91' lang='lat' dir='ltr'><strong>ecce</strong></span> <span class='ocrx_word' id='word_1_79' title='bbox 862 887 1018 935; x_wconf 88' lang='lat' dir='ltr'><strong>Turni</strong></span> <span class='ocrx_word' id='word_1_80' title='bbox 1054 887 1235 936; x_wconf 89' lang='lat' dir='ltr'><strong>metuit</strong></span> <span class='ocrx_word' id='word_1_81' title='bbox 1271 890 1505 950; x_wconf 85' lang='lat' dir='ltr'><strong>mortem3</strong></span> <span class='ocrx_word' id='word_1_82' title='bbox 1543 905 1660 936; x_wconf 88' lang='lat' dir='ltr'><strong>nam</strong></span> <span class='ocrx_word' id='word_1_83' title='bbox 1700 887 1947 951; x_wconf 91' lang='lat' dir='ltr'><strong>quomodo</strong></span> 
     </span>
     <span class='ocr_line' id='line_1_13' title="bbox 252 961 1950 1025; baseline 0.001 -16"><span class='ocrx_word' id='word_1_84' title='bbox 252 963 422 1024; x_wconf 87' lang='lat' dir='ltr'><strong>posset</strong></span> <span class='ocrx_word' id='word_1_85' title='bbox 450 962 655 1009; x_wconf 87' lang='lat' dir='ltr'><strong>Aenean</strong></span> <span class='ocrx_word' id='word_1_86' title='bbox 684 962 852 1010; x_wconf 89' lang='lat' dir='ltr'><strong>videre</strong></span> <span class='ocrx_word' id='word_1_87' title='bbox 884 978 1142 1025; x_wconf 89' lang='lat' dir='ltr'><strong>generum,</strong></span> <span class='ocrx_word' id='word_1_88' title='bbox 1173 961 1272 1011; x_wconf 90' lang='lat' dir='ltr'><strong>nisi</strong></span> <span class='ocrx_word' id='word_1_89' title='bbox 1295 962 1521 1010; x_wconf 87' lang='lat' dir='ltr'><strong>Turnum</strong></span> <span class='ocrx_word' id='word_1_90' title='bbox 1549 963 1711 1024; x_wconf 90' lang='lat' dir='ltr'><strong>primo</strong></span> <span class='ocrx_word' id='word_1_91' title='bbox 1742 962 1950 1012; x_wconf 87' lang='lat' dir='ltr'><strong>vidisset</strong></span> 
     </span>
     <span class='ocr_line' id='line_1_14' title="bbox 253 1035 1948 1097; baseline 0 -13"><span class='ocrx_word' id='word_1_92' title='bbox 253 1035 557 1084; x_wconf 77' lang='lat' dir='ltr'><strong>extinctum?</strong></span> <span class='ocrx_word' id='word_1_93' title='bbox 607 1037 788 1096; x_wconf 74' lang='lat' dir='ltr'><strong>accepit</strong></span> <span class='ocrx_word' id='word_1_94' title='bbox 815 1050 976 1084; x_wconf 77' lang='lat' dir='ltr'><strong>vocem</strong></span> <span class='ocrx_word' id='word_1_95' title='bbox 999 1036 1216 1084; x_wconf 76' lang='lat' dir='ltr'><strong>lacrimis</strong></span> <span class='ocrx_word' id='word_1_96' title='bbox 1238 1036 1461 1084; x_wconf 83' lang='lat' dir='ltr'><strong>Lavinia</strong></span> <span class='ocrx_word' id='word_1_97' title='bbox 1488 1037 1663 1084; x_wconf 85' lang='lat' dir='ltr'><strong>matris</strong></span> <span class='ocrx_word' id='word_1_98' title='bbox 1688 1037 1948 1097; x_wconf 73' lang='lat' dir='ltr'><strong>flayrantis</strong></span> 
     </span>
     <span class='ocr_line' id='line_1_15' title="bbox 245 1109 1947 1172; baseline 0.001 -15"><span class='ocrx_word' id='word_1_99' title='bbox 245 1112 456 1170; x_wconf 66' lang='lat' dir='ltr'><strong>perfusa</strong></span> <span class='ocrx_word' id='word_1_100' title='bbox 490 1124 667 1170; x_wconf 74' lang='lat' dir='ltr'><strong>yenas:</strong></span> <span class='ocrx_word' id='word_1_101' title='bbox 719 1109 953 1171; x_wconf 80' lang='lat' dir='ltr'><strong>Lavinia,</strong></span> <span class='ocrx_word' id='word_1_102' title='bbox 991 1110 1179 1172; x_wconf 90' lang='lat' dir='ltr'><strong>inquit,</strong></span> <span class='ocrx_word' id='word_1_103' title='bbox 1217 1125 1390 1159; x_wconf 88' lang='lat' dir='ltr'><strong>vocem</strong></span> <span class='ocrx_word' id='word_1_104' title='bbox 1426 1111 1602 1158; x_wconf 87' lang='lat' dir='ltr'><strong>matris</strong></span> <span class='ocrx_word' id='word_1_105' title='bbox 1641 1109 1947 1159; x_wconf 87' lang='lat' dir='ltr'><strong>lacrimantis</strong></span> 
     </span>
     <span class='ocr_line' id='line_1_16' title="bbox 253 1183 1950 1248; baseline 0 -16"><span class='ocrx_word' id='word_1_106' title='bbox 253 1184 444 1246; x_wconf 88' lang='lat' dir='ltr'><strong>accepit</strong></span> <span class='ocrx_word' id='word_1_107' title='bbox 482 1186 533 1232; x_wconf 92' lang='lat' dir='ltr'><strong>et</strong></span> <span class='ocrx_word' id='word_1_108' title='bbox 573 1184 833 1248; x_wconf 89' lang='lat' dir='ltr'><strong>virginalis</strong></span> <span class='ocrx_word' id='word_1_109' title='bbox 879 1183 1204 1233; x_wconf 88' lang='lat' dir='ltr'><strong>verecundiae</strong></span> <span class='ocrx_word' id='word_1_110' title='bbox 1252 1185 1397 1248; x_wconf 88' lang='lat' dir='ltr'><strong>signa</strong></span> <span class='ocrx_word' id='word_1_111' title='bbox 1444 1184 1603 1247; x_wconf 89' lang='lat' dir='ltr'><strong>ipsius</strong></span> <span class='ocrx_word' id='word_1_112' title='bbox 1652 1185 1822 1233; x_wconf 84' lang='lat' dir='ltr'><strong>vultus</strong></span> <span class='ocrx_word' id='word_1_113' title='bbox 1869 1183 1950 1233; x_wconf 90' lang='lat' dir='ltr'><strong>sui</strong></span> 
     </span>
     <span class='ocr_line' id='line_1_17' title="bbox 250 1258 1949 1321; baseline 0 -14"><span class='ocrx_word' id='word_1_114' title='bbox 250 1258 615 1321; x_wconf 87' lang='lat' dir='ltr'><strong>permutatione</strong></span> <span class='ocrx_word' id='word_1_115' title='bbox 663 1259 974 1307; x_wconf 90' lang='lat' dir='ltr'><strong>monstravit.</strong></span> <span class='ocrx_word' id='word_1_116' title='bbox 1051 1261 1262 1307; x_wconf 85' lang='lat' dir='ltr'><strong>noverat</strong></span> <span class='ocrx_word' id='word_1_117' title='bbox 1315 1259 1447 1306; x_wconf 91' lang='lat' dir='ltr'><strong>enim</strong></span> <span class='ocrx_word' id='word_1_118' title='bbox 1500 1273 1552 1307; x_wconf 88' lang='lat' dir='ltr'><strong>se</strong></span> <span class='ocrx_word' id='word_1_119' title='bbox 1600 1260 1806 1321; x_wconf 91' lang='lat' dir='ltr'><strong>propter</strong></span> <span class='ocrx_word' id='word_1_120' title='bbox 1856 1259 1949 1307; x_wconf 84' lang='lat' dir='ltr'><strong>illa</strong></span> 
     </span>
     <span class='ocr_line' id='line_1_18' title="bbox 254 1332 1948 1396; baseline 0 -16"><span class='ocrx_word' id='word_1_121' title='bbox 254 1333 422 1381; x_wconf 88' lang='lat' dir='ltr'><strong>omnia</strong></span> <span class='ocrx_word' id='word_1_122' title='bbox 459 1332 566 1396; x_wconf 89' lang='lat' dir='ltr'><strong>geri</strong></span> <span class='ocrx_word' id='word_1_123' title='bbox 603 1334 654 1380; x_wconf 92' lang='lat' dir='ltr'><strong>et</strong></span> <span class='ocrx_word' id='word_1_124' title='bbox 691 1333 954 1395; x_wconf 85' lang='lat' dir='ltr'><strong>sponsione</strong></span> <span class='ocrx_word' id='word_1_125' title='bbox 988 1333 1153 1381; x_wconf 94' lang='lat' dir='ltr'><strong>media</strong></span> <span class='ocrx_word' id='word_1_126' title='bbox 1190 1332 1365 1382; x_wconf 88' lang='lat' dir='ltr'><strong>mortis</strong></span> <span class='ocrx_word' id='word_1_127' title='bbox 1397 1332 1519 1384; x_wconf 87' lang='lat' dir='ltr'><strong>duos</strong></span> <span class='ocrx_word' id='word_1_128' title='bbox 1550 1333 1826 1395; x_wconf 90' lang='lat' dir='ltr'><strong>perniciosa</strong></span> <span class='ocrx_word' id='word_1_129' title='bbox 1865 1333 1948 1381; x_wconf 93' lang='lat' dir='ltr'><strong>ob-</strong></span> 
     </span>
     <span class='ocr_line' id='line_1_19' title="bbox 253 1407 1951 1468; baseline 0 -13"><span class='ocrx_word' id='word_1_130' title='bbox 253 1408 523 1455; x_wconf 85' lang='lat' dir='ltr'><strong>stinatione</strong></span> <span class='ocrx_word' id='word_1_131' title='bbox 568 1407 875 1455; x_wconf 83' lang='lat' dir='ltr'><strong>contendere.</strong></span> <span class='ocrx_word' id='word_1_132' title='bbox 952 1408 1030 1454; x_wconf 86' lang='lat' dir='ltr'><strong>cui</strong></span> <span class='ocrx_word' id='word_1_133' title='bbox 1070 1407 1314 1466; x_wconf 76' lang='lat' dir='ltr'><strong>plurimus</strong></span> <span class='ocrx_word' id='word_1_134' title='bbox 1358 1407 1520 1468; x_wconf 74' lang='lat' dir='ltr'><strong>iynem</strong></span> <span class='ocrx_word' id='word_1_135' title='bbox 1564 1407 1764 1455; x_wconf 85' lang='lat' dir='ltr'><strong>subiecit</strong></span> <span class='ocrx_word' id='word_1_136' title='bbox 1800 1408 1951 1455; x_wconf 86' lang='lat' dir='ltr'><strong>rubor</strong></span> 
     </span>
     <span class='ocr_line' id='line_1_20' title="bbox 255 1481 1948 1543; baseline 0 -15"><span class='ocrx_word' id='word_1_137' title='bbox 255 1484 297 1528; x_wconf 87' lang='lat' dir='ltr'><strong>et</strong></span> <span class='ocrx_word' id='word_1_138' title='bbox 342 1481 578 1540; x_wconf 79' lang='lat' dir='ltr'><strong>calefacta</strong></span> <span class='ocrx_word' id='word_1_139' title='bbox 620 1495 709 1541; x_wconf 77' lang='lat' dir='ltr'><strong>per</strong></span> <span class='ocrx_word' id='word_1_140' title='bbox 754 1496 844 1528; x_wconf 91' lang='lat' dir='ltr'><strong>ora</strong></span> <span class='ocrx_word' id='word_1_141' title='bbox 889 1482 1124 1528; x_wconf 85' lang='lat' dir='ltr'><strong>cucurrit:</strong></span> <span class='ocrx_word' id='word_1_142' title='bbox 1183 1481 1318 1529; x_wconf 90' lang='lat' dir='ltr'><strong>calor</strong></span> <span class='ocrx_word' id='word_1_143' title='bbox 1364 1482 1496 1528; x_wconf 91' lang='lat' dir='ltr'><strong>enim</strong></span> <span class='ocrx_word' id='word_1_144' title='bbox 1544 1481 1789 1543; x_wconf 86' lang='lat' dir='ltr'><strong>plurimus</strong></span> <span class='ocrx_word' id='word_1_145' title='bbox 1836 1496 1948 1529; x_wconf 90' lang='lat' dir='ltr'><strong>con·</strong></span> 
     </span>
     <span class='ocr_line' id='line_1_21' title="bbox 255 1554 1949 1618; baseline 0 -16"><span class='ocrx_word' id='word_1_146' title='bbox 255 1554 380 1602; x_wconf 92' lang='lat' dir='ltr'><strong>citat</strong></span> <span class='ocrx_word' id='word_1_147' title='bbox 414 1555 644 1602; x_wconf 87' lang='lat' dir='ltr'><strong>ruborem</strong></span> <span class='ocrx_word' id='word_1_148' title='bbox 681 1555 735 1602; x_wconf 91' lang='lat' dir='ltr'><strong>in</strong></span> <span class='ocrx_word' id='word_1_149' title='bbox 773 1555 919 1604; x_wconf 84' lang='lat' dir='ltr'><strong>vultu</strong></span> <span class='ocrx_word' id='word_1_150' title='bbox 951 1557 1002 1602; x_wconf 89' lang='lat' dir='ltr'><strong>et</strong></span> <span class='ocrx_word' id='word_1_151' title='bbox 1038 1555 1197 1618; x_wconf 88' lang='lat' dir='ltr'><strong>frigus</strong></span> <span class='ocrx_word' id='word_1_152' title='bbox 1237 1554 1360 1603; x_wconf 87' lang='lat' dir='ltr'><strong>facit</strong></span> <span class='ocrx_word' id='word_1_153' title='bbox 1398 1571 1423 1602; x_wconf 96' lang='lat' dir='ltr'><strong>e</strong></span> <span class='ocrx_word' id='word_1_154' title='bbox 1461 1554 1653 1603; x_wconf 86' lang='lat' dir='ltr'><strong>diverso</strong></span> <span class='ocrx_word' id='word_1_155' title='bbox 1692 1555 1949 1617; x_wconf 90' lang='lat' dir='ltr'><strong>pallorem.</strong></span> 
     </span>
     <span class='ocr_line' id='line_1_22' title="bbox 254 1629 1950 1690; baseline 0 -14"><span class='ocrx_word' id='word_1_156' title='bbox 254 1629 442 1676; x_wconf 78' lang='lat' dir='ltr'><strong>Indum</strong></span> <span class='ocrx_word' id='word_1_157' title='bbox 489 1629 756 1690; x_wconf 70' lang='lat' dir='ltr'><strong>sanquineo</strong></span> <span class='ocrx_word' id='word_1_158' title='bbox 799 1629 947 1676; x_wconf 78' lang='lat' dir='ltr'><strong>veluti</strong></span> <span class='ocrx_word' id='word_1_159' title='bbox 994 1629 1248 1676; x_wconf 78' lang='lat' dir='ltr'><strong>violaverit</strong></span> <span class='ocrx_word' id='word_1_160' title='bbox 1295 1631 1421 1676; x_wconf 84' lang='lat' dir='ltr'><strong>ostro</strong></span> <span class='ocrx_word' id='word_1_161' title='bbox 1466 1629 1512 1676; x_wconf 81' lang='lat' dir='ltr'><strong>si</strong></span> <span class='ocrx_word' id='word_1_162' title='bbox 1557 1629 1665 1688; x_wconf 78' lang='lat' dir='ltr'><strong>quis</strong></span> <span class='ocrx_word' id='word_1_163' title='bbox 1707 1629 1826 1677; x_wconf 88' lang='lat' dir='ltr'><strong>ebur</strong></span> <span class='ocrx_word' id='word_1_164' title='bbox 1863 1633 1950 1676; x_wconf 86' lang='lat' dir='ltr'><strong>aut</strong></span> 
     </span>
     <span class='ocr_line' id='line_1_23' title="bbox 253 1702 1952 1763; baseline 0 -13"><span class='ocrx_word' id='word_1_165' title='bbox 253 1703 407 1750; x_wconf 79' lang='lat' dir='ltr'><strong>mixta</strong></span> <span class='ocrx_word' id='word_1_166' title='bbox 443 1704 618 1751; x_wconf 89' lang='lat' dir='ltr'><strong>rubent</strong></span> <span class='ocrx_word' id='word_1_167' title='bbox 653 1703 739 1751; x_wconf 87' lang='lat' dir='ltr'><strong>ubi</strong></span> <span class='ocrx_word' id='word_1_168' title='bbox 777 1703 885 1751; x_wconf 78' lang='lat' dir='ltr'><strong>lilia</strong></span> <span class='ocrx_word' id='word_1_169' title='bbox 920 1703 1075 1750; x_wconf 83' lang='lat' dir='ltr'><strong>multa</strong></span> <span class='ocrx_word' id='word_1_170' title='bbox 1118 1704 1233 1750; x_wconf 81' lang='lat' dir='ltr'><strong>alba</strong></span> <span class='ocrx_word' id='word_1_171' title='bbox 1277 1716 1414 1758; x_wconf 83' lang='lat' dir='ltr'><strong>rosa,</strong></span> <span class='ocrx_word' id='word_1_172' title='bbox 1466 1702 1581 1750; x_wconf 80' lang='lat' dir='ltr'><strong>talis</strong></span> <span class='ocrx_word' id='word_1_173' title='bbox 1625 1703 1761 1763; x_wconf 75' lang='lat' dir='ltr'><strong>viryo</strong></span> <span class='ocrx_word' id='word_1_174' title='bbox 1801 1703 1952 1751; x_wconf 86' lang='lat' dir='ltr'><strong>dabat</strong></span> 
     </span>
     <span class='ocr_line' id='line_1_24' title="bbox 256 1775 1948 1838; baseline 0.001 -14"><span class='ocrx_word' id='word_1_175' title='bbox 256 1791 336 1824; x_wconf 91' lang='lat' dir='ltr'><strong>ore</strong></span> <span class='ocrx_word' id='word_1_176' title='bbox 375 1777 575 1825; x_wconf 80' lang='lat' dir='ltr'><strong>colores:</strong></span> <span class='ocrx_word' id='word_1_177' title='bbox 623 1793 713 1838; x_wconf 92' lang='lat' dir='ltr'><strong>per</strong></span> <span class='ocrx_word' id='word_1_178' title='bbox 762 1776 1106 1824; x_wconf 82' lang='lat' dir='ltr'><strong>admirabilem</strong></span> <span class='ocrx_word' id='word_1_179' title='bbox 1151 1776 1444 1838; x_wconf 88' lang='lat' dir='ltr'><strong>parabolam</strong></span> <span class='ocrx_word' id='word_1_180' title='bbox 1489 1775 1728 1825; x_wconf 89' lang='lat' dir='ltr'><strong>Laviniae</strong></span> <span class='ocrx_word' id='word_1_181' title='bbox 1778 1777 1948 1826; x_wconf 85' lang='lat' dir='ltr'><strong>vultus</strong></span> 
     </span>
     <span class='ocr_line' id='line_1_25' title="bbox 257 1849 1950 1912; baseline 0.001 -14"><span class='ocrx_word' id='word_1_182' title='bbox 257 1851 548 1898; x_wconf 87' lang='lat' dir='ltr'><strong>ostenditur.</strong></span> <span class='ocrx_word' id='word_1_183' title='bbox 624 1851 742 1899; x_wconf 91' lang='lat' dir='ltr'><strong>talis</strong></span> <span class='ocrx_word' id='word_1_184' title='bbox 790 1852 923 1898; x_wconf 92' lang='lat' dir='ltr'><strong>enim</strong></span> <span class='ocrx_word' id='word_1_185' title='bbox 960 1851 1058 1898; x_wconf 84' lang='lat' dir='ltr'><strong>fuit</strong></span> <span class='ocrx_word' id='word_1_186' title='bbox 1103 1851 1249 1912; x_wconf 88' lang='lat' dir='ltr'><strong>quale</strong></span> <span class='ocrx_word' id='word_1_187' title='bbox 1299 1852 1374 1898; x_wconf 91' lang='lat' dir='ltr'><strong>est</strong></span> <span class='ocrx_word' id='word_1_188' title='bbox 1423 1849 1545 1898; x_wconf 86' lang='lat' dir='ltr'><strong>ebur</strong></span> <span class='ocrx_word' id='word_1_189' title='bbox 1591 1850 1725 1912; x_wconf 93' lang='lat' dir='ltr'><strong>quod</strong></span> <span class='ocrx_word' id='word_1_190' title='bbox 1769 1854 1950 1899; x_wconf 81' lang='lat' dir='ltr'><strong>natura</strong></span> 
     </span>
     <span class='ocr_line' id='line_1_26' title="bbox 257 1923 1951 1988; baseline 0.001 -17"><span class='ocrx_word' id='word_1_191' title='bbox 257 1924 522 1972; x_wconf 90' lang='lat' dir='ltr'><strong>candidum</strong></span> <span class='ocrx_word' id='word_1_192' title='bbox 561 1927 695 1973; x_wconf 88' lang='lat' dir='ltr'><strong>ostro</strong></span> <span class='ocrx_word' id='word_1_193' title='bbox 728 1926 1011 1974; x_wconf 88' lang='lat' dir='ltr'><strong>contactum</strong></span> <span class='ocrx_word' id='word_1_194' title='bbox 1042 1927 1188 1988; x_wconf 89' lang='lat' dir='ltr'><strong>grata</strong></span> <span class='ocrx_word' id='word_1_195' title='bbox 1219 1925 1461 1973; x_wconf 89' lang='lat' dir='ltr'><strong>varietate</strong></span> <span class='ocrx_word' id='word_1_196' title='bbox 1494 1923 1822 1988; x_wconf 85' lang='lat' dir='ltr'><strong>distinguitur</strong></span> <span class='ocrx_word' id='word_1_197' title='bbox 1860 1929 1951 1973; x_wconf 86' lang='lat' dir='ltr'><strong>aut</strong></span> 
     </span>
     <span class='ocr_line' id='line_1_27' title="bbox 257 1998 1951 2047; baseline 0 -1"><span class='ocrx_word' id='word_1_198' title='bbox 257 2014 370 2046; x_wconf 91' lang='lat' dir='ltr'><strong>cum</strong></span> <span class='ocrx_word' id='word_1_199' title='bbox 394 1998 509 2047; x_wconf 92' lang='lat' dir='ltr'><strong>alba</strong></span> <span class='ocrx_word' id='word_1_200' title='bbox 531 1999 640 2047; x_wconf 91' lang='lat' dir='ltr'><strong>lilia</strong></span> <span class='ocrx_word' id='word_1_201' title='bbox 669 2015 898 2047; x_wconf 90' lang='lat' dir='ltr'><strong>rosarum</strong></span> <span class='ocrx_word' id='word_1_202' title='bbox 927 1998 1098 2046; x_wconf 91' lang='lat' dir='ltr'><strong>rubori</strong></span> <span class='ocrx_word' id='word_1_203' title='bbox 1119 2000 1402 2047; x_wconf 87' lang='lat' dir='ltr'><strong>miscentur.</strong></span> <span class='ocrx_word' id='word_1_204' title='bbox 1455 1999 1596 2046; x_wconf 81' lang='lat' dir='ltr'><strong>illum</strong></span> <span class='ocrx_word' id='word_1_205' title='bbox 1619 2000 1782 2046; x_wconf 86' lang='lat' dir='ltr'><strong>turbat</strong></span> <span class='ocrx_word' id='word_1_206' title='bbox 1812 2013 1951 2046; x_wconf 86' lang='lat' dir='ltr'><strong>amor</strong></span> 
     </span>
     <span class='ocr_line' id='line_1_28' title="bbox 256 2073 1950 2134; baseline 0.001 -16"><span class='ocrx_word' id='word_1_207' title='bbox 256 2073 450 2132; x_wconf 73' lang='lat' dir='ltr'><strong>fiyitque</strong></span> <span class='ocrx_word' id='word_1_208' title='bbox 486 2074 542 2119; x_wconf 88' lang='lat' dir='ltr'><strong>in</strong></span> <span class='ocrx_word' id='word_1_209' title='bbox 578 2074 765 2134; x_wconf 72' lang='lat' dir='ltr'><strong>viryine</strong></span> <span class='ocrx_word' id='word_1_210' title='bbox 801 2074 985 2129; x_wconf 78' lang='lat' dir='ltr'><strong>vultus,</strong></span> <span class='ocrx_word' id='word_1_211' title='bbox 1038 2073 1175 2120; x_wconf 84' lang='lat' dir='ltr'><strong>ardet</strong></span> <span class='ocrx_word' id='word_1_212' title='bbox 1219 2074 1273 2120; x_wconf 88' lang='lat' dir='ltr'><strong>in</strong></span> <span class='ocrx_word' id='word_1_213' title='bbox 1312 2087 1454 2121; x_wconf 87' lang='lat' dir='ltr'><strong>arma</strong></span> <span class='ocrx_word' id='word_1_214' title='bbox 1490 2073 1649 2133; x_wconf 72' lang='lat' dir='ltr'><strong>mayis</strong></span> <span class='ocrx_word' id='word_1_215' title='bbox 1678 2073 1950 2132; x_wconf 76' lang='lat' dir='ltr'><strong>paucisque</strong></span> 
     </span>
     <span class='ocr_line' id='line_1_29' title="bbox 258 2145 1949 2210; baseline 0 -16"><span class='ocrx_word' id='word_1_216' title='bbox 258 2146 462 2204; x_wconf 80' lang='lat' dir='ltr'><strong>adfatur</strong></span> <span class='ocrx_word' id='word_1_217' title='bbox 491 2145 749 2195; x_wconf 86' lang='lat' dir='ltr'><strong>Amatam:</strong></span> <span class='ocrx_word' id='word_1_218' title='bbox 789 2147 871 2195; x_wconf 87' lang='lat' dir='ltr'><strong>cui</strong></span> <span class='ocrx_word' id='word_1_219' title='bbox 902 2147 1207 2195; x_wconf 88' lang='lat' dir='ltr'><strong>suadebatur</strong></span> <span class='ocrx_word' id='word_1_220' title='bbox 1237 2163 1297 2194; x_wconf 90' lang='lat' dir='ltr'><strong>ne</strong></span> <span class='ocrx_word' id='word_1_221' title='bbox 1322 2163 1372 2195; x_wconf 86' lang='lat' dir='ltr'><strong>se</strong></span> <span class='ocrx_word' id='word_1_222' title='bbox 1399 2147 1730 2194; x_wconf 88' lang='lat' dir='ltr'><strong>committeret</strong></span> <span class='ocrx_word' id='word_1_223' title='bbox 1753 2162 1949 2210; x_wconf 89' lang='lat' dir='ltr'><strong>pugnae</strong></span> 
     </span>
     <span class='ocr_line' id='line_1_30' title="bbox 258 2219 1947 2284; baseline 0 -17"><span class='ocrx_word' id='word_1_224' title='bbox 258 2219 469 2268; x_wconf 89' lang='lat' dir='ltr'><strong>videndo</strong></span> <span class='ocrx_word' id='word_1_225' title='bbox 509 2223 771 2268; x_wconf 87' lang='lat' dir='ltr'><strong>materiam</strong></span> <span class='ocrx_word' id='word_1_226' title='bbox 810 2221 1113 2269; x_wconf 86' lang='lat' dir='ltr'><strong>calamitatis</strong></span> <span class='ocrx_word' id='word_1_227' title='bbox 1154 2237 1270 2269; x_wconf 90' lang='lat' dir='ltr'><strong>suae</strong></span> <span class='ocrx_word' id='word_1_228' title='bbox 1316 2220 1476 2284; x_wconf 91' lang='lat' dir='ltr'><strong>magis</strong></span> <span class='ocrx_word' id='word_1_229' title='bbox 1514 2220 1773 2283; x_wconf 89' lang='lat' dir='ltr'><strong>magisque</strong></span> <span class='ocrx_word' id='word_1_230' title='bbox 1810 2220 1947 2268; x_wconf 90' lang='lat' dir='ltr'><strong>flam-</strong></span> 
     </span>
     <span class='ocr_line' id='line_1_31' title="bbox 257 2293 1947 2358; baseline 0 -17"><span class='ocrx_word' id='word_1_231' title='bbox 257 2295 423 2342; x_wconf 84' lang='lat' dir='ltr'><strong>matus</strong></span> <span class='ocrx_word' id='word_1_232' title='bbox 455 2296 543 2341; x_wconf 89' lang='lat' dir='ltr'><strong>est.</strong></span> <span class='ocrx_word' id='word_1_233' title='bbox 605 2294 895 2358; x_wconf 89' lang='lat' dir='ltr'><strong>agitabatur</strong></span> <span class='ocrx_word' id='word_1_234' title='bbox 924 2297 1055 2343; x_wconf 89' lang='lat' dir='ltr'><strong>enim</strong></span> <span class='ocrx_word' id='word_1_235' title='bbox 1088 2311 1252 2342; x_wconf 89' lang='lat' dir='ltr'><strong>amore</strong></span> <span class='ocrx_word' id='word_1_236' title='bbox 1284 2294 1492 2358; x_wconf 83' lang='lat' dir='ltr'><strong>virginis</strong></span> <span class='ocrx_word' id='word_1_237' title='bbox 1525 2297 1574 2342; x_wconf 88' lang='lat' dir='ltr'><strong>et</strong></span> <span class='ocrx_word' id='word_1_238' title='bbox 1609 2295 1809 2356; x_wconf 88' lang='lat' dir='ltr'><strong>aspectu</strong></span> <span class='ocrx_word' id='word_1_239' title='bbox 1841 2293 1947 2341; x_wconf 93' lang='lat' dir='ltr'><strong>diu-</strong></span> 
     </span>
     <span class='ocr_line' id='line_1_32' title="bbox 258 2367 1949 2431; baseline 0 -16"><span class='ocrx_word' id='word_1_240' title='bbox 258 2370 404 2416; x_wconf 85' lang='lat' dir='ltr'><strong>turno</strong></span> <span class='ocrx_word' id='word_1_241' title='bbox 450 2383 538 2415; x_wconf 91' lang='lat' dir='ltr'><strong>nec</strong></span> <span class='ocrx_word' id='word_1_242' title='bbox 586 2367 686 2416; x_wconf 89' lang='lat' dir='ltr'><strong>iam</strong></span> <span class='ocrx_word' id='word_1_243' title='bbox 733 2369 894 2417; x_wconf 84' lang='lat' dir='ltr'><strong>verbis</strong></span> <span class='ocrx_word' id='word_1_244' title='bbox 943 2387 972 2418; x_wconf 86' lang='lat' dir='ltr'><strong>a</strong></span> <span class='ocrx_word' id='word_1_245' title='bbox 1011 2369 1277 2417; x_wconf 86' lang='lat' dir='ltr'><strong>certamine</strong></span> <span class='ocrx_word' id='word_1_246' title='bbox 1324 2369 1523 2431; x_wconf 90' lang='lat' dir='ltr'><strong>poterat</strong></span> <span class='ocrx_word' id='word_1_247' title='bbox 1571 2367 1812 2427; x_wconf 85' lang='lat' dir='ltr'><strong>revocari,</strong></span> <span class='ocrx_word' id='word_1_248' title='bbox 1863 2367 1949 2415; x_wconf 93' lang='lat' dir='ltr'><strong>sed</strong></span> 
     </span>
     <span class='ocr_line' id='line_1_33' title="bbox 258 2441 1948 2506; baseline 0 -17"><span class='ocrx_word' id='word_1_249' title='bbox 258 2443 419 2505; x_wconf 88' lang='lat' dir='ltr'><strong>magis</strong></span> <span class='ocrx_word' id='word_1_250' title='bbox 484 2442 817 2504; x_wconf 90' lang='lat' dir='ltr'><strong>inpellebatur</strong></span> <span class='ocrx_word' id='word_1_251' title='bbox 883 2444 935 2490; x_wconf 90' lang='lat' dir='ltr'><strong>in</strong></span> <span class='ocrx_word' id='word_1_252' title='bbox 1003 2459 1245 2506; x_wconf 91' lang='lat' dir='ltr'><strong>pugnam,</strong></span> <span class='ocrx_word' id='word_1_253' title='bbox 1311 2444 1483 2504; x_wconf 88' lang='lat' dir='ltr'><strong>utpote</strong></span> <span class='ocrx_word' id='word_1_254' title='bbox 1553 2441 1641 2504; x_wconf 92' lang='lat' dir='ltr'><strong>qui</strong></span> <span class='ocrx_word' id='word_1_255' title='bbox 1708 2441 1948 2490; x_wconf 87' lang='lat' dir='ltr'><strong>obstrusis</strong></span> 
     </span>
     <span class='ocr_line' id='line_1_34' title="bbox 261 2514 1948 2579; baseline 0 -16"><span class='ocrx_word' id='word_1_256' title='bbox 261 2515 462 2564; x_wconf 89' lang='lat' dir='ltr'><strong>auribus</strong></span> <span class='ocrx_word' id='word_1_257' title='bbox 499 2515 706 2578; x_wconf 88' lang='lat' dir='ltr'><strong>virginis</strong></span> <span class='ocrx_word' id='word_1_258' title='bbox 748 2554 904 2564; x_wconf 88' lang='grc'><strong>.....</strong></span> <span class='ocrx_word' id='word_1_259' title='bbox 951 2516 1004 2563; x_wconf 90' lang='lat' dir='ltr'><strong>in</strong></span> <span class='ocrx_word' id='word_1_260' title='bbox 1055 2517 1356 2565; x_wconf 90' lang='lat' dir='ltr'><strong>contrariam</strong></span> <span class='ocrx_word' id='word_1_261' title='bbox 1404 2518 1601 2579; x_wconf 89' lang='lat' dir='ltr'><strong>partem</strong></span> <span class='ocrx_word' id='word_1_262' title='bbox 1644 2514 1948 2563; x_wconf 86' lang='lat' dir='ltr'><strong>trahebatur.</strong></span> 
     </span>
    </p>
   </div>
   <div class='ocr_carea' id='block_1_5' title="bbox 261 2670 1950 3022">
    <p class='ocr_par' dir='ltr' id='par_1_5' title="bbox 261 2670 1950 3022">
     <span class='ocr_line' id='line_1_35' title="bbox 380 2670 1950 2728; baseline 0 -14"><span class='ocrx_word' id='word_1_263' title='bbox 380 2675 403 2714; x_wconf 80' lang='lat'><strong>7</strong></span> <span class='ocrx_word' id='word_1_264' title='bbox 437 2673 639 2715; x_wconf 81' lang='lat' dir='ltr'><strong>subnexa</strong></span> <span class='ocrx_word' id='word_1_265' title='bbox 662 2671 703 2714; x_wconf 90' lang='lat' dir='ltr'><strong>V</strong></span> <span class='ocrx_word' id='word_1_266' title='bbox 734 2672 978 2716; x_wconf 76' lang='lat' dir='ltr'><strong>subnexuit</strong></span> <span class='ocrx_word' id='word_1_267' title='bbox 1009 2672 1079 2716; x_wconf 88' lang='lat' dir='ltr'><strong>ed.</strong></span> <span class='ocrx_word' id='word_1_268' title='bbox 1124 2673 1127 2726; x_wconf 76' lang='grc' dir='ltr'>Ι</span> <span class='ocrx_word' id='word_1_269' title='bbox 1168 2672 1473 2728; x_wconf 76' lang='lat' dir='ltr'><strong>prodiderunt</strong></span> <span class='ocrx_word' id='word_1_270' title='bbox 1504 2685 1591 2715; x_wconf 91' lang='lat' dir='ltr'><strong>om.</strong></span> <span class='ocrx_word' id='word_1_271' title='bbox 1618 2670 1689 2714; x_wconf 87' lang='lat' dir='ltr'><strong>ed.</strong></span> <span class='ocrx_word' id='word_1_272' title='bbox 1783 2674 1809 2713; x_wconf 89' lang='lat'>8</span> <span class='ocrx_word' id='word_1_273' title='bbox 1841 2672 1950 2714; x_wconf 83' lang='lat' dir='ltr'><strong>haec</strong></span> 
     </span>
     <span class='ocr_line' id='line_1_36' title="bbox 262 2729 1948 2786; baseline 0.001 -14"><span class='ocrx_word' id='word_1_274' title='bbox 262 2744 349 2773; x_wconf 88' lang='lat' dir='ltr'><strong>om.</strong></span> <span class='ocrx_word' id='word_1_275' title='bbox 375 2730 445 2773; x_wconf 90' lang='lat' dir='ltr'><strong>ed.</strong></span> <span class='ocrx_word' id='word_1_276' title='bbox 555 2736 610 2773; x_wconf 86' lang='lat'><strong>14</strong></span> <span class='ocrx_word' id='word_1_277' title='bbox 634 2736 821 2786; x_wconf 78' lang='lat' dir='ltr'><strong>propter</strong></span> <span class='ocrx_word' id='word_1_278' title='bbox 849 2744 894 2774; x_wconf 83' lang='lat' dir='ltr'><strong>se</strong></span> <span class='ocrx_word' id='word_1_279' title='bbox 925 2731 996 2773; x_wconf 90' lang='lat' dir='ltr'><strong>ed.</strong></span> <span class='ocrx_word' id='word_1_280' title='bbox 1113 2735 1166 2774; x_wconf 87' lang='lat'><strong>19</strong></span> <span class='ocrx_word' id='word_1_281' title='bbox 1201 2732 1340 2775; x_wconf 87' lang='lat' dir='ltr'><strong>ebura</strong></span> <span class='ocrx_word' id='word_1_282' title='bbox 1369 2736 1422 2774; x_wconf 86' lang='lat' dir='ltr'><strong>ut</strong></span> <span class='ocrx_word' id='word_1_283' title='bbox 1451 2732 1598 2775; x_wconf 75' lang='lat' dir='ltr'><strong>nzixta</strong></span> <span class='ocrx_word' id='word_1_284' title='bbox 1619 2729 1662 2772; x_wconf 93' lang='lat' dir='ltr'><strong>V</strong></span> <span class='ocrx_word' id='word_1_285' title='bbox 1693 2730 1801 2773; x_wconf 79' lang='lat' dir='ltr'><strong>ebwr</strong></span> <span class='ocrx_word' id='word_1_286' title='bbox 1831 2731 1948 2773; x_wconf 79' lang='lat' dir='ltr'><strong>mix-</strong></span> 
     </span>
     <span class='ocr_line' id='line_1_37' title="bbox 261 2788 1944 2846; baseline -0.001 -14"><span class='ocrx_word' id='word_1_287' title='bbox 261 2795 360 2832; x_wconf 87' lang='lat' dir='ltr'><strong>tave</strong></span> <span class='ocrx_word' id='word_1_288' title='bbox 400 2789 470 2832; x_wconf 89' lang='lat' dir='ltr'><strong>ed.</strong></span> <span class='ocrx_word' id='word_1_289' title='bbox 594 2795 648 2833; x_wconf 90' lang='grc'><strong>22</strong></span> <span class='ocrx_word' id='word_1_290' title='bbox 688 2790 838 2845; x_wconf 80' lang='lat' dir='ltr'><strong>qualis</strong></span> <span class='ocrx_word' id='word_1_291' title='bbox 867 2789 909 2833; x_wconf 91' lang='lat' dir='ltr'><strong>V</strong></span> <span class='ocrx_word' id='word_1_292' title='bbox 941 2789 1011 2833; x_wconf 91' lang='lat' dir='ltr'><strong>ed.</strong></span> <span class='ocrx_word' id='word_1_293' title='bbox 1049 2791 1180 2844; x_wconf 78' lang='lat' dir='ltr'><strong>quale</strong></span> <span class='ocrx_word' id='word_1_294' title='bbox 1212 2790 1388 2833; x_wconf 91' lang='lat' dir='ltr'><strong>correxi</strong></span> <span class='ocrx_word' id='word_1_295' title='bbox 1420 2804 1480 2832; x_wconf 88' lang='lat' dir='ltr'><strong>an</strong></span> <span class='ocrx_word' id='word_1_296' title='bbox 1510 2789 1670 2833; x_wconf 79' lang='lat' dir='ltr'><strong>coloris</strong></span> <span class='ocrx_word' id='word_1_297' title='bbox 1701 2788 1903 2831; x_wconf 82' lang='lat' dir='ltr'><strong>excidit?</strong></span> <span class='ocrx_word' id='word_1_298' title='bbox 1940 2788 1944 2846; x_wconf 84' lang='grc' dir='ltr'>Ι</span> 
     </span>
     <span class='ocr_line' id='line_1_38' title="bbox 261 2847 1948 2892; baseline -0.001 -1"><span class='ocrx_word' id='word_1_299' title='bbox 261 2853 456 2892; x_wconf 86' lang='lat' dir='ltr'><strong>naturae</strong></span> <span class='ocrx_word' id='word_1_300' title='bbox 468 2847 509 2891; x_wconf 94' lang='lat' dir='ltr'><strong>V</strong></span> <span class='ocrx_word' id='word_1_301' title='bbox 523 2862 635 2891; x_wconf 90' lang='lat' dir='ltr'><strong>corr.</strong></span> <span class='ocrx_word' id='word_1_302' title='bbox 655 2848 725 2892; x_wconf 86' lang='lat' dir='ltr'><strong>ed.</strong></span> <span class='ocrx_word' id='word_1_303' title='bbox 789 2852 845 2891; x_wconf 84' lang='lat'><strong>23</strong></span> <span class='ocrx_word' id='word_1_304' title='bbox 865 2854 1145 2892; x_wconf 87' lang='lat' dir='ltr'><strong>contractum</strong></span> <span class='ocrx_word' id='word_1_305' title='bbox 1161 2848 1198 2891; x_wconf 93' lang='lat' dir='ltr'><strong>V</strong></span> <span class='ocrx_word' id='word_1_306' title='bbox 1214 2853 1468 2892; x_wconf 83' lang='lat' dir='ltr'><strong>contactum</strong></span> <span class='ocrx_word' id='word_1_307' title='bbox 1483 2861 1566 2891; x_wconf 87' lang='lat' dir='ltr'><strong>nos</strong></span> <span class='ocrx_word' id='word_1_308' title='bbox 1583 2853 1860 2891; x_wconf 85' lang='lat' dir='ltr'><strong>constratum</strong></span> <span class='ocrx_word' id='word_1_309' title='bbox 1876 2847 1948 2890; x_wconf 88' lang='lat' dir='ltr'><strong>ed.</strong></span> 
     </span>
     <span class='ocr_line' id='line_1_39' title="bbox 263 2905 1950 2964; baseline 0 -15"><span class='ocrx_word' id='word_1_310' title='bbox 263 2911 317 2949; x_wconf 80' lang='lat'><strong>27</strong></span> <span class='ocrx_word' id='word_1_311' title='bbox 357 2908 667 2962; x_wconf 76' lang='lat' dir='ltr'><strong>inflammatus</strong></span> <span class='ocrx_word' id='word_1_312' title='bbox 706 2907 777 2951; x_wconf 90' lang='lat' dir='ltr'><strong>ed.</strong></span> <span class='ocrx_word' id='word_1_313' title='bbox 898 2912 951 2950; x_wconf 89' lang='lat'><strong>31</strong></span> <span class='ocrx_word' id='word_1_314' title='bbox 991 2910 1099 2962; x_wconf 84' lang='lat' dir='ltr'><strong>post</strong></span> <span class='ocrx_word' id='word_1_315' title='bbox 1132 2909 1326 2964; x_wconf 76' lang='lat' dir='ltr'><strong>viryinis</strong></span> <span class='ocrx_word' id='word_1_316' title='bbox 1355 2906 1571 2950; x_wconf 88' lang='lat' dir='ltr'><strong>lacunam</strong></span> <span class='ocrx_word' id='word_1_317' title='bbox 1603 2905 1805 2962; x_wconf 82' lang='lat' dir='ltr'><strong>signavi,</strong></span> <span class='ocrx_word' id='word_1_318' title='bbox 1838 2906 1950 2961; x_wconf 83' lang='lat' dir='ltr'><strong>quia</strong></span> 
     </span>
     <span class='ocr_line' id='line_1_40' title="bbox 265 2964 1866 3022; baseline 0.001 -15"><span class='ocrx_word' id='word_1_319' title='bbox 265 2978 368 3008; x_wconf 90' lang='lat' dir='ltr'><strong>cum</strong></span> <span class='ocrx_word' id='word_1_320' title='bbox 400 2965 700 3021; x_wconf 89' lang='lat' dir='ltr'><strong>sequentibus</strong></span> <span class='ocrx_word' id='word_1_321' title='bbox 731 2967 808 3010; x_wconf 86' lang='lat' dir='ltr'><strong>vix</strong></span> <span class='ocrx_word' id='word_1_322' title='bbox 838 2966 1059 3022; x_wconf 88' lang='lat' dir='ltr'><strong>coniungi</strong></span> <span class='ocrx_word' id='word_1_323' title='bbox 1090 2968 1266 3022; x_wconf 84' lang='lat' dir='ltr'><strong>potest,</strong></span> <span class='ocrx_word' id='word_1_324' title='bbox 1299 2979 1449 3011; x_wconf 86' lang='lat' dir='ltr'><strong>amore</strong></span> <span class='ocrx_word' id='word_1_325' title='bbox 1480 2964 1706 3009; x_wconf 79' lang='lat' dir='ltr'><strong>excidisse</strong></span> <span class='ocrx_word' id='word_1_326' title='bbox 1737 2967 1866 3020; x_wconf 88' lang='lat' dir='ltr'><strong>puto.</strong></span> 
     </span>
    </p>
   </div>
   <div class='ocr_carea' id='block_1_6' title="bbox 1966 0 2050 2123">
    <p class='ocr_par' dir='ltr' id='par_1_6' title="bbox 1966 0 2050 2123">
     <span class='ocr_line' id='line_1_41' title="bbox 1966 0 2050 2123; baseline 0 0"><span class='ocrx_word' id='word_1_327' title='bbox 1966 0 2050 2123; x_wconf 95' lang='lat' dir='ltr'><strong> </strong></span> 
     </span>
    </p>
   </div>
   <div class='ocr_carea' id='block_1_7' title="bbox 1981 2455 2023 2488">
    <p class='ocr_par' dir='ltr' id='par_1_7' title="bbox 1981 2455 2023 2488">
     <span class='ocr_line' id='line_1_42' title="bbox 1981 2455 2023 2488; baseline -0.024 0"><span class='ocrx_word' id='word_1_328' title='bbox 1981 2455 2023 2488; x_wconf 77' lang='lat'><strong>30</strong></span> 
     </span>
    </p>
   </div>
  </div>
 </body>
</html>
