2050 3226
859 184 1164 230 AENEmos
1193 184 1259 229 XI
1795 190 1902 244 461

212 326 347 375 dicta
385 340 556 387 causa,
602 326 662 373 ut
706 325 813 389 ipse
850 316 1039 374 indicet
1082 324 1167 373 ubi
1205 325 1272 374 sit
1310 326 1360 373 et
1397 326 1450 373 in
1490 341 1590 388 qua
1627 329 1769 389 parte
1807 329 1905 376 ter-

210 415 379 448 rarum
418 401 469 448 et
499 399 640 462 quali
677 399 778 448 situ
810 399 1015 448 diffusus
1055 414 1160 448 esse
1196 399 1439 448 videatur.
1492 398 1720 449 Aurunci
1750 402 1906 450 Rutu·

211 474 338 534 lique
382 477 551 522 serunt
592 477 635 521 et
677 487 864 522 vomere
910 474 1059 522 duros
1106 477 1322 522 exercent
1364 473 1504 522 colles
1550 476 1691 535 atque
1735 475 1906 523 horum

211 548 486 608 asperrima
516 551 754 608 pascunt:
805 563 905 595 non
943 547 1107 609 nobie,
1154 546 1240 596 sed
1279 547 1660 598 adhaerentibus
1707 550 1756 597 et
1794 565 1906 598 con—

160 635 180 667 5
209 622 364 687 tiguis
393 621 558 683 utilis,
591 624 829 684 quoniam
859 622 953 670 hoc
982 621 1192 670 remotio
1224 621 1348 671 facit
1379 623 1430 671 et
1458 621 1736 686 longinqua
1767 637 1905 686 sepa·

208 696 363 758 rati03
392 696 546 744 istum
577 695 788 759 denique
813 695 1036 744 Aurunci
1067 698 1239 745 serunt
1262 698 1353 745 aut
1374 698 1602 759 pascunt.
1657 697 1905 760 quomodo

209 768 489 832 „serunt“‘?
540 770 786 833 quomodo
825 768 1144 832 „pascunt“?
1190 786 1406 832 vomere,
1445 770 1634 834 inquit,
1682 773 1908 820 exercent

210 844 342 907 quod
379 846 548 908 potest
586 845 684 893 coli
722 846 772 892 et
801 846 1015 907 pascunt
1050 843 1181 906 quod
1211 844 1405 908 respuit
1439 845 1724 909 asperitatis
1757 861 1907 895 causa

209 919 469 968 culturam.
523 919 699 981 positis
731 919 880 967 ubere
918 919 1017 968 alio
1050 920 1242 980 serunt,
1282 919 1473 981 colunt,
1510 922 1739 983 pascunt.
1791 921 1908 969 haec
1924 930 2010 970 320

138 1005 178 1038 ιο
207 994 366 1041 omnis
413 994 543 1054 reqio
598 996 640 1041 et
690 993 802 1041 celsi
841 993 999 1054 playa
1043 994 1198 1052 pinea
1245 994 1423 1041 montis
1476 994 1612 1042 cedat
1665 995 1908 1043 amicitiae

209 1068 508 1115 Teucrorum
553 1071 597 1114 et
638 1067 849 1127 foederis
894 1081 1076 1127 aequas
1115 1067 1336 1115 dicamus
1375 1067 1521 1128 leyes:
1575 1083 1704 1131 quae
1745 1070 1908 1117 essent

208 1157 395 1203 aequae
431 1140 642 1190 foederis
681 1142 814 1206 leges
853 1142 961 1204 ipse
1000 1140 1250 1204 exposuit3
1291 1142 1364 1190 ait
1402 1140 1532 1189 enim
1571 1143 1815 1202 sociosque
1851 1143 1907 1190 in

206 1230 359 1276 reyna
389 1229 624 1273 vocemus,
657 1217 715 1264 ut
745 1216 981 1264 societate
1012 1214 1199 1277 recepti
1222 1231 1311 1263 nec
1334 1217 1551 1278 potiores
1575 1214 1720 1264 Italis
1745 1218 1908 1265 essent

207 1305 297 1338 nec
326 1289 584 1339 inferiores
616 1289 820 1339 civibus.
884 1290 1158 1346 considant,
1190 1289 1236 1337 si
1266 1293 1431 1338 tantus
1458 1304 1609 1346 amor,
1643 1294 1687 1338 et
1715 1291 1907 1339 moenia

135 1375 176 1408 15
207 1364 440 1412 condant:
493 1363 536 1412 si
579 1365 718 1428 regio
764 1363 865 1412 illis
911 1363 1014 1412 ista
1053 1363 1338 1426 conplacuit
1380 1365 1430 1412 et
1479 1364 1693 1412 istarum
1739 1380 1906 1413 amore

208 1437 461 1486 ducuntur
490 1440 759 1499 terrarum,
790 1438 914 1486 istas
946 1437 1170 1486 incolant
1200 1439 1251 1486 et
1280 1438 1476 1487 moenia
1500 1438 1728 1487 condant.
1779 1438 1906 1487 dixit

205 1528 357 1560 unam
387 1514 634 1561 tractatus
670 1513 749 1560 sui
781 1514 831 1560 et
854 1513 1127 1560 sententiae
1150 1514 1359 1574 partem,
1389 1514 1448 1560 ut
1471 1513 1722 1576 accipiant
1744 1528 1905 1577 agros,

207 1587 469 1635 considant
499 1588 549 1635 et
583 1587 838 1635 civitatem
869 1586 985 1648 sibi,
1018 1587 1060 1635 si
1083 1586 1353 1648 voluerint,
1386 1586 1627 1648 condant,
1658 1586 1907 1636 subnectit

206 1661 415 1710 alteram
445 1661 538 1710 hoc
567 1661 738 1709 modo:
784 1661 864 1708 sin
896 1661 1019 1709 alios
1049 1661 1167 1720 finis
1202 1661 1412 1709 aliamve
1446 1675 1692 1721 capessere
1718 1665 1906 1722 yentern

132 1748 176 1780 20
205 1738 274 1783 est
310 1736 508 1784 animus
537 1738 839 1795 possuntque
875 1735 975 1783 solo
1006 1735 1228 1783 decedere
1262 1738 1445 1791 nostre,
1487 1736 1561 1783 bis
1591 1735 1744 1783 denas
1773 1735 1904 1783 Italo
1921 1741 2008 1781 325

204 1812 424 1857 texamus
460 1810 630 1858 robore
667 1810 832 1866 naviS,
872 1823 959 1857 seu
986 1809 1151 1869 pluris
1190 1809 1408 1868 conplere
1444 1809 1630 1857 valent:
1672 1808 1750 1857 sin
1786 1825 1903 1858 vero

203 1882 402 1931 illorum
445 1882 623 1931 animis
663 1883 856 1933 sederet
893 1884 1107 1932 transire
1149 1882 1211 1931 ad
1252 1883 1350 1931 alia
1389 1884 1538 1945 atque
1579 1883 1703 1932 alias
1742 1884 1902 1947 gentis

205 1960 256 2005 et
292 1958 503 2020 populos
544 1973 806 2020 occupare,
853 1957 1069 2021 navigiis
1109 1959 1336 2006 iuvemus
1377 1957 1440 2005 ad
1478 1957 1756 2022 longinqua
1794 1974 1902 2021 per-

205 2032 390 2095 gentis,
435 2033 664 2080 texamus
709 2030 893 2095 viginti
932 2031 1073 2081 navis
1120 2031 1222 2093 vel,
1273 2031 1315 2079 si
1360 2032 1598 2080 maiorem
1643 2048 1903 2080 numerum

132 2119 174 2152 25
205 2106 434 2168 conplere
471 2107 702 2168 possunt,
740 2106 934 2170 inpigre
966 2120 1333 2169 praeparemus.
1393 2105 1573 2168 incipit
1611 2105 1771 2155 dicere
1810 2106 1902 2154 hoc

202 2179 368 2242 ipsum
406 2179 543 2228 factu
582 2195 686 2229 esse
718 2180 1015 2228 facillimum
1055 2182 1105 2228 et
1135 2195 1279 2242 posse
1318 2179 1422 2228 sine
1455 2179 1750 2229 detrimento
1791 2195 1903 2228 con-

204 2254 343 2317 pleri.
420 2254 544 2302 iacet
591 2255 749 2302 omnis
798 2254 866 2302 ad
914 2254 1101 2302 undam
1153 2255 1401 2303 materies:
1455 2254 1587 2316 quod
1639 2254 1710 2302 ait
1758 2253 1902 2316 iacet,

205 2327 424 2376 ostendit
462 2327 643 2390 speciei
680 2328 839 2391 ipsius
887 2344 944 2376 ex
983 2327 1291 2376 abundantia
1329 2327 1578 2378 vilitatem
1615 2344 1705 2376 nec
1745 2328 1900 2376 absci-

205 2403 353 2451 dendi
393 2404 482 2450 aut
520 2401 815 2464 exportandi
860 2401 1080 2450 laborem
1127 2417 1231 2451 esse
1277 2403 1631 2463 necessarium,
1679 2417 1789 2449 cum
1836 2401 1900 2449 ad

132 2476 370 2539 seipsum
408 2476 528 2525 litus
568 2491 672 2525 esse
711 2475 964 2525 videretur
1001 2477 1161 2526 omnis
1207 2478 1463 2538 materies,
1504 2477 1596 2524 hoc
1643 2478 1718 2524 est
1757 2491 1899 2523 omne

324 2594 350 2632 2
382 2589 533 2645 qualis
562 2587 687 2632 istud
717 2587 915 2642 diffusus
937 2586 978 2631 V
1009 2589 1159 2645 qualis
1184 2590 1267 2634 iste
1294 2589 1337 2634 d.
1364 2589 1436 2633 ed.
1461 2589 1589 2644 quali
1614 2588 1707 2631 situ
1731 2587 1774 2630 d.
1799 2600 1897 2631 nos.

206 2653 232 2691 4
264 2661 357 2692 non
387 2649 584 2692 nobis—
605 2651 630 2690 9
656 2647 809 2691 colunt
834 2652 1033 2703 pascunt
1063 2661 1151 2692 om.
1183 2648 1253 2692 ed.
1288 2661 1344 2692 ex
1374 2647 1416 2690 H
1447 2647 1542 2690 iam
1573 2661 1612 2689 v.
1641 2646 1684 2689 d.
1710 2645 1900 2690 Hoeven

204 2721 249 2762 p.
277 2711 331 2750 13
365 2707 535 2751 edidit:
569 2706 703 2750 ubere
734 2719 818 2762 pro
844 2719 956 2763 agro
980 2709 1034 2750 ut
1058 2720 1214 2764 georg.
1241 2712 1281 2761 2,
1302 2712 1400 2750 234.
1495 2711 1549 2749 13
1581 2707 1834 2749 societatem
1857 2704 1900 2747 V

204 2768 256 2810 in
285 2779 321 2810 s.
354 2766 424 2810 ed.
520 2770 574 2809 15
598 2779 804 2810 amorum
827 2765 1058 2811 ducwntwr
1079 2767 1283 2821 ferarum
1300 2766 1353 2809 V.
1449 2769 1502 2808 16
1527 2778 1662 2809 sensu
1684 2764 1843 2808 volunt
1858 2763 1899 2806 V

205 2825 318 2870 istas
347 2826 553 2870 incolant
583 2838 686 2869 nos:
720 2825 1101 2870 illis—incolant
1130 2828 1305 2869 temere
1337 2826 1449 2868 mut.
1477 2824 1547 2867 ed.
1585 2824 1589 2881 Ι
1632 2823 1834 2867 condunt
1856 2822 1899 2865 V

206 2898 320 2927 corr.
357 2884 428 2929 ed.
553 2888 608 2928 18
649 2889 690 2927 et
727 2884 952 2928 civitatem
981 2883 1023 2927 V
1062 2890 1104 2929 et
1142 2898 1230 2928 om.
1267 2883 1339 2928 ed.
1464 2887 1517 2926 19
1559 2883 1786 2938 aliamque
1825 2881 1896 2925 ed.

207 2947 262 2986 23
294 2944 484 2999 populis
513 2942 567 2987 V.
617 2943 622 3001 Ι
672 2944 850 3000 naviyii
879 2943 1083 2989 iubemus
1105 2943 1147 2987 V
1173 2957 1260 3000 pro
1291 2940 1516 2988 commodo
1548 2940 1794 2986 substituit
1824 2940 1896 2984 ed.

206 3006 262 3046 26
293 3003 468 3056 factum
492 3002 535 3046 V
565 3002 694 3056 factu
726 3002 796 3046 ed.
