2078 3260
326 764 369 822 I.
418 762 672 821 INDEX
719 761 1238 821 LATINITATIS
1286 758 1883 831 DONATIANAE.*)

263 994 446 1038 Abhinc
471 1008 499 1037 a
522 994 759 1049 praesenti
782 996 991 1050 tempore
1015 994 1065 1038 in
1156 994 1398 1038 addiscere
1421 1016 1466 1030 =
1489 994 1745 1050 comperire
1782 994 1825 1048 2,
1852 999 1951 1039 114.

323 1053 531 1096 futurum
563 1053 803 1108 pertinens
834 1054 876 1108 9,
903 1058 1002 1097 277.
1156 1053 1370 1097 adfectus
1404 1075 1448 1090 =
1481 1053 1698 1098 voluntas
1737 1054 1952 1111 (inrisos.)

265 1112 525 1156 abinvicem
556 1112 598 1166 9,
626 1117 725 1156 377.
1213 1112 1256 1167 2,
1289 1117 1390 1157 452.
1434 1112 1477 1167 3,
1511 1116 1610 1156 200.
1651 1139 1707 1146 -
1758 1135 1802 1149 =
1825 1127 1955 1157 amor

264 1171 732 1216 abiurare=auferre
744 1171 786 1227 2,
798 1171 1062 1224 251.3,199,
1215 1185 1320 1215 cum
1352 1173 1505 1227 genet.
1540 1171 1581 1226 1,
1600 1176 1699 1216 679.
1726 1171 1767 1228 4,
1787 1176 1855 1216 74.
1882 1172 1953 1228 11,

264 1231 495 1275 ablativus
558 1231 657 1275 sine
717 1231 1063 1287 praepositione
1214 1235 1314 1275 363.
1354 1230 1426 1286 12,
1451 1236 1490 1274 2.
1547 1245 1653 1275 eum
1688 1233 1839 1288 genet.
1873 1245 1955 1288 ge-

323 1291 365 1344 5,
391 1295 477 1333 220
508 1291 737 1334 recedere.
782 1294 867 1335 285
891 1291 1061 1335 venire.
1214 1290 1575 1347 rund.(iuriscs.)
1592 1290 1715 1346 2,82.
1736 1294 1834 1335 109.
1851 1295 1953 1335 436.

324 1354 424 1393 634.
444 1354 543 1393 650.
565 1349 636 1404 10,
648 1354 703 1393 63
722 1350 903 1394 ducere.
928 1351 968 1405 7,
979 1354 1064 1394 362
1216 1354 1317 1394 511.
1353 1350 1395 1404 6,
1422 1354 1521 1394 642.
1557 1350 1597 1405 7,
1623 1354 1723 1394 535.
1756 1350 1827 1405 11,
1853 1355 1953 1395 243.

325 1409 583 1464 deportare
613 1413 700 1453 484
717 1410 966 1454 retrahere.
993 1409 1065 1466 11,
1216 1414 1316 1453 254.
1350 1414 1448 1453 258.
1483 1413 1582 1454 316.
1617 1413 1715 1453 330.
1757 1435 1814 1441 -
1852 1432 1897 1447 =
1919 1410 1956 1454 ii

327 1473 412 1511 724
435 1470 653 1512 remotus.
694 1468 766 1524 12,
792 1473 848 1513 59
875 1469 1065 1512 descen·
1216 1482 1331 1524 quos
1375 1482 1586 1512 amamus
1630 1471 1699 1527 (ut
1741 1468 1953 1524 deliciae)

325 1527 447 1571 dere.
492 1532 575 1572 185
599 1527 766 1573 redire.
808 1532 892 1572 193
922 1530 969 1572 et
993 1528 1065 1582 ll,
1215 1527 1257 1582 2,
1283 1532 1382 1572 407.
1418 1531 1517 1572 559.
1553 1532 1652 1571 726.
1691 1527 1735 1582 3,
1763 1533 1860 1573 134.

325 1592 411 1630 476
444 1587 645 1631 trudere.
1157 1587 1370 1643 adgestio
1404 1586 1474 1641 11,
1500 1591 1600 1631 566.
1633 1591 1733 1631 850.

268 1645 495 1702 abruptus
515 1669 559 1683 =
579 1646 851 1702 improbus
838 1659 910 1690 ira
933 1646 976 1701 9,
995 1651 1063 1691 62.
1157 1646 1391 1690 adiectiva
1437 1646 1592 1690 neutri
1637 1646 1821 1703 generis
1871 1661 1954 1702 pro

268 1719 479 1749 accessus
499 1727 543 1742 =
566 1706 695 1749 locus
728 1720 818 1762 quo
852 1706 955 1762 quis
988 1719 1065 1749 ac·
1216 1704 1362 1749 subst.
1388 1719 1492 1749 cum
1516 1708 1691 1762 genet:
1729 1705 1957 1762 singulari

327 1765 466 1808 cessit
496 1764 538 1818 6,
564 1769 665 1809 805.
691 1791 747 1798 -
786 1787 830 1802 =
848 1765 1065 1819 accessio,
1216 1778 1407 1808 numero
1431 1778 1633 1820 prooem.
1660 1779 1705 1821 p.
1725 1770 1765 1808 2.
1794 1765 1836 1818 1,
1855 1769 1955 1808 515.

325 1824 663 1868 incrementum
709 1824 752 1879 3,
789 1830 858 1868 44.
915 1825 957 1879 5,
995 1829 1064 1868 50.
1214 1824 1259 1878 3,
1285 1829 1325 1867 8.
1358 1824 1399 1878 5,
1427 1828 1481 1867 65
1507 1823 1626 1879 (bis).
1654 1828 1753 1868 655.
1786 1824 1829 1879 6,
1855 1829 1955 1868 539.

329 1884 367 1936 7,
394 1883 597 1938 238.”10,
624 1888 722 1928 255.
1220 1884 1259 1935 7,
1279 1887 1377 1927 200.
1404 1883 1475 1934 12,
1493 1888 1592 1927 435.
1614 1888 1713 1927 772.
1733 1887 1831 1927 940.
1847 1883 1955 1940 epil.

269 1942 510 1986 accubitor
542 1943 582 1995 l,
610 1947 709 1987 638.
1215 1941 1387 1998 plurali
1411 1956 1602 1986 numero
1635 1943 1675 1996 1,
1693 1947 1794 1987 456.
1822 1942 1867 1996 3,
1884 1947 1955 1987 55.

269 2002 505 2045 accuratio
551 2002 608 2045 de
652 2003 957 2059 apparatione
1001 2002 1065 2045 ci-
1216 2001 1258 2056 5,
1278 2006 1376 2046 191.
1404 2007 1503 2046 676.
1533 2002 1604 2055 10,
1623 2006 1692 2046 48.
1723 2002 1794 2056 11,
1812 2006 1881 2046 95.
1901 2029 1956 2034 -

328 2059 492 2103 borum
525 2061 565 2114 5,
594 2066 691 2104 103.
1218 2075 1322 2104 cum
1347 2061 1439 2105 alio
1464 2061 1555 2104 adi.
1582 2061 1624 2115 9,
1644 2065 1742 2105 255.
1770 2088 1824 2094 -
1852 2075 1957 2104 cum

268 2119 486 2163 addicere
511 2119 723 2164 absolute
739 2121 996 2176 =prodere
1022 2120 1065 2175 4,
1215 2119 1644 2176 praepositionibus
1713 2121 1956 2176 praedica-

329 2182 427 2222 104.
460 2178 503 2232 9,
529 2183 629 2222 599.
656 2184 754 2223 786.
788 2180 859 2233 10,
882 2184 980 2225 282.
1007 2179 1064 2224 cf.
1215 2180 1310 2223 tive
1329 2179 1403 2224 vel
1426 2179 1757 2224 adverbialiter
1779 2181 1955 2236 posita:

329 2241 428 2281 380.
463 2237 534 2292 11,
560 2243 659 2282 414.
694 2239 764 2294 12,
791 2243 889 2283 236.
1217 2239 1267 2282 in
1307 2253 1411 2282 cum
1448 2238 1539 2283 abl.
1573 2239 1614 2294 1,
1640 2243 1739 2283 563.
1775 2243 1873 2283 705.
1915 2239 1957 2293 2,

386 2356 423 2410 *)
462 2354 699 2399 Nonnulla
739 2356 799 2398 ad
833 2356 959 2400 hunc
989 2357 1192 2401 indicem
1225 2356 1506 2400 Burckasius
1539 2372 1583 2413 p.
1611 2362 1724 2400 6-7
1757 2356 1958 2412 prolusit

269 2414 487 2470 idemque
534 2415 682 2458 multa
728 2415 911 2459 Donato
959 2429 1062 2459 cum
1110 2415 1541 2460 iurisconsultorum
1590 2419 1637 2459 et
1680 2416 1957 2471 scriptorum

270 2473 690 2518 ecclesiasticorum
730 2474 1019 2530 aliorumque
1059 2489 1173 2530 quos
1209 2475 1421 2519 nominat
1452 2488 1662 2519 sermone
1694 2475 1959 2518 communia

270 2546 368 2575 esse
402 2532 533 2576 dixit.
595 2533 751 2589 potuit
783 2533 899 2576 alios
932 2547 1037 2577 cum
1068 2536 1246 2578 veteres
1277 2536 1331 2578 ut
1362 2534 1628 2578 Terentium
1662 2536 1710 2578 et
1742 2532 1958 2578 Ovidium

268 2593 369 2634 tum
402 2593 680 2636 recentiores
715 2594 768 2636 ut
799 2592 1007 2646 Florum,
1040 2592 1289 2646 Iustinum,
1321 2593 1570 2649 Apuleium
1611 2593 1808 2637 adicere.
1872 2606 1958 2650 ego

270 2663 391 2706 quae
421 2652 538 2694 mihi
571 2665 598 2694 a
629 2652 872 2696 meliorum
907 2652 1185 2707 scriptorum
1222 2652 1556 2696 consuetudine
1589 2653 1651 2696 ad
1683 2652 1958 2696 deteriorem

270 2709 555 2754 latinitatem
590 2711 833 2755 deflectere
859 2711 933 2754 vel
964 2710 1122 2766 aliqua
1147 2725 1203 2755 ex
1226 2725 1368 2755 causa
1391 2711 1714 2755 memorabilia
1737 2709 1959 2754 videban-

270 2771 347 2811 tur
378 2771 426 2812 et
455 2769 888 2826 lexicographorum
920 2770 970 2813 in
1000 2783 1136 2812 usum
1170 2770 1338 2826 collegi
1366 2773 1413 2814 et
1437 2783 1595 2814 eorum
1620 2771 1701 2826 qui
1724 2770 1957 2813 Donatum

271 2827 441 2883 legent.
490 2828 694 2872 habeant
725 2829 868 2883 unde,
903 2828 940 2872 si
970 2841 1089 2884 quae
1114 2829 1234 2873 forte
1258 2830 1375 2872 mira
1398 2829 1471 2873 vel
1496 2829 1640 2872 dubia
1662 2828 1957 2882 videbuntur,

272 2885 502 2930 similibus
535 2888 875 2932 confirmentur.
939 2890 1142 2932 ceterum
1176 2887 1492 2944 frequentiora
1523 2902 1597 2932 me
1629 2901 1720 2931 non
1753 2887 1957 2930 omnium

271 2944 476 2989 locorum
503 2948 730 3003 congerie,
749 2947 828 2990 sed
854 2946 1168 3002 exemplorum
1195 2947 1370 2991 dilectu
1389 2947 1648 2991 illustrasse
1664 2959 1956 3002 praemoneo.
