2050 3226
242 136 348 190 196
714 134 947 179 DONATI
976 134 1257 178 INTERPR.
1281 133 1460 178 VERG.

238 275 410 336 rapuit
449 274 623 335 facem,
662 275 719 322 ut
750 275 922 323 ceteris
956 273 1172 322 audendi
1201 273 1461 336 praeberet
1491 274 1783 338 exemplum.
1833 275 1928 324 fer-

239 347 413 396 vidum
453 348 523 397 sic
561 347 688 396 dixit
725 348 884 397 facem
923 348 1177 396 ardentem
1221 363 1374 396 manu
1419 348 1736 411 corripuisse,
1785 349 1929 412 quasi

241 423 291 470 et
327 423 434 485 ipse
474 422 646 484 aliquo
683 422 791 486 igni
838 422 1081 484 coepisset
1127 421 1321 484 ardere,
1368 437 1425 470 ac
1469 438 1558 486 per
1601 423 1694 470 hoc
1741 423 1930 472 adlusit

239 495 485 545 fervidum
522 495 711 558 dicens,
751 496 869 558 quia
906 495 1098 544 ferebat
1127 495 1299 543 facem.
1352 499 1454 543 tum
1479 511 1590 544 vero
1621 498 1930 545 incumbunt:

238 570 333 618 hoc
372 572 446 619 est
483 571 594 618 tum
639 571 799 633 magis
848 572 1115 632 coeperunt
1161 585 1361 631 operam
1408 569 1540 619 dare.
1606 573 1744 632 uryet
1785 585 1929 631 prae·
1982 583 2003 617 5

239 645 398 692 sentia
445 644 628 696 Turni:
679 645 807 691 nihil
857 645 1045 704 verius,
1098 643 1225 691 nihil
1275 643 1543 692 secundum
1591 645 1929 693 moralitatem

241 717 339 766 dici
362 718 638 781 expressius
663 718 843 780 potuit.
893 719 986 766 hoc
1011 718 1143 765 enim
1167 718 1327 767 solum
1350 718 1414 766 ad
1436 718 1695 781 inplendos
1729 719 1928 768 effectus

240 792 445 853 sufficit,
483 794 543 840 ut
586 807 819 854 praesens
867 792 932 840 sit
979 791 1066 854 qui
1101 791 1268 840 iubere
1306 795 1561 855 potuerat,
1601 794 1724 856 quin
1761 792 1928 855 potius

156 924 160 926 ι
238 866 351 928 plus
375 866 511 914 valet
532 867 814 928 praesentia
838 882 988 928 quam
1010 867 1179 914 iussio.
1227 865 1270 914 si
1293 867 1426 914 enim
1446 867 1615 915 iubeas
1642 869 1692 913 et
1714 866 1929 928 recedas,

238 942 406 1002 potest
427 940 583 989 iussio
607 940 817 1004 neglegi,
847 941 1131 1003 praesentia
1159 955 1276 988 vero
1309 939 1461 988 etiam
1492 955 1604 988 cum
1635 940 1760 988 nihil
1790 940 1931 989 iubet
1961 954 2004 987 ιο

239 1015 396 1062 tacita
426 1014 625 1062 videtur
653 1030 844 1078 urgere.
897 1014 1239 1076 unusquisque
1271 1015 1403 1062 enim
1425 1014 1698 1076 praesentis
1723 1014 1929 1063 necessi-

239 1090 345 1136 tate
393 1089 555 1151 magis
604 1090 863 1153 magisque
916 1088 1213 1151 conpellitur
1260 1088 1422 1136 facere
1475 1087 1608 1150 quod
1661 1087 1931 1137 adverterit
1993 1081 2002 1109 ³
2049 1078 2050 1101 ³

241 1177 345 1210 esse
375 1162 669 1210 faciendum.
726 1165 866 1222 atque
897 1164 1053 1210 omnis
1083 1163 1277 1222 facibus
1301 1162 1458 1222 pubes
1489 1163 1756 1223 acciriyitur
1791 1164 1928 1220 atris,

169 1249 222 1288 75
239 1234 514 1297 [diripuere
562 1235 723 1298 focos]
731 1254 747 1284 .·
798 1239 996 1284 tantum
1044 1236 1190 1285 rebus
1238 1235 1486 1299 inplendis
1539 1235 1727 1284 animos
1779 1236 1932 1286 dabat
2000 1270 2002 1276 -

241 1309 398 1357 Turni
441 1310 746 1372 praesentia,
799 1313 857 1358 ut
903 1311 1061 1359 omnis
1108 1311 1349 1359 exercitus
1399 1310 1590 1358 facibus
1638 1313 1930 1373 armaretur,
1961 1321 2004 1355 1⁵

238 1384 419 1432 idcirco
452 1383 783 1433 destituerant
812 1384 1053 1433 incendiis
1076 1385 1212 1433 focos
1237 1386 1287 1432 et
1310 1383 1469 1432 omnis
1492 1384 1546 1432 in
1568 1385 1701 1433 faces
1731 1385 1932 1433 flamma

237 1459 556 1522 migraverat.
614 1459 809 1518 piceum
837 1461 934 1519 fert
961 1459 1157 1519 fumida
1187 1459 1349 1507 lwmeri
1378 1459 1523 1507 taeda
1554 1462 1597 1506 et
1626 1459 1932 1507 commioetam

248 1533 498 1580 Vulcanus
529 1533 596 1580 ad
630 1536 768 1581 astra
797 1533 1047 1592 favillam:
1084 1533 1190 1596 ipse
1214 1533 1442 1594 exposuit
1466 1548 1554 1580 cur
1585 1533 1706 1581 atris
1737 1532 1928 1581 facibus

240 1605 433 1667 dixerit,
465 1622 575 1654 cum
609 1606 731 1655 dicit
761 1607 953 1655 fumida
983 1607 1132 1655 taeda
1162 1607 1261 1654 fert
1283 1606 1347 1654 ad
1379 1609 1514 1654 astra
1537 1607 1732 1669 piceum
1762 1607 1929 1655 lumen

238 1683 288 1728 et
324 1680 455 1744 ignis
494 1680 692 1729 favillas
733 1681 917 1729 emittit
954 1681 1019 1728 ad
1057 1681 1232 1729 sidera.
1960 1692 2004 1725 20

358 1754 479 1815 Quis
502 1754 635 1811 deu-5¹,
667 1769 694 1802 o
716 1756 913 1811 Musae,
946 1758 1047 1803 tam
1076 1769 1226 1803 saeva
1248 1754 1476 1802 incendia
1501 1755 1701 1802 Teucris
1725 1756 1929 1803 avertit?

237 1831 395 1876 tantos
433 1829 623 1877 ratibus
662 1830 770 1888 quis
808 1829 990 1890 depulit
1026 1829 1188 1890 iynis?
1238 1828 1391 1885 dicite,
1422 1829 1595 1888 prisca
1632 1829 1755 1887 fides
1784 1829 1927 1889 factO,

237 1902 321 1949 sed
365 1903 507 1961 fama
549 1904 805 1962 perennis:
857 1903 1140 1951 intellectus
1194 1901 1247 1950 in
1300 1902 1561 1951 verborum
1617 1903 1929 1952 ordinatione

238 1977 474 2038 aperitur.
545 1977 716 2038 dicite,
769 1993 796 2024 o
836 1977 1028 2038 Musae,
1077 1976 1189 2039 quis
1236 1976 1354 2026 deus
1398 1992 1428 2023 a
1467 1975 1669 2025 Teucris
1715 1977 1928 2026 navibus

236 2052 343 2098 tam
390 2065 538 2098 saeva
584 2051 768 2099 avertit
812 2049 1079 2099 incendia?
1145 2052 1314 2099 tantos
1358 2051 1490 2114 ignis
1539 2051 1651 2114 quis
1699 2050 1928 2114 depulit?
1960 2061 2003 2094 26

239 2124 371 2186 quod
403 2123 528 2171 dixit
559 2140 589 2172 a
620 2124 852 2184 navibus,
891 2126 1210 2173 manifestum
1245 2127 1321 2173 est
1349 2125 1493 2183 navis
1524 2126 1676 2173 fuisse
1716 2140 1927 2186 arsuraS,

236 2200 294 2245 ut
331 2198 481 2261 fugae
521 2198 797 2247 subsidium
836 2198 1039 2247 Troiani
1081 2215 1180 2247 non
1224 2199 1474 2247 haberent.
1536 2199 1703 2259 huius,
1748 2198 1927 2261 inquit,

237 2271 360 2320 facti
402 2273 611 2334 antiqua
651 2275 726 2321 est
762 2273 882 2321 fides
922 2275 970 2321 et
1008 2276 1177 2335 posset
1213 2274 1338 2320 vitio
1377 2272 1642 2322 vetustatis
1679 2272 1926 2335 intercipi,

237 2341 335 2394 nisi
368 2345 495 2393 illud
525 2346 662 2394 fama
690 2349 895 2409 propter
926 2347 1306 2395 admirationem
1337 2346 1415 2396 sui
1443 2347 1654 2409 posteris
1686 2345 1926 2395 tradendo

237 2422 594 2483 perpetuasset.
656 2420 803 2469 huius
842 2422 1001 2484 igitur
1039 2422 1293 2469 auctorem
1323 2421 1432 2469 vult
1469 2422 1617 2483 poeta
1647 2420 1788 2469 libris
1822 2421 1926 2469 suis
1959 2430 2002 2463 80

357 2595 382 2634 3
413 2592 518 2648 ique
549 2590 618 2634 ed.
712 2595 737 2634 5
770 2596 1008 2647 coeperant
1030 2591 1071 2634 V
1096 2605 1209 2635 corr.
1236 2591 1306 2635 ed.
1401 2595 1426 2634 6
1457 2591 1777 2635 mortalitatem
1808 2590 1924 2635 edF.

240 2655 262 2692 7
297 2651 417 2694 enim
448 2664 537 2694 om.
562 2650 631 2694 ed.
755 2654 811 2692 10
844 2652 1077 2706 praesenti
1107 2650 1149 2694 V
1180 2663 1395 2707 praeseus
1429 2649 1500 2693 ed.
1532 2652 1797 2705 praesentia
1827 2664 1924 2693 nos.

240 2714 291 2752 11
326 2710 468 2753 tacita
491 2709 534 2752 V
564 2715 594 2754 t.
619 2711 885 2765 praeseutia
917 2710 987 2753 ed.
1036 2710 1040 2767 Ι
1089 2710 1300 2754 videatur
1325 2709 1368 2752 V
1400 2722 1512 2752 corr.
1544 2709 1614 2751 ed.
1663 2710 1667 2766 1
1708 2723 1926 2764 praesen-

237 2770 297 2812 tis
318 2768 361 2810 V
392 2770 510 2812 -tiae
541 2768 613 2812 ed.
660 2768 665 2827 Ι
715 2770 1021 2813 ‘necessitatem
1044 2769 1085 2811 V
1117 2782 1230 2813 corr.
1261 2768 1332 2812 ed.
1456 2772 1510 2810 14
1541 2768 1772 2822 diripuere
1800 2768 1926 2822 focos

239 2827 370 2871 deest
400 2828 450 2870 in
473 2827 528 2881 V,
561 2827 643 2871 sed
675 2827 947 2882 explicatur.
995 2828 999 2885 Ι
1050 2830 1307 2872 animorum
1346 2826 1416 2870 ed.
1538 2830 1592 2869 16
1626 2827 1925 2871 destituerunt

240 2886 309 2929 ed.
348 2887 351 2943 ᾗ
387 2887 612 2931 incendiis
634 2886 676 2930 V
706 2888 809 2944 ique
833 2887 904 2930 ed.
982 2891 1038 2930 20
1071 2889 1235 2931 emittet
1257 2886 1300 2929 V
1324 2899 1436 2929 corr.
1463 2885 1534 2929 ed.
1609 2889 1665 2928 24
1695 2887 1859 2930 teucris
1881 2885 1924 2929 V

244 2947 517 2990 Teucrorum
549 2946 620 2989 ed.
743 2949 798 2989 29
830 2948 903 2990 sui
927 2945 968 2988 V
1001 2946 1094 2990 suis
1127 2946 1198 2990 ed.
1321 2948 1376 2988 30
1400 2949 1704 3001 perpetrasset
1725 2944 1767 2987 V
1791 2945 1862 2989 ed.
