2050 3226
16 1014 18 1019 '
61 1007 118 1039 «10

75 1375 118 1408 15

36 1747 118 1793 3¹20

807 186 1111 232 AENEIDos
1136 186 1177 231 x
1730 190 1836 244 331

150 327 491 391 desperatione
524 327 804 376 ostenditur
835 343 987 390 quam
1016 327 1332 390 praeviderat
1363 327 1574 375 TurnuS.
1632 327 1842 389 AeneaS,

148 402 337 465 inquit,
375 401 501 451 alios
541 400 782 463 adpositis
821 402 1057 464 pontibus
1104 401 1407 465 exponebat,
1452 401 1622 450 multis
1670 402 1840 450 ambu-

149 475 286 524 landi
326 475 650 525 desuetudine
696 477 928 538 trepidis,
983 492 1196 539 quorum
1245 491 1468 540 gressum
1516 477 1700 524 natura
1749 491 1842 524 sua

147 550 487 599 infirmaverat
533 565 693 611 mare,
743 565 901 612 usque
952 550 1074 599 adeo
1117 551 1176 598 ut
1222 550 1492 598 relabentis
1537 549 1699 598 undas
1737 549 1843 597 lan-

0 625 23 656 ’-
150 624 346 689 guentis
383 624 574 688 pelagi,
611 624 704 672 hoc
743 627 819 672 est
856 623 1063 687 placidi,
1094 625 1392 685 metuerent,
1432 639 1531 686 qua
1570 638 1720 672 causa
1759 623 1842 671 ob·

149 699 416 747 servabant
446 714 616 747 earum
645 698 876 759 reditum,
908 715 968 746 ne
1000 701 1273 747 remeantes
1313 699 1366 746 in
1399 698 1559 746 altum
1589 698 1845 746 traherent

149 773 278 820 exire
318 772 579 835 cupientis,
662 774 807 820 tanta
852 773 950 820 fuit
993 772 1331 822 inconstantia
1377 787 1595 837 gressus,
1641 774 1702 820 ut
1745 787 1844 820 me-

147 849 372 895 tueretur
420 847 571 895 etiam
620 846 807 909 placidi
856 847 1085 909 aequoris
1135 849 1316 896 motus.
1407 849 1456 894 et
1509 846 1740 895 brevibus
1794 861 1845 894 se

149 921 344 969 credere
384 921 541 969 saltu:
582 920 671 968 alii
707 920 848 969 brevi
887 921 1019 969 saltu
1066 936 1171 970 sese
1218 920 1477 969 iactabant
1521 922 1727 984 propter
1770 921 1845 968 in-

147 995 433 1044 firmitatem
471 994 676 1058 pedum‚
716 995 805 1042 alii
843 1011 960 1043 vero
994 995 1356 1044 descendebant
1386 1011 1475 1058 per
1503 1010 1679 1045 remos,
1740 1009 1847 1054 spe-

149 1070 338 1118 culatus
389 1070 533 1118 litora
584 1069 809 1117 Tarchon
858 1084 956 1128 qua
1003 1070 1136 1118 vada
1184 1083 1284 1117 non
1332 1072 1499 1130 sperat
1545 1084 1632 1117 nec
1683 1070 1846 1128 fracta

146 1147 479 1192 remurmurat
514 1143 673 1199 unda,
714 1143 799 1191 sed
835 1157 972 1192 mare
1009 1144 1302 1213 inoffensum
1341 1144 1567 1191 crescenti
1597 1143 1847 1191 adlabitur

150 1222 287 1266 aestu
337 1218 544 1266 advertit
590 1218 747 1265 subito
782 1231 967 1277 proras
1005 1219 1249 1277 sociosque
1279 1221 1536 1278 precatur:
1574 1217 1844 1266 Tarchonis

148 1293 399 1354 inpatiens
438 1291 599 1340 virtus
638 1307 751 1339 cum
789 1293 842 1339 in
875 1291 1165 1340 descensum
1197 1306 1308 1340 oras
1342 1291 1643 1352 adverteret,
1682 1292 1847 1341 visum

150 1369 225 1414 est
263 1367 310 1414 ei
346 1368 405 1414 ut
441 1382 530 1428 per
567 1381 678 1413 eam
714 1367 911 1428 partem
949 1365 1111 1414 litoris
1151 1365 1356 1415 vaderet
1386 1382 1488 1428 qua
1519 1365 1677 1414 omnis
1709 1368 1845 1414 tran-

149 1441 376 1502 quillitas
427 1439 527 1488 fuit
575 1455 664 1488 nec
714 1440 847 1488 unda
897 1439 1204 1488 inlidebatur
1252 1440 1303 1488 in
1357 1455 1477 1488 saxa
1531 1456 1620 1489 nec
1675 1440 1848 1502 aliqua

148 1514 425 1563 venientem
463 1513 594 1563 vada
632 1514 898 1563 terrebant.
974 1517 1175 1578 repente
1215 1514 1375 1578 igitur
1411 1529 1585 1577 proras
1633 1514 1848 1562 obvertit

149 1588 418 1650 deprecans
465 1589 622 1637 socios
671 1587 735 1636 ad
786 1588 952 1637 officia
997 1588 1199 1638 virtutis
1250 1589 1501 1651 inplenda.
1578 1588 1847 1651 plurimum

149 1664 281 1711 enim
334 1662 398 1711 ad
444 1663 674 1711 effectum
722 1663 919 1725 proficit
968 1678 1080 1711 cum
1129 1679 1272 1726 prece
1322 1664 1483 1711 utitur
1533 1664 1620 1726 qui
1675 1662 1846 1710 iubere

147 1739 395 1800 potuerat.
470 1751 622 1793 nunc,
670 1751 696 1785 ο
738 1737 857 1785 lecta
901 1752 1102 1793 manuS,
1150 1738 1332 1786 validis
1377 1738 1636 1785 incumbite
1684 1737 1845 1793 remiS,

149 1812 314 1872 tollite,
352 1813 473 1872 ferte
509 1814 667 1859 rates:
705 1827 947 1875 magnum
986 1811 1212 1860 ardorem
1249 1812 1347 1860 viri
1384 1811 1529 1859 fortis
1566 1811 1760 1859 inducit
1797 1813 1848 1859 et
1864 1816 1950 1856 295

149 1887 253 1934 eius
293 1886 380 1948 qui
419 1885 481 1933 ob
519 1885 847 1934 intentionem
886 1902 1083 1950 pugnae
1121 1886 1232 1948 ipsa
1270 1885 1536 1950 naufragia
1567 1901 1666 1933 non
1706 1885 1847 1932 dubi-

148 1962 280 2007 taret
318 1959 580 2008 admittere
618 1961 671 2007 in
711 1975 866 2022 eoque
908 1976 1005 2023 quo
1046 1960 1211 2008 animo
1252 1975 1402 2008 ausus
1443 1962 1551 2008 erat
1580 1961 1686 2022 ipse
1720 1962 1849 2008 esset

149 2034 398 2095 hortator,
437 2035 543 2096 ipse
582 2036 882 2096 proponeret
922 2050 1050 2098 quae
1095 2034 1147 2081 in
1196 2033 1501 2082 contrarium
1548 2035 1716 2082 venire
1762 2049 1848 2096 po-

149 2110 384 2169 tuissent,
433 2107 539 2169 ipse
589 2107 922 2170 responderet.
1011 2108 1121 2171 quis
1174 2109 1304 2156 enim
1353 2109 1563 2157 nesciret
1611 2109 1665 2155 in
1719 2107 1847 2156 vado

150 2198 338 2231 cessare
376 2182 588 2246 remigia
620 2181 879 2231 debuisse?
957 2184 1068 2245 quis
1106 2182 1363 2246 ignoraret
1409 2182 1576 2246 frangi
1623 2182 1846 2245 potuisse

149 2256 352 2321 navigia
402 2256 488 2304 ubi
538 2255 752 2304 altitudo
802 2257 970 2320 pelagi
1020 2257 1249 2305 deficiens
1309 2257 1415 2306 sola
1468 2257 1590 2319 ipsis
1637 2256 1846 2304 navibus

150 2331 370 2394 pericula
410 2329 804 2379 demonstraret?
870 2330 1166 2392 incumbite,
1204 2331 1390 2394 inquit,
1421 2332 1647 2391 iuvenes,
1678 2330 1848 2378 remis:

149 2406 318 2469 potuit
379 2404 478 2453 dici
530 2405 776 2466 quomodo
830 2405 1169 2453 incumbemus
1220 2407 1271 2453 et
1323 2406 1461 2454 deest
1518 2420 1678 2467 aquae
1737 2403 1847 2452 sub-

271 2535 294 2573 1
329 2531 638 2587 desperatione
661 2530 746 2574 VR
775 2531 862 2575 edI
894 2531 1146 2589 desperatio
1178 2532 1295 2576 edF.
1388 2537 1415 2575 4
1447 2532 1599 2576 undas
1630 2532 1848 2587 lanquen-

150 2591 210 2634 tis
240 2589 325 2632 VR
363 2595 406 2634 et
442 2590 663 2646 interpos.
698 2590 770 2634 ed.
894 2595 919 2634 5
951 2597 1203 2636 metuerant
1226 2591 1310 2634 VR
1343 2605 1457 2635 corr.
1491 2590 1562 2634 ed.
1685 2595 1710 2633 6
1749 2589 1849 2633 red-

150 2650 297 2693 ditum
314 2648 397 2691 VR
422 2663 534 2693 corr.
562 2650 634 2693 ed.
720 2654 745 2692 8
778 2655 924 2694 motus
949 2649 988 2693 V
1013 2650 1085 2694 ed.
1110 2655 1254 2695 metus
1276 2650 1330 2693 R.
1416 2653 1441 2692 9
1475 2650 1597 2693 brevi
1618 2649 1742 2693 saltu
1765 2647 1849 2691 VR

152 2708 222 2751 ed.
267 2722 361 2752 non
403 2708 649 2766 intellego,
692 2709 784 2752 nisi
822 2709 941 2752 forte
981 2709 1098 2752 Don.
1139 2710 1318 2754 brevius
1355 2723 1439 2764 pro
1480 2708 1687 2752 brevibus
1717 2707 1847 2764 legit.

155 2772 206 2810 11
247 2768 464 2812 thare-hon
494 2767 591 2812 VR.
641 2769 645 2821 l
696 2774 847 2824 sperat
870 2767 955 2811 VR
985 2770 1167 2824 spirant
1196 2783 1230 2811 r.
1365 2773 1419 2811 16
1451 2767 1726 2811 inlidibatur
1750 2766 1847 2810 VR.

153 2830 209 2869 20
248 2841 372 2871 nunc
410 2827 594 2871 collecta
624 2826 722 2870 VR.
856 2831 910 2870 23
951 2841 1038 2883 quo
1075 2829 1231 2872 animo
1263 2832 1447 2871 auserat
1469 2826 1554 2869 VR
1585 2831 1637 2869 ut
1666 2827 1849 2870 omnino

153 2886 352 2939 auferret
382 2886 453 2929 ed.
577 2890 632 2929 25
671 2888 766 2943 ipse
804 2887 1088 2942 responderet
1111 2886 1195 2930 VR
1227 2892 1267 2930 et
1298 2887 1328 2929 i.
1361 2901 1396 2929 r.
1431 2885 1502 2930 ed.
1625 2889 1681 2928 26
1713 2890 1850 2941 potu-

154 2945 259 2988 isset
297 2944 350 2989 V.
483 2949 539 2989 28
581 2946 886 2990 incumbimus
920 2945 1004 2989 VR
1048 2960 1161 2990 corr.
1203 2961 1236 2989 r.
1279 2945 1350 2988 ed.
1481 2949 1536 2987 29
1580 2957 1727 3000 aquae
1765 2943 1850 2987 VR

155 3003 343 3047 inimica
376 3003 446 3047 ed.
