2050 3226
779 182 1084 228 AENEIDOS
1107 183 1195 228 VH
1763 186 1830 238 77

140 325 264 373 haec
292 324 466 385 ferret,
497 323 674 372 habuit
703 325 916 388 gratum.
973 324 1174 372 tantum
1204 322 1574 372 consuetudinis
1608 323 1833 372 adfectus

140 399 329 462 potuit,
377 400 436 447 ut
482 399 612 447 hanc
661 399 814 447 etiam
863 397 1117 462 graviores
1163 399 1458 460 provocaret
1503 398 1568 446 ad
1604 397 1834 459 planctus

142 475 193 521 et
228 488 425 521 umeros
463 473 644 536 palmis
683 473 898 535 propriis
936 471 1208 521 verberare.
1277 487 1387 520 ecce
1427 471 1491 520 ad
1521 470 1836 520 excitandum

141 548 243 596 levi
280 563 338 595 ex
379 563 532 596 causa
569 546 755 595 bellum
798 545 948 595 datur
986 548 1138 594 etiam
1182 546 1382 608 puellae
1426 561 1661 608 persona,
1707 561 1836 607 quae

90 634 111 666 ⁵
141 636 232 685 pro
264 635 382 670 sexu
421 623 472 669 et
503 623 667 670 aetate
697 622 901 683 putaret
929 636 1167 684 magnum
1198 620 1358 669 scelus
1390 620 1685 682 admissum,
1717 621 1838 684 quia

141 696 412 745 moriturus
459 695 626 744 fuerat
671 710 730 743 ex
779 710 931 743 causa
975 695 1193 743 vulneris
1240 710 1434 743 cervus:
1486 695 1539 742 in
1594 693 1838 743 auxilium

141 770 439 833 repetendae
475 768 682 818 ultionis
720 769 944 817 homines
984 768 1198 818 vocabat
1235 769 1470 833 agrestiS,
1507 768 1749 832 inperitos
1788 770 1839 815 et

143 843 294 893 duros
332 844 426 892 hoc
473 845 550 891 est
588 843 753 892 animo
799 843 931 892 feros
978 845 1029 891 et
1072 844 1267 892 ratione
1314 844 1529 905 expertis
1577 845 1727 907 atque
1774 841 1839 891 ad

144 919 393 966 certamen
415 917 591 966 robore
623 919 843 980 corporis
868 920 1187 980 conpetenter
1218 917 1516 980 aptissimos.
1562 918 1639 965 illi
1662 917 1840 978 (pestis
1857 926 1943 966 505

70 1005 113 1037 ιο
144 993 272 1040 enim
309 993 468 1040 tacitis
507 993 621 1040 latet
658 1006 837 1052 aspera
874 992 1036 1051 silvis)
1074 993 1314 1052 inprovisi
1351 992 1555 1040 adsunt:
1601 993 1841 1054 quoniam

142 1069 326 1115 natura
375 1066 512 1115 saevi
561 1069 612 1114 et
660 1082 750 1128 pro
804 1066 1027 1114 locorum
1076 1067 1346 1128 asperitate
1398 1068 1563 1115 truces
1618 1066 1841 1115 oblatam

143 1141 341 1203 puellae
397 1142 712 1203 sumpserant
764 1156 956 1201 vocem,
1009 1142 1255 1188 venerunt
1302 1143 1521 1203 repente.
1597 1139 1842 1202 inprovisi

145 1216 262 1263 sunt
301 1214 390 1278 qui
427 1214 595 1263 subito
636 1217 880 1277 apparent
917 1230 1006 1262 nec
1044 1213 1279 1263 videntur
1325 1213 1444 1262 dum
1475 1215 1700 1263 veniunt.
1758 1214 1840 1261 de-

145 1288 379 1337 scribitur
414 1289 467 1336 in
506 1289 659 1337 armis
697 1288 819 1351 ipsis
858 1288 1119 1336 hominum
1156 1288 1297 1336 furor
1336 1290 1387 1336 et
1419 1289 1680 1351 repentina
1711 1303 1841 1336 com-

72 1375 114 1407 15
144 1363 323 1411 mofio:
360 1363 586 1423 ruebant,
616 1362 798 1425 inquit,
827 1362 881 1410 in
911 1362 1171 1410 hominum
1201 1362 1472 1425 perniciem
1502 1365 1842 1426 properantes,

145 1453 246 1485 non
282 1437 442 1485 hastis
482 1437 664 1485 armati
701 1437 780 1486 vel
819 1436 1025 1500 gladiis3
1071 1439 1290 1501 agrestes
1332 1438 1518 1500 quippe
1556 1454 1657 1486 non
1695 1453 1841 1486 usum

144 1510 427 1559 habuerunt
463 1511 742 1575 pugnandi,
790 1511 876 1559 sed
919 1510 1204 1559 inferendae
1243 1511 1527 1559 violentiae.
1602 1512 1680 1559 hic
1716 1514 1844 1559 torre

146 1589 368 1634 armatus
414 1586 602 1642 waste,
653 1586 832 1646 stipitis
876 1585 953 1633 hic
994 1586 1194 1647 yravidi
1237 1586 1403 1633 nodis:
1455 1601 1606 1647 unus,
1661 1585 1843 1648 inquit,

145 1659 338 1708 ferebat
386 1659 569 1708 fustem
619 1676 678 1707 ex
723 1659 952 1708 incendio
1000 1659 1276 1721 sublatum,
1328 1660 1455 1708 alter
1500 1659 1724 1722 stipitem
1768 1659 1843 1706 in-

72 1747 116 1779 20
145 1734 361 1797 politum
409 1736 460 1782 et
504 1734 748 1782 nodorum
798 1733 1098 1796 ponderibus
1152 1736 1552 1798 praegravatum.
1631 1734 1843 1782 duorum

147 1808 430 1870 specialiter
469 1808 603 1856 dicta
641 1811 760 1857 sunt
798 1823 959 1870 arma,
1004 1810 1064 1856 ut
1111 1808 1170 1856 de
1217 1808 1438 1871 exemplo
1484 1807 1732 1870 potuisset
1768 1808 1843 1855 in-

146 1882 319 1946 tellegi
342 1882 512 1944 qualia
543 1882 702 1931 omnis
733 1882 1006 1931 multitudo
1030 1884 1266 1945 portaret.
1322 1897 1435 1930 cum
1456 1882 1615 1946 igitur
1641 1883 1843 1931 cunctos

146 1956 287 2004 brevi
310 1956 525 2004 dictione
550 1955 878 2018 concluderet,
910 1958 985 2005 ait
1014 1957 1141 2016 quod
1171 1957 1340 2016 cuique
1370 1960 1614 2016 reperiam
1641 1957 1846 2005 rimanti

149 2030 294 2078 telum
316 2031 398 2078 ira
419 2031 563 2090 facit:
600 2033 851 2094 postremo
876 2031 1173 2080 succedebat
1196 2030 1476 2079 furentibus
1507 2031 1562 2078 in
1594 2047 1845 2079 armorum

74 2117 118 2149 25
148 2105 306 2153 vicem
338 2104 578 2167 quicquid
608 2120 842 2167 praesens
872 2105 1184 2154 ministrarat
1215 2104 1423 2153 occasio.
1476 2109 1616 2153 vocat
1645 2107 1846 2166 aymina

150 2179 395 2239 Tyrrhus:
433 2194 544 2226 cum
583 2195 672 2241 pro
711 2179 1058 2244 magnitudine
1090 2179 1438 2228 commotionis
1471 2195 1591 2227 suae
1623 2180 1844 2242 Tyrrhus

0 2266 1 2310 ι
148 2255 460 2316 praesentem
488 2252 800 2301 iuventutem
832 2254 1057 2302 sufficere
1086 2269 1187 2302 non
1218 2268 1363 2316 posse
1395 2255 1631 2317 speraret,
1662 2254 1846 2302 ultioni

0 2335 1 2342 ¹
149 2326 362 2375 vocabat
385 2327 487 2375 alia
518 2343 719 2390 quoque
751 2327 966 2391 agmina.
1021 2327 1255 2376 describit
1283 2327 1387 2375 iam
1411 2328 1658 2390 quomodo
1683 2328 1844 2376 venie-

148 2400 272 2449 bant
324 2401 537 2462 evocati,
577 2402 756 2464 quanti
802 2402 881 2450 vel
928 2402 1101 2464 quales
1148 2402 1230 2450 vel
1282 2401 1436 2449 unde:
1491 2402 1846 2462 quadripedam

272 2533 295 2570 1
326 2528 513 2582 referret
544 2528 615 2571 ed.
710 2532 736 2571 3
769 2529 1115 2573 et—verberare
1137 2527 1181 2571 V
1203 2531 1572 2575 et—verberaret
1599 2528 1670 2572 ed.
1695 2527 1846 2582 possis

151 2587 529 2631 iit—verberaret
551 2587 799 2643 suspicari,
826 2587 907 2631 sed
932 2587 988 2631 cf.
1016 2592 1057 2642 5,
1077 2592 1174 2631 781.
1279 2592 1306 2631 5
1333 2601 1420 2644 pro
1452 2589 1738 2632 exuaeclitate
1758 2586 1846 2630 VH

144 2659 232 2701 pro
278 2647 568 2702 simplicitate
616 2646 706 2690 OU
746 2647 818 2690 ed.
964 2651 990 2690 8
1036 2648 1214 2692 ratione
1251 2646 1295 2690 V
1333 2648 1405 2692 ed.
1459 2648 1559 2691 -nis
1606 2647 1676 2689 ed.
1724 2647 1847 2701 post.

153 2708 179 2747 9
212 2705 293 2748 olli
323 2705 394 2748 ed.
500 2709 555 2749 10
587 2707 752 2750 tacitas
781 2705 837 2749 V.
939 2711 991 2749 11
1026 2707 1320 2762 asperiditate
1350 2706 1404 2751 V.
1442 2707 1446 2764 Ι
1481 2711 1683 2762 optatam
1707 2704 1749 2747 V
1773 2705 1844 2748 ed.

153 2763 351 2807 oblatam
381 2778 477 2807 nos.
576 2769 631 2808 12
662 2770 951 2821 sumpserant
980 2765 1022 2808 V
1055 2766 1125 2809 ed.
1157 2765 1308 2821 possis
1339 2770 1574 2810 senserant
1603 2764 1846 2820 suspicari,

154 2822 236 2865 sed
268 2822 325 2866 cf.
360 2827 401 2876 8,
427 2828 497 2867 64.
541 2823 545 2881 Ι
591 2825 828 2880 improvisi
856 2826 964 2879 post
993 2838 1142 2869 vocem
1171 2823 1388 2880 interpol.
1415 2824 1485 2869 ed.
1581 2828 1635 2867 16
1667 2825 1782 2868 artis
1804 2823 1847 2866 V

154 2886 250 2925 arte
281 2882 352 2926 ed.
385 2883 530 2927 hastis
559 2897 664 2927 nos:
704 2885 862 2938 potest
899 2883 948 2926 in
987 2883 1240 2939 archetypo
1280 2886 1392 2927 asiis
1432 2882 1656 2937 scriptum
1687 2882 1843 2926 fuisse.

155 2943 211 2982 23
241 2946 466 2996 repertum
489 2941 530 2984 V
560 2956 598 2986 r.
623 2947 687 2986 est
711 2942 783 2986 ed.
869 2946 925 2986 28
955 2943 1050 2987 iam
1073 2942 1116 2985 V
1147 2945 1282 2987 etiam
1307 2942 1378 2986 ed.
1465 2945 1519 2984 29
1551 2943 1658 2997 post
1687 2943 1810 2986 unde
1833 2959 1848 2985 .-

155 2999 291 3052 posui
322 3000 575 3044 secundum
607 3001 1043 3056 interpretationem
1076 3002 1285 3056 quamvis
1318 3001 1581 3044 absurdam.
1619 3001 1624 3059 Ι
1660 3001 1845 3057 quadri-
