2050 3226
103 617 158 658 90

192 174 302 227 420
667 171 900 216 DONATI
929 170 1210 216 INTERPR.
1234 171 1413 217 VERG.

192 312 413 359 dolorem
450 313 503 359 in
543 312 842 360 cruciatibus
883 311 959 360 sui
999 311 1215 373 corporis
1263 313 1568 374 monstrans,
1615 313 1882 362 dissolutus

192 385 466 434 defectione
513 386 668 434 animi
719 388 770 434 et
816 386 1056 447 corporis,
1112 402 1264 448 quam
1309 388 1531 435 senectus
1580 390 1785 435 auxerat
1834 389 1884 435 et

193 461 535 509 cumulaverat
580 461 758 508 luctus
835 460 1019 507 ducunt
1064 463 1106 506 et
1148 459 1330 507 Rutulo
1368 461 1599 520 perfusos
1645 462 1884 523 sanquine

191 549 390 582 currus:
429 550 599 582 currus
639 534 825 582 scilicet
863 549 1033 581 eorum
1072 549 1194 596 quos
1234 549 1292 581 ex
1329 534 1527 583 Rutulis
1567 535 1736 583 Pallas
1774 536 1882 599 ipse

191 608 446 657 deiecerat.
513 611 629 668 post
667 608 866 656 bellator
905 621 1054 666 equus
1083 608 1261 667 positis
1297 608 1573 668 insiquibus
1611 607 1802 657 Aethon
1846 611 1884 657 it
1937 621 1957 654 5

190 683 458 732 lacrimans
492 683 731 743 quitisque
767 684 976 729 umectat
1007 682 1282 742 qraudibus
1300 693 1302 695 ’
1319 696 1431 730 ora:
1467 685 1613 731 tanta
1640 684 1882 732 acerbitas

154 756 159 759 ’
188 756 374 805 funeris
414 757 534 816 fuit,
581 757 641 803 ut
679 755 831 803 etiam
867 758 1065 803 mutum
1114 755 1300 803 animal
1343 756 1657 805 amissionem
1696 757 1884 805 domini

99 2173 153 2211 95

189 832 394 879 sentiret
425 831 474 877 et
504 831 656 878 fieret.
709 829 817 877 ibat
839 830 993 893 igitur
1023 845 1123 877 non
1152 829 1362 893 insignis
1395 847 1555 894 neque
1579 832 1883 894 phaleratus,

187 907 245 953 ut
276 905 423 964 solet,
461 906 519 952 ut
549 905 656 966 ipse
690 920 885 967 quoque
920 905 1084 952 animo
1117 904 1284 968 lugere
1315 905 1569 953 videretur
1592 907 1643 953 et
1665 921 1880 969 corpore.

187 979 339 1026 flebat
379 994 491 1026 cum
522 978 806 1026 hominibus
847 994 1004 1041 equus
1043 980 1093 1026 et
1130 978 1345 1027 bellator.
1373 995 1566 1043 gemere
1605 979 1882 1041 videbatur,
1915 993 1957 1027 10

188 1053 324 1115 quod
363 1052 427 1101 ad
456 1068 633 1116 rogum
664 1052 853 1099 domini
883 1052 1049 1114 potius
1090 1069 1240 1114 quam
1280 1053 1483 1101 solitum
1514 1053 1788 1102 ducebatur
1819 1054 1883 1101 ad

188 1142 431 1190 campum.
509 1142 622 1175 cum
667 1127 923 1174 hominum
973 1127 1204 1175 dicantur
1251 1142 1359 1189 ora,
1414 1143 1500 1175 ora
1555 1128 1682 1176 dixit
1731 1128 1883 1176 etiam

187 1218 372 1264 equum
410 1201 630 1249 lacrimis
679 1203 976 1263 umectasse;
1022 1202 1138 1249 huic
1184 1201 1315 1248 enim
1362 1217 1460 1249 non
1507 1202 1665 1250 solam
1703 1202 1884 1250 faciem

187 1292 361 1324 verum
391 1276 546 1324 etiam
575 1275 848 1323 humanum
881 1275 1115 1323 attribuit
1139 1291 1365 1336 sensum,
1400 1278 1636 1338 quoniam
1669 1275 1883 1325 occisum

187 1350 442 1398 dominum
475 1349 721 1397 sentiebat
752 1351 801 1397 et
831 1350 994 1398 fiebat.
1037 1350 1231 1398 hastam
1263 1350 1351 1397 alii
1377 1349 1663 1410 qaleamque
1692 1352 1884 1410 ferunt,·
1915 1363 1955 1396 15

185 1439 303 1472 uam
342 1427 498 1472 cetera
526 1424 728 1471 Turnus
765 1425 915 1471 victor
951 1425 1116 1471 habet:
1155 1427 1317 1471 cetera
1357 1426 1474 1472 sunt
1512 1424 1714 1488 cingula
1753 1441 1882 1488 quae

187 1499 381 1546 Turnus
433 1497 592 1546 occiso
633 1498 918 1546 sustulerat.
995 1501 1097 1545 tum
1134 1501 1321 1546 maesta
1351 1498 1576 1558 phalanx
1617 1500 1882 1559 Teucrique

185 1575 412 1620 secuntur
452 1572 782 1632 Tyrrhenique
826 1585 990 1619 omues
1037 1575 1079 1619 et
1114 1573 1268 1619 versis
1305 1570 1527 1620 Arcades
1570 1574 1747 1620 armis:
1794 1572 1883 1621 isti

186 1662 353 1694 omnes
386 1646 552 1693 funeri
587 1646 1009 1708 obsequebantur,
1048 1661 1147 1693 non
1184 1648 1353 1694 tamen
1391 1645 1483 1707 sic,
1523 1648 1580 1693 ut
1617 1662 1777 1709 usque
1817 1647 1881 1694 ad

186 1720 478 1768 Euandrum
509 1720 790 1782 tenderent,
831 1720 916 1768 sed
945 1722 1004 1768 ut
1035 1720 1094 1767 de
1125 1721 1350 1782 proximo
1381 1710 1670 1768 remearent.
1724 1722 1880 1770 versis
1913 1735 1956 1767 20

187 1795 336 1842 armis
376 1810 476 1842 non
516 1795 634 1843 solis
666 1793 969 1855 Arcadibus,
1009 1793 1094 1842 sed
1134 1794 1361 1841 omnibus
1401 1794 1754 1856 adplicandum
1784 1797 1880 1857 est3

185 1884 284 1915 non
323 1869 453 1916 enim
492 1868 584 1916 soli
622 1868 841 1917 Arcades
888 1871 957 1916 sic
1005 1868 1319 1929 incedebant,
1367 1868 1452 1916 sed
1491 1884 1658 1917 omnes
1699 1869 1786 1932 qui
1824 1885 1881 1917 ex

186 1941 391 1990 diversis
424 1942 654 2006 gentibus
685 1944 885 1990 fuerant
916 1943 1225 2006 congregati,
1264 1945 1322 1990 ut
1353 1942 1419 1990 sit
1440 1943 1660 2004 phalanx
1690 1945 1881 1991 maesta

187 2032 312 2078 quae
337 2016 436 2063 fuit
459 2019 692 2080 congesta
716 2033 774 2064 ex
798 2017 1014 2078 Teucris,
1038 2017 1304 2078 Tyrrhenis
1337 2018 1387 2063 et
1409 2016 1700 2066 Arcadibus.
1739 2017 1882 2066 ibant

185 2090 339 2138 versis
380 2090 530 2138 armis
575 2106 674 2138 non
720 2091 976 2152 bellantis,
1022 2091 1108 2139 sed
1145 2091 1362 2154 lugentis
1402 2107 1551 2139 more.
1621 2094 1880 2151 postquam
1912 2105 1953 2138 25

185 2165 342 2211 omnis
383 2163 517 2224 lonqe
549 2166 772 2211 comitum
794 2168 1132 2224 praecesserat
1161 2165 1298 2222 orde,
1339 2166 1551 2213 substitit
1578 2164 1774 2213 Aeneas
1801 2179 1879 2225 qe-

184 2238 397 2297 mituque
434 2238 551 2285 haec
588 2239 779 2286 addidit
817 2240 937 2287 alto:
974 2238 1061 2286 ubi
1099 2239 1245 2302 longe
1279 2241 1652 2301 praecesserunt
1689 2239 1878 2286 funeris

187 2311 497 2373 deductores,
535 2311 668 2358 idem
705 2312 783 2359 illi
815 2314 903 2375 qui
940 2329 1098 2375 usque
1138 2314 1202 2360 ad
1231 2313 1521 2361 Euandrum
1559 2313 1758 2360 fuerant
1797 2313 1876 2360 de-

187 2386 383 2447 stinati,
435 2385 628 2434 Aeneas
680 2386 907 2434 substitit
961 2387 1083 2435 satis
1137 2388 1404 2435 aestimans
1460 2403 1563 2435 esse
1610 2385 1740 2448 quod
1786 2403 1876 2448 pro

185 2461 476 2508 necessitate
525 2475 690 2507 rerum
735 2460 898 2508 fuerat
935 2461 1137 2508 factum.
1199 2461 1501 2509 redeundum
1547 2461 1678 2508 enim
1715 2461 1879 2508 fuerat
1910 2475 1952 2507 30

185 2537 389 2596 propter
425 2534 620 2597 reliqua
666 2534 783 2581 belli
830 2537 878 2582 et
929 2550 1098 2582 curam
1151 2536 1455 2597 reliquorum
1498 2535 1726 2581 funerum
1769 2551 1875 2596 per-

307 2694 329 2732 1
356 2691 556 2745 corporis
577 2689 620 2733 V
645 2691 841 2745 pectoris
865 2690 934 2734 ed.
973 2689 978 2747 1
1013 2696 1269 2735 moustraus
1284 2690 1326 2733 V
1349 2690 1562 2734 iudicaris
1586 2689 1656 2732 ed.
1694 2689 1697 2745 1
1734 2690 1877 2734 disso-

187 2750 310 2792 lutus
325 2775 376 2780 —
397 2753 421 2791 2
447 2750 648 2804 corporis
679 2762 768 2792 om.
793 2748 864 2792 ed.
959 2753 983 2792 2
1017 2763 1153 2805 quam
1176 2749 1218 2792 V
1241 2764 1368 2805 quem
1392 2749 1462 2793 ed.
1556 2753 1581 2791 3
1607 2748 1795 2804 perfuso
1820 2749 1874 2792 V.

188 2811 212 2849 9
245 2813 296 2851 ut
325 2808 421 2863 ipse
444 2807 487 2851 V
517 2809 595 2852 sed
623 2822 669 2851 u.
694 2809 725 2852 i.
755 2807 870 2851 edF.
966 2813 1019 2850 12
1052 2822 1134 2853 ora
1164 2809 1285 2853 dixit
1307 2808 1348 2852 V
1380 2807 1482 2864 equi
1511 2807 1730 2862 interpos.
1758 2808 1874 2851 edF.

189 2871 241 2909 13
275 2880 376 2910 cum
399 2866 441 2910 V
466 2867 535 2910 ed.
570 2881 730 2923 equum
761 2880 856 2910 nos
960 2872 1015 2910 14
1047 2869 1262 2922 quoniam
1284 2867 1326 2910 V
1357 2868 1436 2923 qui
1467 2867 1538 2910 ed.
1640 2870 1694 2909 18
1727 2880 1876 2910 omnes

186 2924 228 2967 V
259 2926 393 2969 duces
425 2926 496 2969 ed.
619 2931 672 2968 21
705 2926 849 2970 solum
885 2925 955 2968 ed.
1079 2931 1134 2970 26
1166 2931 1447 2983 processerat
1483 2926 1553 2969 ed.
1677 2930 1731 2968 27
1766 2939 1875 2980 pro-

189 2989 413 3028 cesserunt
443 2985 514 3028 ed.
638 2989 692 3028 29
726 2985 990 3029 existimaus
1021 2985 1091 3029 ed.
1215 2990 1267 3029 31
1299 2990 1487 3041 propter
1519 2985 1682 3029 bellum
1713 2984 1783 3028 ed.
