2050 3226
264 166 373 220 570
739 165 971 210 DONATI
999 164 1278 209 INTERPR.
1305 164 1485 209 VERG.

262 306 474 354 sortium
511 305 726 353 Iuturna
764 303 1068 354 commeruit.
1145 303 1340 352 addidit
1377 304 1529 352 etiam
1567 320 1618 354 se
1654 304 1708 353 id
1745 303 1955 354 libenter

261 379 457 440 fecisse3
479 379 639 428 multa
662 380 794 427 enim
810 378 872 426 ab
887 379 1061 427 invitis
1076 377 1206 426 fiunt
1223 378 1396 441 aliqua
1417 379 1708 430 necessitate
1733 380 1953 442 cogente.

260 469 358 501 non
404 455 553 502 vacat
599 453 731 516 quod
768 453 894 500 Iuno
942 468 1087 500 suum
1134 467 1237 501 esse
1284 452 1522 517 confingit
1567 453 1700 516 quod
1745 451 1955 502 Iuturna

259 527 312 575 in
345 528 480 575 caelo
512 542 617 576 esse
648 526 940 575 commeruit
971 525 1201 589 quodque
1231 526 1472 589 paelicem
1501 543 1729 589 perosam
1752 526 1956 576 simulat

261 617 359 649 non
389 601 586 650 habere.
638 602 690 648 in
730 616 787 648 eo
821 600 1004 663 quippe
1035 600 1233 649 subtilis
1266 600 1584 650 comminatio
1616 602 1955 650 demonstrata

261 678 356 737 est3
387 678 554 738 posset
584 675 716 723 enim
749 674 935 723 offensa
957 675 1131 723 tollere
1156 675 1287 737 quod
1315 674 1671 724 dissimulando
1705 678 1954 739 contemp-

262 752 406 798 serat.
462 749 584 797 duas
615 748 773 813 igitur
802 749 1122 797 necessitates
1152 749 1331 797 habuit
1353 749 1564 798 Iuturna
1589 749 1769 813 quibus
1794 751 1954 798 facere
2049 803 2050 807 Ἰ

261 824 528 886 cogebatur
579 823 712 886 quod
762 823 888 871 Iuno
940 822 1198 886 cupiebat,
1252 839 1407 871 unam
1456 823 1576 886 quia
1631 839 1722 887 pro
1784 824 1955 885 fratre,

261 898 470 946 alteram
521 898 643 960 quia
688 913 777 945 nec
822 913 1000 960 perosa
1045 898 1145 946 fuit
1183 899 1233 945 et
1269 899 1432 961 magis
1469 897 1683 960 putabat
1722 897 1866 962 diligi
1904 914 1955 946 se

261 971 322 1018 ab
362 987 420 1019 ea
459 987 587 1034 quae
625 973 825 1033 poterat
871 971 1031 1021 odisse
1071 972 1397 1020 vehementer.
1458 971 1650 1020 interea
1686 972 1957 1021 videndum

260 1047 334 1094 est
371 1062 431 1093 ne
470 1061 559 1094 nos
600 1045 896 1094 adsertionis
935 1045 1197 1095 diversitas
1235 1046 1424 1094 turbet:
1471 1062 1622 1109 supra
1661 1047 1792 1094 enim
1831 1044 1958 1094 dixit

260 1120 428 1181 „hunc
467 1120 545 1167 illi
582 1137 668 1168 rex
707 1121 918 1169 aetheris
960 1120 1091 1168 altus
1129 1121 1367 1169 honorem
1399 1120 1627 1183 Iuppiter
1664 1122 1835 1183 erepta
1864 1137 1955 1183 pro

259 1193 549 1258 virginitate
599 1193 868 1256 sacravit“‚
918 1196 1146 1258 sequenti
1195 1211 1310 1244 vero
1357 1196 1466 1244 loeo
1517 1194 1590 1243 ait
1638 1210 1696 1243 ex
1744 1209 1957 1257 persona

259 1267 465 1316 Iunonis
519 1269 614 1317 scis
668 1271 726 1317 ut
773 1270 822 1316 te
878 1268 1066 1318 cunctis
1115 1285 1290 1331 unam,
1353 1260 1706 1331 quaecumque¹
1746 1267 1956 1317 Latinae

258 1342 568 1405 magnanimi
611 1342 746 1392 Iovis
791 1341 1045 1407 ingratum
1094 1344 1354 1392 ascendere
1405 1343 1586 1405 cubile,
1634 1341 1956 1406 praetulerim

262 1416 482 1479 caelique
529 1416 688 1466 libens
733 1419 785 1465 in
824 1420 967 1479 parte
1013 1418 1233 1466 locarim.
1310 1419 1459 1480 poeta
1505 1434 1563 1466 ex
1609 1433 1820 1480 persona
1865 1432 1956 1466 sua

261 1490 387 1538 dixit
427 1491 558 1552 quod
598 1491 764 1540 fuerat
800 1508 994 1553 verum,
1040 1492 1209 1541 Iovem
1246 1508 1336 1554 pro
1376 1493 1538 1554 stupri
1581 1491 1804 1540 mercede
1844 1507 1954 1540 con-

260 1580 475 1613 secrasse
513 1565 794 1614 Iuturnam.
871 1566 1071 1628 quando
1120 1568 1285 1614 autem
1332 1566 1397 1614 ad
1441 1581 1705 1628 personam
1750 1565 1954 1614 Iunonis

260 1641 463 1687 ventum
495 1641 590 1701 est,
628 1639 887 1689 inductum
919 1642 994 1689 est
1023 1639 1335 1688 mendacium
1362 1642 1566 1703 propter
1597 1640 1797 1688 effectus
1831 1655 1954 1703 quos

261 1713 492 1776 cupiebat
528 1714 720 1776 inpleri.
797 1730 897 1763 non
942 1715 1074 1762 enim
1119 1714 1209 1762 illa
1245 1713 1510 1762 Iuturnam
1555 1730 1669 1762 vere
1717 1713 1957 1778 diligebat

261 1790 351 1834 aut
381 1788 601 1849 fratrem,
633 1789 720 1836 sed
744 1789 926 1853 agebat
955 1804 1158 1837 causam
1182 1804 1339 1849 suam,
1370 1805 1431 1835 ne
1462 1787 1515 1835 in
1545 1787 1751 1837 adverso
1777 1789 1955 1837 eventu

261 1862 542 1910 certaminis
574 1862 733 1910 Turni
762 1864 874 1926 ipsa
906 1878 1019 1911 cum
1050 1863 1151 1911 suis
1185 1861 1443 1910 conatibus
1479 1861 1688 1910 caderet.
1742 1864 1955 1924 peractis

260 1935 518 1997 principiis
559 1936 623 1984 ad
652 1937 816 1999 ipsam
847 1938 1037 2002 negotii
1066 1936 1456 1985 insinuationem
1492 1937 1650 1998 venit,
1689 1937 1743 1983 in
1774 1952 1876 1999 qua
1907 1937 1957 1984 et

262 2009 384 2070 quid
422 2012 654 2072 ageretur
699 2014 749 2059 et
791 2011 910 2074 quid
956 2010 1239 2059 conveniret
1275 2010 1383 2059 fieri
1428 2011 1649 2074 apertius
1694 2011 1954 2062 monstrat.

261 2082 409 2139 disce,
442 2084 627 2146 inquit,
659 2088 816 2144 tuum,
851 2100 911 2133 ne
941 2099 1016 2133 me
1045 2086 1258 2141 incuses,
1290 2085 1528 2142 Iuturna,
1562 2085 1795 2132 dolorem:
1827 2100 1955 2147 quae

261 2156 442 2219 agebat
484 2160 737 2221 negotium
776 2175 917 2208 suum
961 2158 1275 2208 dissimulata
1313 2159 1533 2207 utilitate
1571 2158 1775 2221 propria
1810 2158 1956 2221 fingit

259 2232 422 2278 totum
455 2247 605 2279 causa
636 2232 742 2280 fieri
773 2233 929 2282 Turni
960 2236 1010 2281 et
1039 2234 1294 2282 Iuturnae.
1348 2232 1602 2296 praedico,
1640 2233 1827 2295 inquit,
1865 2231 1956 2279 tibi

260 2305 467 2352 fratrem
504 2308 649 2353 tuum
688 2306 750 2354 ad
789 2323 1035 2355 summum
1074 2308 1376 2371 supplicium
1415 2323 1519 2356 esse
1554 2309 1839 2367 venturum,
1878 2322 1954 2366 ne,

262 2394 372 2426 cum
402 2378 455 2426 id
487 2379 674 2427 factum
706 2381 877 2442 fuerit,
918 2381 1052 2430 dicas
1091 2384 1141 2430 te
1173 2397 1338 2430 amore
1373 2397 1482 2429 meo
1514 2380 1680 2430 iuvari
1710 2375 1952 2442 nequisse.

261 2469 369 2501 ecce
410 2452 604 2501 addidit
635 2454 785 2502 etiam
815 2455 894 2502 hic
934 2455 1093 2504 veluti
1129 2455 1367 2504 beneficia
1405 2471 1495 2504 sua
1525 2455 1618 2503 hoc
1649 2453 1817 2502 modo:
1858 2468 1954 2514 qua

260 2528 369 2574 visa
408 2530 477 2575 est
511 2528 738 2576 Fortuna
772 2530 880 2588 pati
905 2529 1185 2590 Parcaeque
1221 2530 1446 2577 sinebant
1483 2529 1644 2576 cedere
1680 2542 1759 2575 res
1789 2527 1951 2583 Latio,

263 2601 487 2648 Turnum
526 2605 569 2649 et
606 2605 691 2650 tua
727 2603 920 2650 ‘moenia
957 2603 1075 2650 texi:
1121 2619 1230 2651 cum
1268 2602 1474 2651 Latinas
1521 2617 1597 2651 res
1644 2600 1954 2664 permitteret

261 2677 392 2722 stare
433 2675 656 2723 Fortuna
694 2678 745 2724 et
790 2691 901 2724 cum
946 2675 1163 2725 sinerent
1200 2677 1329 2739 fata,
1380 2676 1600 2724 Turnum
1647 2674 1796 2724 simul
1842 2690 1953 2722 cum

260 2748 360 2796 tuis
400 2750 658 2798 moenibus
697 2751 811 2798 texi.
887 2754 1018 2798 recte
1057 2751 1226 2813 posuit
1262 2751 1385 2813 texi;
1436 2767 1535 2798 non
1585 2749 1716 2797 enim
1764 2749 1953 2812 tegitur

383 2924 409 2962 4
441 2921 644 2977 quodque
667 2920 709 2964 V
740 2927 822 2965 aut
851 2921 970 2977 quod
1001 2921 1071 2965 ed.
1117 2922 1121 2979 Ι
1166 2921 1355 2966 simulat
1377 2920 1419 2964 V
1444 2920 1514 2964 ed.
1546 2933 1591 2963 se
1619 2924 1685 2963 s.‘?
1782 2923 1837 2962 20
1867 2919 1951 2962 illa

266 2991 353 3020 om.
380 2978 495 3022 edF.
619 2985 672 3023 27
707 2982 790 3025 tibi
820 2993 908 3024 om.
934 2979 1005 3024 ed.
1128 2985 1183 3023 32
1215 2995 1384 3024 eum—
1404 2983 1460 3023 34
1483 2979 1576 3024 teoei
1607 2991 1695 3022 om.
1723 2977 1793 3022 ed.

1988 985 2050 1018 10¹

1988 1359 2030 1393 15

1989 1731 2031 1763 20

1986 2099 2028 2132 25

1984 2468 2028 2500 30
