2050 3226
821 184 1124 230 AENEIDos
1155 185 1219 228 x1
1756 188 1865 242 445

170 326 251 374 ille
272 327 442 374 urbem
456 323 759 386 Aryyripam
776 326 973 385 patriae
996 326 1272 387 coqnomine
1291 326 1447 386 yentis
1469 326 1619 374 vietor
1642 324 1866 387 Garqani

171 401 403 448 condebat
430 398 636 460 Iapyyis
669 401 817 448 arvis.
874 401 985 463 quis
1002 415 1103 449 non
1133 398 1354 448 crederet
1383 399 1546 448 visum
1576 399 1867 461 Diomeden,

171 490 283 523 cum
330 476 381 523 et
426 476 564 522 actus
609 474 714 522 eius
752 474 939 538 legatio
987 476 1137 522 cauta
1183 473 1495 537 diligensque
1539 475 1767 522 narraret
1817 477 1867 522 et

171 548 467 612 adiungeret
511 547 728 610 plurima
774 564 902 610 quae
941 548 1089 596 fidem
1130 547 1350 596 facerent
1395 546 1675 597 universis?
1750 564 1865 596 nam

119 634 139 668 5
170 624 220 671 et
258 622 405 671 condi
441 621 660 685 patriam
700 624 751 670 et
788 638 969 671 nomen
1007 622 1112 671 eius
1151 624 1202 670 et
1238 621 1369 670 unde
1408 621 1462 670 id
1492 637 1672 670 nomen
1701 622 1864 670 trahe-

168 698 306 745 retur
335 698 386 744 et
415 697 671 746 fortunam
702 695 956 745 condentis
989 696 1128 745 dixit.
1177 699 1435 757 postquam
1458 696 1723 757 congressi:
1754 711 1866 744 con-

169 769 309 835 gredi
355 773 431 819 est
474 770 568 819 hoc
613 770 721 819 loco
774 770 906 834 quod
953 771 1273 819 occurrerunt
1309 769 1542 819 Diomedi
1581 770 1867 834 gradiend0‚

167 847 226 894 ut
256 843 480 894 dexteras
519 844 805 908 iungerent,
844 847 894 894 et
924 845 1114 893 factum
1152 847 1227 893 est
1263 845 1396 906 quod
1426 846 1504 894 est
1533 843 1732 908 signum
1762 859 1867 894 sus-

168 919 342 981 ceptae
394 918 643 968 amicitiae
693 921 753 967 ut
794 918 849 966 in
887 921 1064 968 octavo
1105 911 1197 985 (46
1206 913 1262 985 7)
1313 919 1604 983 „congressi
1651 919 1868 983 iungunt

95 1005 138 1037 ιο
169 993 387 1054 dextram,
424 993 700 1055 mediisque
730 992 958 1041 residunt
989 992 1196 1041 aedibus
1207 991 1248 1042 “.
1295 1008 1413 1056 ergo
1443 995 1714 1056 postquam
1753 1009 1867 1042 con-

168 1068 347 1131 gressi,
385 1067 573 1129 inquit,
612 1082 780 1116 sumus
836 1071 879 1115 et
916 1082 1081 1115 eoram
1124 1067 1243 1115 data
1282 1068 1422 1127 copia
1450 1067 1619 1127 fandi,
1659 1068 1710 1115 et
1748 1067 1867 1116 data

167 1144 243 1190 est
280 1142 501 1204 potestas
542 1157 654 1190 cum
688 1143 950 1204 praesente
982 1140 1240 1203 loquendi,
1277 1155 1486 1189 munera
1509 1141 1866 1201 praeferimus:

166 1215 460 1278 praecedere
492 1217 622 1265 enim
649 1215 941 1279 obsequium
972 1217 1022 1264 et
1046 1214 1367 1264 commoditas
1392 1231 1655 1263 munerum
1679 1215 1865 1277 debuit,

166 1291 224 1338 ut
239 1291 501 1339 secuturus
527 1306 686 1339 sermo
712 1291 846 1339 ain-is
864 1289 1120 1338 Diomedis
1146 1291 1406 1353 gratanter
1426 1290 1654 1338 intraret.
1691 1304 1866 1338 nomen

94 1381 135 1414 ιε
157 1365 473 1424 patriamque
518 1365 765 1413 docemus:
815 1364 1030 1413 diximus
1082 1364 1167 1426 qui
1220 1379 1433 1412 essemus
1481 1365 1532 1412 et
1574 1362 1720 1413 unde.
1783 1365 1866 1423 qui
1881 1370 1969 1411 250

167 1438 342 1486 bellum
379 1439 655 1487 intulerint:
703 1438 1035 1488 subtilitatem
1079 1441 1254 1487 narrat
1292 1453 1391 1500 qua
1436 1453 1556 1487 usus
1608 1440 1685 1486 est
1731 1438 1866 1500 apud

164 1511 460 1573 Diomeden,
510 1515 571 1561 ut
622 1512 809 1562 diceret
845 1513 996 1561 Troes
1046 1511 1233 1560 bellum
1280 1511 1530 1573 intulisse,
1580 1512 1714 1575 quod
1765 1528 1865 1561 non

164 1586 332 1634 fuerat
361 1587 567 1635 factum.
622 1587 900 1636 deformare
931 1586 1117 1650 quippe
1149 1602 1231 1635 eos
1262 1586 1380 1634 licet
1401 1586 1529 1634 falso
1554 1589 1865 1648 convenerat,

166 1660 300 1722 quod
322 1676 423 1709 non
453 1661 507 1708 in
539 1662 643 1710 suis
675 1661 895 1723 sedibus,
935 1661 1071 1724 quod
1096 1660 1238 1723 victi,
1270 1661 1403 1723 quod
1426 1661 1698 1724 peregrini,
1730 1659 1864 1723 quod

92 1751 136 1784 so
164 1735 399 1799 naufragi
449 1736 571 1784 civis
617 1736 748 1784 bello
798 1752 888 1799 per
935 1734 1256 1784 insolentiam
1304 1737 1670 1797 provocassent.
1740 1749 1865 1794 quae

165 1823 318 1857 causa
364 1810 619 1858 attraxerit
653 1809 845 1870 Arpos:
890 1812 1081 1872 quanta
1118 1809 1335 1858 brevitas
1381 1808 1661 1858 relationis!
1712 1824 1863 1872 quam

165 1883 236 1931 sic
274 1884 485 1946 proferri
528 1885 848 1946 convenerat,
894 1884 974 1933 vel
1022 1884 1143 1947 quia
1188 1883 1289 1932 alia
1333 1883 1580 1947 urgebant
1625 1883 1706 1932 vel
1729 1883 1864 1947 'quia

165 1956 435 2006 scientibus
475 1957 803 2021 loquebatu13
847 1974 964 2007 nam
1003 1973 1205 2006 narrare
1243 1957 1511 2019 unicuique
1552 1956 1686 2020 quod
1722 1957 1864 2006 novit

166 2032 287 2079 satis
319 2032 560 2080 vitiosum
590 2035 678 2081 est.
739 2033 930 2081 interea
961 2032 1112 2080 semel
1142 2031 1363 2095 positum
1393 2031 1623 2080 docemus
1665 2032 1861 2094 saepius

92 2120 134 2154 25
166 2104 399 2154 debemus
424 2106 667 2168 accipere,
698 2109 758 2155 ut
785 2106 852 2156 sit
878 2122 1057 2154 nomen
1082 2105 1334 2168 docemuS,
1364 2105 1583 2169 patriam
1614 2105 1861 2166 docemm,

166 2180 253 2242 qui
283 2179 469 2228 bellum
498 2181 762 2229 intulerint
792 2180 1044 2241 docemuS‚
1077 2195 1203 2243 quae
1236 2195 1387 2229 causa
1411 2181 1676 2229 attraxerit
1697 2180 1862 2243 Arpos

166 2253 410 2303 docemus.
473 2254 678 2311 auditis,
716 2255 810 2304 hoc
849 2257 925 2303 est
963 2254 1178 2316 acceptis
1217 2270 1343 2317 quae
1379 2255 1613 2316 diximus,
1653 2254 1861 2302 arbitra-

163 2326 340 2376 bamur
386 2329 620 2377 continuo
666 2345 780 2377 eum
825 2329 1081 2392 postulata
1138 2329 1401 2377 facturum.
1468 2329 1549 2377 ille
1597 2329 1737 2376 haec:
1782 2343 1860 2375 ex-

164 2417 407 2464 ponamus
459 2419 608 2464 quam
657 2402 759 2451 vim
816 2402 915 2451 duo
980 2404 1079 2451 ista
1136 2403 1431 2466 pronomina
1483 2404 1706 2451 teneant:
1759 2401 1860 2463 ille,

92 2490 135 2523 30
166 2476 495 2525 Troianorum
534 2476 725 2525 scilicet
762 2476 920 2526 hostis
968 2476 1186 2539 anticuS,
1234 2476 1343 2539 ille,
1391 2477 1455 2526 ad
1495 2492 1640 2538 quem
1676 2491 1860 2539 magno

285 2652 308 2690 1
343 2650 641 2705 aryyrippam
664 2646 719 2692 V.
819 2652 845 2692 6
877 2649 1142 2706 introgressi
1171 2648 1421 2705 introyredi
1452 2647 1523 2691 ed.
1617 2650 1642 2689 7
1675 2647 1795 2691 enim
1818 2645 1859 2690 V

164 2711 229 2751 est
269 2720 382 2751 corr.
424 2707 494 2751 ed.
556 2707 560 2765 Ι
617 2708 698 2751 hoe
740 2713 982 2752 currerunt
1021 2708 1220 2752 diomedi
1257 2707 1298 2750 V
1341 2711 1634 2751 occurrerwnt
1671 2706 1735 2750 D.
1775 2719 1858 2749 nos

163 2767 339 2809 temere
377 2768 491 2810 mut.
525 2766 597 2810 ed.
728 2769 783 2808 10
814 2766 972 2811 edibus
1003 2766 1046 2811 V
1077 2767 1266 2811 aedibus
1296 2779 1379 2810 nos
1413 2766 1594 2810 sedibus
1625 2764 1697 2808 ed.
1729 2763 1859 2808 locus

165 2824 214 2867 in
256 2824 363 2868 VIH
407 2826 562 2881 periit.
616 2825 620 2882 Ι
678 2826 940 2882 introyressi
986 2825 1057 2869 ed.
1193 2830 1247 2868 14
1293 2825 1542 2882 yradanter
1582 2825 1636 2867 ut
1682 2828 1767 2867 124
1802 2822 1856 2867 V.

167 2888 221 2927 16
267 2884 523 2929 intulerunt
561 2884 613 2928 V.
675 2884 678 2941 ᾗ
736 2890 935 2929 narrant
971 2884 1014 2928 V
1056 2898 1169 2929 corr.
1215 2884 1285 2929 ed.
1421 2888 1473 2927 17
1522 2883 1695 2928 doceret
1740 2882 1856 2926 edF.

168 2947 221 2986 18
252 2943 377 2997 falsa
400 2943 442 2987 V
474 2957 589 2987 corr.
622 2942 693 2987 ed.
803 2948 857 2986 19
888 2945 998 2989 victi
1020 2943 1061 2987 V
1093 2943 1212 3000 quod
1242 2958 1282 2987 v.
1317 2957 1437 2988 corn
1463 2942 1579 2986 edF.
1689 2946 1743 2985 27
1777 2942 1859 2987 do-

165 3015 312 3046 cemus
341 3004 450 3058 post
473 3003 624 3059 Arpos
655 3015 742 3046 om.
769 3002 841 3046 ed.
877 3002 882 3061 Ι
917 3004 1263 3049 arbitrabantur
1294 3002 1365 3047 ed.
1470 3005 1525 3046 29
1558 3005 1755 3047 tenerent
1785 3001 1857 3045 cd.
