2050 3226
877 174 1183 220 Annnmos
1213 174 1254 219 x
1804 179 1912 234 299

218 333 318 367 non
357 317 520 365 essent
547 313 775 364 incendio
808 317 859 364 et
887 315 1032 364 belle.
1086 315 1267 364 horum
1296 315 1371 365 vis
1404 318 1608 379 accepta
1631 316 1914 380 quantitate

219 391 542 456 augmentum
577 389 733 453 parit,
773 404 884 438 cum
923 389 1045 438 dicit
1081 391 1172 439 tot.
1241 390 1349 439 leve
1388 391 1521 439 enim
1557 390 1831 455 videretur,
1870 392 1914 440 si

218 481 318 514 non
361 464 667 527 frequenter,
708 463 795 512 sed
834 464 986 512 semel
1024 466 1153 514 esset
1198 464 1442 513 effectum.
1519 466 1571 513 et
1609 465 1777 514 omnia
1813 465 1913 514 ista

217 553 473 603 perpessos
535 536 780 599 adseruit,
850 553 962 586 cum
1023 540 1318 600 quaererent
1377 537 1603 600 Latium,
1673 554 1772 601 quo
1839 538 1912 587 ire

167 626 187 659 5
215 613 518 662 iubebantur
539 613 591 660 et
619 611 865 676 Pergama
893 627 1139 675 reparare.
1192 626 1293 660 non
1321 613 1479 661 satius
1510 613 1693 661 eineres
1718 614 1914 673 patriae

215 687 452 735 insedisse
473 700 727 748 supremos
758 689 900 746 atque
929 687 1087 734 solum
1117 700 1208 748 quo
1242 687 1394 735 Troia
1422 687 1552 747 fuit?
1605 703 1706 735 non
1735 687 1912 735 melius
1945 697 2001 738 60

215 762 394 811 fuisset
429 760 724 809 remansisse
762 759 816 807 in
855 760 1099 810 cineribus
1138 761 1334 824 patriae
1372 762 1423 809 et
1459 763 1512 809 in
1552 761 1657 810 solo
1703 761 1914 825 genitali

214 835 452 884 resedisse
502 850 653 898 quam
702 833 896 883 labores
945 836 1025 883 tot
1061 837 1112 883 et
1155 835 1377 898 pericula
1415 835 1521 884 sine
1561 836 1912 884 commoditate

214 908 523 972 suscepisse?
612 909 867 957 Xanthum
917 913 961 957 et
1005 909 1255 958 Simoenta
1308 910 1475 967 redde,
1531 924 1635 967 oro,
1693 911 1913 959 miseris:

142 997 185 1028 ιο
213 983 547 1033 necessarium
576 984 747 1046 posuit
775 982 946 1045 redde3
975 983 1135 1047 ipsius
1167 984 1299 1031 enim
1329 985 1471 1033 iussu
1498 984 1621 1032 fines
1651 984 1913 1048 regionum

215 1074 419 1107 suarum
480 1057 686 1106 Troiani
747 1057 1060 1120 dimiserant,
1121 1059 1228 1120 ipse
1288 1057 1491 1107 reddere
1545 1058 1718 1107 debuit
1778 1059 1912 1121 quod

213 1132 428 1181 iubendo
490 1132 763 1181 sustulerat
816 1133 905 1180 aut
957 1131 1010 1180 id
1065 1132 1199 1194 quod
1251 1132 1506 1195 pollicitus
1560 1133 1727 1182 fuerat
1779 1133 1911 1182 dare.

213 1223 474 1271 magnum,
522 1206 711 1269 inquit,
761 1207 883 1255 meis
931 1206 1212 1269 praestabis
1265 1206 1581 1269 beneficium,
1635 1208 1678 1256 si
1727 1209 1912 1272 negata

212 1280 509 1343 reddideris;
549 1280 634 1330 sed
671 1281 765 1328 hoc
802 1296 903 1328 non
941 1296 1078 1342 vere,
1118 1281 1206 1329 sed
1243 1283 1448 1343 propter
1483 1281 1729 1330 invidiam
1775 1281 1911 1342 dicit,

73 1357 75 1359 ’
140 1366 182 1399 15
213 1355 325 1404 ideo
366 1355 594 1417 sequitur
640 1355 907 1414 iterumque
944 1355 1186 1403 revolvere
1226 1369 1371 1404 casus
1408 1355 1496 1412 da,
1527 1358 1688 1416 pater,
1726 1356 1912 1404 Iliacos

214 1430 440 1478 Teucris:
490 1431 560 1491 et,
610 1428 654 1477 si
702 1429 796 1478 hoc
845 1430 1060 1491 putatur
1110 1430 1323 1490 iustum,
1375 1429 1558 1479 iterum
1610 1431 1664 1478 in
1716 1429 1910 1479 labores

211 1504 418 1552 redeant
456 1505 507 1551 et
543 1503 780 1566 periculis
810 1519 1010 1551 rursum
1041 1503 1209 1552 studio
1242 1504 1483 1553 deteriore
1515 1504 1814 1554 subdantur:
1852 1510 1913 1553 ut
1990 1524 2007 1532 ·

212 1578 495 1627 ostenderet
542 1578 773 1640 iniquum
822 1593 926 1626 esse
976 1577 1152 1642 negari
1196 1579 1503 1641 praesentia,
1540 1578 1911 1642 iniquissimum

211 1653 330 1702 fatis
378 1651 441 1701 ad
492 1668 551 1701 ea
598 1668 724 1716 quae
770 1668 860 1715 per
903 1653 982 1700 tot
1028 1669 1271 1701 annorum
1310 1652 1488 1701 seriem
1525 1653 1610 1702 vix
1648 1655 1912 1702 evaserant

69 1755 71 1758 -
96 1757 99 1759 -
137 1738 180 1771 20
210 1727 450 1776 revocari.

331 1802 459 1849 Tum
503 1800 640 1861 reyia
678 1800 809 1848 Iuno
856 1803 966 1849 aeta
1010 1801 1179 1861 furore
1222 1801 1390 1862 mavi:
1434 1801 1656 1850 furorem
1701 1800 1908 1850 dicendo

211 1874 429 1924 ostendit
477 1874 662 1923 iniuste
718 1877 1018 1923 commotam
1068 1876 1220 1937 atque
1268 1876 1535 1924 excitatam
1574 1876 1908 1924 vehementer:

210 1948 297 1997 ubi
343 1950 474 1998 enim
519 1949 661 1997 furor
704 1948 996 2011 intervenit,
1042 1966 1212 1998 verum
1263 1950 1419 1998 animi
1456 1949 1697 1998 iudicium
1735 1952 1909 1999 cessat.

210 2023 429 2072 furorem
465 2024 623 2087 igitur
659 2022 786 2071 Iuno
826 2023 1097 2087 collegerat
1133 2025 1351 2086 primum
1389 2040 1448 2072 ex
1479 2040 1538 2072 ea
1570 2040 1743 2086 causa,
1777 2025 1909 2088 quod

136 2109 178 2143 25
209 2099 263 2145 in
313 2099 559 2146 conventu
610 2098 816 2146 deorum
866 2098 1087 2146 omnium
1137 2097 1338 2147 dolebat
1387 2114 1437 2147 se
1483 2114 1588 2148 esse
1636 2099 1905 2147 confusam.

212 2171 346 2235 quod
398 2171 526 2219 mira
579 2173 686 2220 arte
741 2174 912 2236 egerat
970 2172 1162 2234 VenuS,
1230 2174 1310 2234 ut,
1380 2188 1492 2222 cum
1553 2175 1681 2222 esset
1735 2175 1908 2222 contra

211 2246 453 2295 Troianos
510 2246 733 2294 omnium
785 2246 989 2294 deorum
1037 2246 1090 2294 in
1143 2246 1365 2296 favorem
1416 2247 1625 2296 Iunonis
1688 2247 1907 2297 studium

210 2322 515 2383 susceptum,
539 2319 782 2368 Iunonem
804 2322 996 2383 peteret
1019 2321 1198 2382 solam,
1223 2336 1323 2383 quo
1347 2323 1621 2370 ceterorum
1645 2321 1906 2370 adsensum

209 2394 311 2443 suis
361 2394 588 2457 partibus
640 2396 919 2456 quaereret:
959 2395 1094 2457 quod
1131 2395 1392 2458 provenire
1431 2411 1532 2443 non
1580 2398 1770 2459 posset,
1809 2395 1907 2443 nisi

134 2480 177 2513 30
209 2467 544 2517 dissimulatio
595 2468 772 2517 fuisset
823 2468 1030 2517 adiecta.
1119 2484 1351 2517 accusare
1403 2471 1573 2517 autem
1619 2472 1708 2516 aut
1746 2469 1904 2517 omnis

209 2544 298 2591 aut
334 2543 491 2606 pluris
534 2543 655 2606 quid
692 2542 969 2606 prodesset,
1009 2558 1123 2591 cum
1163 2545 1364 2592 auctore
1397 2543 1587 2592 deiecta
1617 2542 1744 2591 nihil
1776 2545 1907 2592 esset

328 2702 352 2740 2
384 2699 427 2742 si
457 2712 544 2742 om.
572 2699 644 2742 cd.
768 2703 794 2742 3
825 2712 916 2743 esse
947 2698 1019 2744 ed.
1142 2704 1169 2743 4
1201 2700 1416 2744 adsumit
1446 2700 1499 2743 R.
1544 2699 1548 2757 Ι
1592 2704 1825 2754 quererent
1847 2698 1902 2743 V.

208 2761 233 2800 6
265 2770 528 2812 supraemos
550 2757 648 2803 VR.
781 2762 807 2802 8
840 2759 968 2802 labor
997 2764 1062 2803 est
1084 2758 1170 2802 VR
1200 2773 1314 2803 corr.
1341 2758 1412 2803 ed.
1545 2762 1598 2801 13
1631 2763 1796 2815 neyata
1818 2757 1904 2802 VR

205 2817 380 2860 temere
412 2818 525 2861 mut.
553 2817 624 2861 ed.
764 2822 820 2860 14
858 2818 939 2862 hoc
971 2831 1059 2862 om.
1085 2818 1157 2861 ed.
1296 2823 1350 2861 16
1391 2818 1542 2862 labore
1569 2816 1650 2860 VR
1690 2831 1802 2861 corr.
1829 2817 1900 2862 ed.

209 2879 263 2918 18
306 2876 480 2920 inicum
503 2875 600 2919 VR.
637 2876 661 2978 ὲ
705 2877 1042 2932 iniquissimum
1077 2876 1119 2920 R
1162 2878 1275 2921 -mis
1298 2876 1339 2919 V
1371 2877 1441 2920 ed.
1578 2880 1632 2919 19
1674 2877 1788 2931 fatis
1821 2875 1903 2920 VR

205 2933 238 2987 f.
265 2939 307 2978 et
329 2934 400 2978 ed.
433 2936 577 2980 satis?
610 2950 634 2979 c
658 2970 668 2979 .
694 2939 794 2978 369.
887 2940 944 2979 24
968 2937 1237 2993 eolleyerant
1259 2936 1301 2979 R
1324 2936 1501 2992 eolleyit
1528 2935 1599 2979 ed.
1687 2939 1741 2980 29
1768 2949 1901 2992 prae—

205 2994 356 3037 venire
389 2993 458 3038 ed.
583 2999 637 3038 31
670 2995 842 3039 deiecta
864 2994 949 3037 VR
979 2995 1147 3040 deiecto
1178 2995 1268 3049 ed.‚
1302 2995 1385 3039 scd
1417 2994 1474 3038 cf.
1501 2999 1571 3049 11,
1598 2999 1667 3039 74.
