<?xml version="1.0" encoding="UTF-8"?>
<!DOCTYPE html PUBLIC "-//W3C//DTD XHTML 1.0 Transitional//EN"
    "http://www.w3.org/TR/xhtml1/DTD/xhtml1-transitional.dtd">
<html xmlns="http://www.w3.org/1999/xhtml" xml:lang="en" lang="en">
 <head>
  <title>
</title>
<meta http-equiv="Content-Type" content="text/html;charset=utf-8" />
  <meta name='ocr-system' content='tesseract 3.04.00' />
  <meta name='ocr-capabilities' content='ocr_page ocr_carea ocr_par ocr_line ocrx_word'/>
</head>
<body>
  <div class='ocr_page' id='page_1' title='image "./interpretationes02donauoft_0221.png"; bbox 0 0 2050 3226; ppageno 0'>
   <div class='ocr_carea' id='block_1_1' title="bbox 786 187 1832 245">
    <p class='ocr_par' dir='ltr' id='par_1_1' title="bbox 786 187 1832 245">
     <span class='ocr_line' id='line_1_1' title="bbox 786 187 1832 245; baseline -0.001 -12"><span class='ocrx_word' id='word_1_1' title='bbox 786 187 1090 233; x_wconf 69' lang='lat' dir='ltr'><em>Assnsmos</em></span> <span class='ocrx_word' id='word_1_2' title='bbox 1121 188 1186 232; x_wconf 75' lang='lat' dir='ltr'><em>[x</em></span> <span class='ocrx_word' id='word_1_3' title='bbox 1726 192 1832 245; x_wconf 81' lang='lat'><em>217</em></span> 
     </span>
    </p>
   </div>
   <div class='ocr_carea' id='block_1_2' title="bbox 64 328 1936 2694">
    <p class='ocr_par' dir='ltr' id='par_1_2' title="bbox 141 328 1836 612">
     <span class='ocr_line' id='line_1_2' title="bbox 144 328 1834 394; baseline 0 -16"><span class='ocrx_word' id='word_1_4' title='bbox 144 346 295 394; x_wconf 87' lang='lat' dir='ltr'><em>quam</em></span> <span class='ocrx_word' id='word_1_5' title='bbox 344 328 669 379; x_wconf 85' lang='lat' dir='ltr'><em>conveniebat</em></span> <span class='ocrx_word' id='word_1_6' title='bbox 714 328 778 378; x_wconf 90' lang='lat' dir='ltr'><em>ad</em></span> <span class='ocrx_word' id='word_1_7' title='bbox 823 328 991 377; x_wconf 82' lang='lat' dir='ltr'><em>omnia</em></span> <span class='ocrx_word' id='word_1_8' title='bbox 1036 329 1258 377; x_wconf 86' lang='lat' dir='ltr'><em>animum</em></span> <span class='ocrx_word' id='word_1_9' title='bbox 1302 330 1469 377; x_wconf 91' lang='lat' dir='ltr'><em>tenere</em></span> <span class='ocrx_word' id='word_1_10' title='bbox 1508 330 1834 391; x_wconf 91' lang='lat' dir='ltr'><em>conpositum,</em></span> 
     </span>
     <span class='ocr_line' id='line_1_3' title="bbox 144 403 1835 468; baseline 0.001 -16"><span class='ocrx_word' id='word_1_11' title='bbox 144 420 270 467; x_wconf 88' lang='lat' dir='ltr'><em>quae</em></span> <span class='ocrx_word' id='word_1_12' title='bbox 301 405 397 453; x_wconf 86' lang='lat' dir='ltr'><em>viri</em></span> <span class='ocrx_word' id='word_1_13' title='bbox 427 404 571 453; x_wconf 88' lang='lat' dir='ltr'><em>fortis</em></span> <span class='ocrx_word' id='word_1_14' title='bbox 603 403 939 452; x_wconf 87' lang='lat' dir='ltr'><em>conditionem</em></span> <span class='ocrx_word' id='word_1_15' title='bbox 976 405 1167 463; x_wconf 90' lang='lat' dir='ltr'><em>nosset,</em></span> <span class='ocrx_word' id='word_1_16' title='bbox 1210 418 1338 464; x_wconf 90' lang='lat' dir='ltr'><em>quae</em></span> <span class='ocrx_word' id='word_1_17' title='bbox 1375 404 1552 466; x_wconf 89' lang='lat' dir='ltr'><em>utpote</em></span> <span class='ocrx_word' id='word_1_18' title='bbox 1591 403 1835 468; x_wconf 87' lang='lat' dir='ltr'><em>longaeva</em></span> 
     </span>
     <span class='ocr_line' id='line_1_4' title="bbox 141 475 1836 540; baseline -0.001 -13"><span class='ocrx_word' id='word_1_19' title='bbox 141 480 220 528; x_wconf 91' lang='lat' dir='ltr'><em>tot</em></span> <span class='ocrx_word' id='word_1_20' title='bbox 248 478 491 527; x_wconf 89' lang='lat' dir='ltr'><em>bellorum</em></span> <span class='ocrx_word' id='word_1_21' title='bbox 520 477 712 527; x_wconf 85' lang='lat' dir='ltr'><em>incerta</em></span> <span class='ocrx_word' id='word_1_22' title='bbox 744 477 1039 540; x_wconf 89' lang='lat' dir='ltr'><em>experiendo</em></span> <span class='ocrx_word' id='word_1_23' title='bbox 1071 475 1338 525; x_wconf 77' lang='lat' dir='ltr'><strong>didicisset.</strong></span> <span class='ocrx_word' id='word_1_24' title='bbox 1402 477 1719 526; x_wconf 78' lang='lat' dir='ltr'><em>acceleremus</em></span> <span class='ocrx_word' id='word_1_25' title='bbox 1742 479 1836 526; x_wconf 80' lang='lat' dir='ltr'><em>ait:</em></span> 
     </span>
     <span class='ocr_line' id='line_1_5' title="bbox 142 550 1836 612; baseline -0.001 -11"><span class='ocrx_word' id='word_1_26' title='bbox 142 568 252 601; x_wconf 90' lang='lat' dir='ltr'><em>ecce</em></span> <span class='ocrx_word' id='word_1_27' title='bbox 289 553 392 601; x_wconf 86' lang='lat' dir='ltr'><em>iam</em></span> <span class='ocrx_word' id='word_1_28' title='bbox 437 553 743 601; x_wconf 76' lang='lat' dir='ltr'><em>celeritatem</em></span> <span class='ocrx_word' id='word_1_29' title='bbox 780 550 979 612; x_wconf 78' lang='lat' dir='ltr'><em>suadet,</em></span> <span class='ocrx_word' id='word_1_30' title='bbox 1027 552 1088 599; x_wconf 88' lang='lat' dir='ltr'><em>ut</em></span> <span class='ocrx_word' id='word_1_31' title='bbox 1132 550 1413 600; x_wconf 77' lang='lat' dir='ltr'><em>ostenderet</em></span> <span class='ocrx_word' id='word_1_32' title='bbox 1450 551 1617 600; x_wconf 87' lang='lat' dir='ltr'><em>studio</em></span> <span class='ocrx_word' id='word_1_33' title='bbox 1656 567 1746 600; x_wconf 88' lang='lat' dir='ltr'><em>suo</em></span> <span class='ocrx_word' id='word_1_34' title='bbox 1786 554 1836 601; x_wconf 91' lang='lat' dir='ltr'><em>et</em></span> 
     </span>
    </p>

    <p class='ocr_par' dir='ltr' id='par_1_3' title="bbox 91 625 1843 987">
     <span class='ocr_line' id='line_1_6' title="bbox 91 625 1836 690; baseline 0.002 -18"><span class='ocrx_word' id='word_1_35' title='bbox 91 639 112 672; x_wconf 82' lang='lat'><strong>5</strong></span> <span class='ocrx_word' id='word_1_36' title='bbox 142 626 550 690; x_wconf 87' lang='lat' dir='ltr'><em>dispositionibus</em></span> <span class='ocrx_word' id='word_1_37' title='bbox 587 625 889 688; x_wconf 85' lang='lat' dir='ltr'><em>reipublicae</em></span> <span class='ocrx_word' id='word_1_38' title='bbox 926 625 1201 688; x_wconf 87' lang='lat' dir='ltr'><em>profuturis</em></span> <span class='ocrx_word' id='word_1_39' title='bbox 1239 640 1403 674; x_wconf 87' lang='lat' dir='ltr'><em>moras</em></span> <span class='ocrx_word' id='word_1_40' title='bbox 1441 641 1542 674; x_wconf 86' lang='lat' dir='ltr'><em>non</em></span> <span class='ocrx_word' id='word_1_41' title='bbox 1581 641 1687 675; x_wconf 88' lang='lat' dir='ltr'><em>esse</em></span> <span class='ocrx_word' id='word_1_42' title='bbox 1725 642 1836 675; x_wconf 89' lang='lat' dir='ltr'><em>nec-</em></span> 
     </span>
     <span class='ocr_line' id='line_1_7' title="bbox 140 699 1835 764; baseline 0 -15"><span class='ocrx_word' id='word_1_43' title='bbox 140 700 338 762; x_wconf 83' lang='lat' dir='ltr'><em>tendas,</em></span> <span class='ocrx_word' id='word_1_44' title='bbox 374 700 429 748; x_wconf 92' lang='lat' dir='ltr'><em>in</em></span> <span class='ocrx_word' id='word_1_45' title='bbox 468 715 567 764; x_wconf 90' lang='lat' dir='ltr'><em>quo</em></span> <span class='ocrx_word' id='word_1_46' title='bbox 608 699 901 749; x_wconf 83' lang='lat' dir='ltr'><em>ostendebat</em></span> <span class='ocrx_word' id='word_1_47' title='bbox 937 699 1342 763; x_wconf 87' lang='lat' dir='ltr'><em>persuasionibus</em></span> <span class='ocrx_word' id='word_1_48' title='bbox 1382 699 1496 748; x_wconf 89' lang='lat' dir='ltr'><em>aliis</em></span> <span class='ocrx_word' id='word_1_49' title='bbox 1534 701 1835 749; x_wconf 87' lang='lat' dir='ltr'><em>sententiam</em></span> 
     </span>
     <span class='ocr_line' id='line_1_8' title="bbox 139 774 1838 838; baseline -0.001 -14"><span class='ocrx_word' id='word_1_50' title='bbox 139 790 282 824; x_wconf 87' lang='lat' dir='ltr'><em>suam</em></span> <span class='ocrx_word' id='word_1_51' title='bbox 311 775 497 823; x_wconf 88' lang='lat' dir='ltr'><em>mutari</em></span> <span class='ocrx_word' id='word_1_52' title='bbox 526 790 626 823; x_wconf 90' lang='lat' dir='ltr'><em>non</em></span> <span class='ocrx_word' id='word_1_53' title='bbox 657 789 817 838; x_wconf 87' lang='lat' dir='ltr'><em>posse.</em></span> <span class='ocrx_word' id='word_1_54' title='bbox 877 774 1046 836; x_wconf 71' lang='lat' dir='ltr'><em>viqz&#39;les</em></span> <span class='ocrx_word' id='word_1_55' title='bbox 1076 774 1224 822; x_wconf 81' lang='lat' dir='ltr'><em>simul</em></span> <span class='ocrx_word' id='word_1_56' title='bbox 1255 775 1439 831; x_wconf 78' lang='lat' dir='ltr'><em>excitat,</em></span> <span class='ocrx_word' id='word_1_57' title='bbox 1471 774 1547 822; x_wconf 75' lang='lat' dir='ltr'><em>illi</em></span> <span class='ocrx_word' id='word_1_58' title='bbox 1576 775 1838 823; x_wconf 80' lang='lat' dir='ltr'><em>succedunt</em></span> 
     </span>
     <span class='ocr_line' id='line_1_9' title="bbox 138 848 1837 910; baseline -0.001 -12"><span class='ocrx_word' id='word_1_59' title='bbox 138 852 426 909; x_wconf 80' lang='lat' dir='ltr'><em>servantque</em></span> <span class='ocrx_word' id='word_1_60' title='bbox 462 850 609 905; x_wconf 59' lang='lat' dir='ltr'><em>view,</em></span> <span class='ocrx_word' id='word_1_61' title='bbox 649 850 853 898; x_wconf 79' lang='lat' dir='ltr'><em>statione</em></span> <span class='ocrx_word' id='word_1_62' title='bbox 896 849 1066 896; x_wconf 82' lang='lat' dir='ltr'><em>relicta</em></span> <span class='ocrx_word' id='word_1_63' title='bbox 1108 849 1214 908; x_wconf 77' lang='lat' dir='ltr'><em>ipse</em></span> <span class='ocrx_word' id='word_1_64' title='bbox 1258 862 1412 896; x_wconf 86' lang='lat' dir='ltr'><em>comes</em></span> <span class='ocrx_word' id='word_1_65' title='bbox 1448 848 1573 897; x_wconf 77' lang='lat' dir='ltr'><em>Niso</em></span> <span class='ocrx_word' id='word_1_66' title='bbox 1607 849 1837 910; x_wconf 75' lang='lat' dir='ltr'><em>yraditur</em></span> 
     </span>
     <span class='ocr_line' id='line_1_10' title="bbox 137 922 1843 987; baseline 0 -16"><span class='ocrx_word' id='word_1_67' title='bbox 137 937 387 984; x_wconf 73' lang='lat' dir='ltr'><em>reyemque</em></span> <span class='ocrx_word' id='word_1_68' title='bbox 399 924 677 983; x_wconf 77' lang='lat' dir='ltr'><em>requirunt:</em></span> <span class='ocrx_word' id='word_1_69' title='bbox 700 923 744 972; x_wconf 92' lang='lat' dir='ltr'><em>si</em></span> <span class='ocrx_word' id='word_1_70' title='bbox 759 923 939 987; x_wconf 87' lang='lat' dir='ltr'><em>vigiles</em></span> <span class='ocrx_word' id='word_1_71' title='bbox 956 923 1174 983; x_wconf 81' lang='lat' dir='ltr'><em>fuerunt,</em></span> <span class='ocrx_word' id='word_1_72' title='bbox 1191 922 1438 985; x_wconf 89' lang='lat' dir='ltr'><em>quomodo</em></span> <span class='ocrx_word' id='word_1_73' title='bbox 1456 923 1843 972; x_wconf 78' lang='lat' dir='ltr'><em>excitabantur?</em></span> 
     </span>
    </p>

    <p class='ocr_par' dir='ltr' id='par_1_4' title="bbox 67 996 1836 1357">
     <span class='ocr_line' id='line_1_11' title="bbox 67 996 1836 1059; baseline 0.002 -17"><span class='ocrx_word' id='word_1_74' title='bbox 67 1009 110 1042; x_wconf 85' lang='grc' dir='ltr'><em>ιο</em></span> <span class='ocrx_word' id='word_1_75' title='bbox 137 997 462 1046; x_wconf 86' lang='lat' dir='ltr'><em>manifestum</em></span> <span class='ocrx_word' id='word_1_76' title='bbox 493 1000 570 1046; x_wconf 90' lang='lat' dir='ltr'><em>est</em></span> <span class='ocrx_word' id='word_1_77' title='bbox 599 998 788 1045; x_wconf 86' lang='lat' dir='ltr'><em>nullam</em></span> <span class='ocrx_word' id='word_1_78' title='bbox 817 998 899 1046; x_wconf 92' lang='lat' dir='ltr'><em>hic</em></span> <span class='ocrx_word' id='word_1_79' title='bbox 929 1012 1035 1046; x_wconf 88' lang='lat' dir='ltr'><em>esse</em></span> <span class='ocrx_word' id='word_1_80' title='bbox 1067 996 1432 1059; x_wconf 85' lang='lat' dir='ltr'><em>quaestionem3</em></span> <span class='ocrx_word' id='word_1_81' title='bbox 1470 996 1664 1046; x_wconf 88' lang='lat' dir='ltr'><em>vicibus</em></span> <span class='ocrx_word' id='word_1_82' title='bbox 1703 997 1836 1046; x_wconf 88' lang='lat' dir='ltr'><em>enim</em></span> 
     </span>
     <span class='ocr_line' id='line_1_12' title="bbox 139 1070 1836 1137; baseline 0 -17"><span class='ocrx_word' id='word_1_83' title='bbox 139 1071 371 1133; x_wconf 88' lang='lat' dir='ltr'><em>servatis,</em></span> <span class='ocrx_word' id='word_1_84' title='bbox 409 1087 468 1120; x_wconf 86' lang='lat' dir='ltr'><em>ea</em></span> <span class='ocrx_word' id='word_1_85' title='bbox 505 1072 629 1121; x_wconf 85' lang='lat' dir='ltr'><em>hora</em></span> <span class='ocrx_word' id='word_1_86' title='bbox 667 1071 1024 1120; x_wconf 85' lang='lat' dir='ltr'><em>dormientibus</em></span> <span class='ocrx_word' id='word_1_87' title='bbox 1056 1070 1171 1119; x_wconf 84' lang='lat' dir='ltr'><em>aliis</em></span> <span class='ocrx_word' id='word_1_88' title='bbox 1203 1071 1290 1134; x_wconf 90' lang='lat' dir='ltr'><em>qui</em></span> <span class='ocrx_word' id='word_1_89' title='bbox 1318 1071 1523 1120; x_wconf 87' lang='lat' dir='ltr'><em>fuerant</em></span> <span class='ocrx_word' id='word_1_90' title='bbox 1559 1072 1836 1137; x_wconf 83' lang='lat' dir='ltr'><em>vigilaturi,</em></span> 
     </span>
     <span class='ocr_line' id='line_1_13' title="bbox 138 1145 1834 1210; baseline 0.001 -17"><span class='ocrx_word' id='word_1_91' title='bbox 138 1146 292 1195; x_wconf 88' lang='lat' dir='ltr'><em>Nisus</em></span> <span class='ocrx_word' id='word_1_92' title='bbox 314 1148 435 1194; x_wconf 88' lang='lat' dir='ltr'><em>tunc</em></span> <span class='ocrx_word' id='word_1_93' title='bbox 458 1148 509 1195; x_wconf 89' lang='lat' dir='ltr'><em>et</em></span> <span class='ocrx_word' id='word_1_94' title='bbox 531 1146 782 1208; x_wconf 83' lang='lat' dir='ltr'><em>Euryalus</em></span> <span class='ocrx_word' id='word_1_95' title='bbox 810 1145 1113 1210; x_wconf 84' lang='lat' dir='ltr'><em>vigilabant,</em></span> <span class='ocrx_word' id='word_1_96' title='bbox 1145 1145 1351 1208; x_wconf 89' lang='lat' dir='ltr'><em>proinde</em></span> <span class='ocrx_word' id='word_1_97' title='bbox 1382 1149 1623 1194; x_wconf 86' lang='lat' dir='ltr'><em>recessuri</em></span> <span class='ocrx_word' id='word_1_98' title='bbox 1653 1148 1834 1195; x_wconf 91' lang='lat' dir='ltr'><em>excita-</em></span> 
     </span>
     <span class='ocr_line' id='line_1_14' title="bbox 137 1220 1835 1284; baseline 0.001 -16"><span class='ocrx_word' id='word_1_99' title='bbox 137 1220 261 1269; x_wconf 89' lang='lat' dir='ltr'><em>bant</em></span> <span class='ocrx_word' id='word_1_100' title='bbox 291 1221 416 1269; x_wconf 85' lang='lat' dir='ltr'><em>alios</em></span> <span class='ocrx_word' id='word_1_101' title='bbox 451 1222 539 1284; x_wconf 91' lang='lat' dir='ltr'><em>qui</em></span> <span class='ocrx_word' id='word_1_102' title='bbox 562 1223 727 1270; x_wconf 88' lang='lat' dir='ltr'><em>essent</em></span> <span class='ocrx_word' id='word_1_103' title='bbox 750 1237 809 1268; x_wconf 90' lang='lat' dir='ltr'><em>ex</em></span> <span class='ocrx_word' id='word_1_104' title='bbox 831 1221 1045 1284; x_wconf 83' lang='lat' dir='ltr'><em>vigilum</em></span> <span class='ocrx_word' id='word_1_105' title='bbox 1075 1235 1303 1281; x_wconf 87' lang='lat' dir='ltr'><em>numero,</em></span> <span class='ocrx_word' id='word_1_106' title='bbox 1331 1236 1428 1282; x_wconf 89' lang='lat' dir='ltr'><em>quo</em></span> <span class='ocrx_word' id='word_1_107' title='bbox 1461 1220 1595 1268; x_wconf 86' lang='lat' dir='ltr'><em>facto</em></span> <span class='ocrx_word' id='word_1_108' title='bbox 1628 1221 1835 1270; x_wconf 86' lang='lat' dir='ltr'><em>dimissa</em></span> 
     </span>
     <span class='ocr_line' id='line_1_15' title="bbox 137 1293 1836 1357; baseline 0.001 -14"><span class='ocrx_word' id='word_1_109' title='bbox 137 1294 374 1356; x_wconf 85' lang='lat' dir='ltr'><em>statione,</em></span> <span class='ocrx_word' id='word_1_110' title='bbox 411 1294 466 1342; x_wconf 95' lang='lat' dir='ltr'><em>id</em></span> <span class='ocrx_word' id='word_1_111' title='bbox 504 1297 580 1343; x_wconf 90' lang='lat' dir='ltr'><em>est</em></span> <span class='ocrx_word' id='word_1_112' title='bbox 618 1295 822 1343; x_wconf 90' lang='lat' dir='ltr'><em>dimisso</em></span> <span class='ocrx_word' id='word_1_113' title='bbox 855 1294 1019 1343; x_wconf 90' lang='lat' dir='ltr'><em>officio</em></span> <span class='ocrx_word' id='word_1_114' title='bbox 1059 1293 1140 1342; x_wconf 91' lang='lat' dir='ltr'><em>cui</em></span> <span class='ocrx_word' id='word_1_115' title='bbox 1169 1294 1370 1343; x_wconf 73' lang='lat' dir='ltr'><em>filei-ant</em></span> <span class='ocrx_word' id='word_1_116' title='bbox 1401 1293 1631 1357; x_wconf 89' lang='lat' dir='ltr'><em>deputati</em></span> <span class='ocrx_word' id='word_1_117' title='bbox 1667 1294 1836 1345; x_wconf 87' lang='lat' dir='ltr'><em>ierunt</em></span> 
     </span>
    </p>

    <p class='ocr_par' dir='ltr' id='par_1_5' title="bbox 66 1368 1834 1506">
     <span class='ocr_line' id='line_1_16' title="bbox 66 1368 1834 1433; baseline 0.001 -16"><span class='ocrx_word' id='word_1_118' title='bbox 66 1379 107 1412; x_wconf 81' lang='lat'><em>1⁵</em></span> <span class='ocrx_word' id='word_1_119' title='bbox 137 1385 303 1432; x_wconf 87' lang='lat' dir='ltr'><em>pares,</em></span> <span class='ocrx_word' id='word_1_120' title='bbox 350 1371 408 1418; x_wconf 93' lang='lat' dir='ltr'><em>ut</em></span> <span class='ocrx_word' id='word_1_121' title='bbox 453 1371 750 1432; x_wconf 86' lang='lat' dir='ltr'><em>quaererent</em></span> <span class='ocrx_word' id='word_1_122' title='bbox 793 1385 974 1433; x_wconf 86' lang='lat' dir='ltr'><em>regem.</em></span> <span class='ocrx_word' id='word_1_123' title='bbox 1057 1368 1304 1417; x_wconf 89' lang='lat' dir='ltr'><em>incertum</em></span> <span class='ocrx_word' id='word_1_124' title='bbox 1351 1369 1485 1416; x_wconf 90' lang='lat' dir='ltr'><em>enim</em></span> <span class='ocrx_word' id='word_1_125' title='bbox 1530 1370 1696 1418; x_wconf 86' lang='lat' dir='ltr'><em>fuerat</em></span> <span class='ocrx_word' id='word_1_126' title='bbox 1734 1385 1834 1432; x_wconf 88' lang='lat' dir='ltr'><em>qua</em></span> 
     </span>
     <span class='ocr_line' id='line_1_17' title="bbox 135 1442 1521 1506; baseline 0.001 -15"><span class='ocrx_word' id='word_1_127' title='bbox 135 1443 189 1491; x_wconf 93' lang='lat' dir='ltr'><em>in</em></span> <span class='ocrx_word' id='word_1_128' title='bbox 227 1445 371 1506; x_wconf 89' lang='lat' dir='ltr'><em>parte</em></span> <span class='ocrx_word' id='word_1_129' title='bbox 409 1444 687 1492; x_wconf 88' lang='lat' dir='ltr'><em>castrorum</em></span> <span class='ocrx_word' id='word_1_130' title='bbox 722 1443 939 1493; x_wconf 90' lang='lat' dir='ltr'><em>inveniri</em></span> <span class='ocrx_word' id='word_1_131' title='bbox 975 1443 1223 1505; x_wconf 90' lang='lat' dir='ltr'><em>potuisset</em></span> <span class='ocrx_word' id='word_1_132' title='bbox 1259 1442 1521 1492; x_wconf 79' lang='lat' dir='ltr'><em>Ascanius,</em></span> 
     </span>
    </p>

    <p class='ocr_par' dir='ltr' id='par_1_6' title="bbox 137 1515 1936 1727">
     <span class='ocr_line' id='line_1_18' title="bbox 258 1515 1936 1578; baseline 0.001 -13"><span class='ocrx_word' id='word_1_133' title='bbox 258 1515 428 1566; x_wconf 79' lang='lat' dir='ltr'><em>Cetera</em></span> <span class='ocrx_word' id='word_1_134' title='bbox 451 1531 543 1578; x_wconf 77' lang='lat' dir='ltr'><em>per</em></span> <span class='ocrx_word' id='word_1_135' title='bbox 572 1521 730 1566; x_wconf 84' lang='lat' dir='ltr'><em>terras</em></span> <span class='ocrx_word' id='word_1_136' title='bbox 759 1518 918 1566; x_wconf 80' lang='lat' dir='ltr'><em>omnis</em></span> <span class='ocrx_word' id='word_1_137' title='bbox 949 1517 1192 1566; x_wconf 79' lang='lat' dir='ltr'><em>animalia</em></span> <span class='ocrx_word' id='word_1_138' title='bbox 1221 1531 1387 1566; x_wconf 84' lang='lat' dir='ltr'><em>somno</em></span> <span class='ocrx_word' id='word_1_139' title='bbox 1420 1518 1657 1566; x_wconf 69' lang='lat' dir='ltr'><em>lamabant</em></span> <span class='ocrx_word' id='word_1_140' title='bbox 1687 1533 1833 1567; x_wconf 85' lang='lat' dir='ltr'><em>curas</em></span> <span class='ocrx_word' id='word_1_141' title='bbox 1849 1527 1936 1567; x_wconf 81' lang='lat'><em>225</em></span> 
     </span>
     <span class='ocr_line' id='line_1_19' title="bbox 138 1592 1833 1651; baseline 0 -11"><span class='ocrx_word' id='word_1_142' title='bbox 138 1595 182 1640; x_wconf 77' lang='lat' dir='ltr'><em>et</em></span> <span class='ocrx_word' id='word_1_143' title='bbox 218 1592 366 1640; x_wconf 83' lang='lat' dir='ltr'><em>corda</em></span> <span class='ocrx_word' id='word_1_144' title='bbox 411 1592 561 1640; x_wconf 79' lang='lat' dir='ltr'><em>oblita</em></span> <span class='ocrx_word' id='word_1_145' title='bbox 606 1592 852 1640; x_wconf 84' lang='lat' dir='ltr'><em>laborum:</em></span> <span class='ocrx_word' id='word_1_146' title='bbox 897 1593 1116 1640; x_wconf 79' lang='lat' dir='ltr'><em>ductores</em></span> <span class='ocrx_word' id='word_1_147' title='bbox 1155 1592 1396 1640; x_wconf 80' lang='lat' dir='ltr'><em>Teucrum</em></span> <span class='ocrx_word' id='word_1_148' title='bbox 1429 1593 1604 1651; x_wconf 78' lang='lat' dir='ltr'><em>primi,</em></span> <span class='ocrx_word' id='word_1_149' title='bbox 1652 1592 1833 1641; x_wconf 78' lang='lat' dir='ltr'><em>delecta</em></span> 
     </span>
     <span class='ocr_line' id='line_1_20' title="bbox 137 1666 1833 1727; baseline 0 -13"><span class='ocrx_word' id='word_1_150' title='bbox 137 1666 382 1722; x_wconf 76' lang='lat' dir='ltr'><em>iuventuS,</em></span> <span class='ocrx_word' id='word_1_151' title='bbox 423 1666 679 1714; x_wconf 75' lang='lat' dir='ltr'><em>consilium</em></span> <span class='ocrx_word' id='word_1_152' title='bbox 716 1667 921 1714; x_wconf 77' lang='lat' dir='ltr'><em>swumis</em></span> <span class='ocrx_word' id='word_1_153' title='bbox 958 1667 1097 1727; x_wconf 73' lang='lat' dir='ltr'><em>reyni</em></span> <span class='ocrx_word' id='word_1_154' title='bbox 1135 1666 1193 1714; x_wconf 84' lang='lat' dir='ltr'><em>de</em></span> <span class='ocrx_word' id='word_1_155' title='bbox 1230 1667 1375 1714; x_wconf 85' lang='lat' dir='ltr'><em>rebus</em></span> <span class='ocrx_word' id='word_1_156' title='bbox 1412 1666 1674 1723; x_wconf 77' lang='lat' dir='ltr'><em>habebant,</em></span> <span class='ocrx_word' id='word_1_157' title='bbox 1716 1667 1833 1726; x_wconf 78' lang='lat' dir='ltr'><em>quid</em></span> 
     </span>
    </p>

    <p class='ocr_par' dir='ltr' id='par_1_7' title="bbox 64 1739 1833 2694">
     <span class='ocr_line' id='line_1_21' title="bbox 65 1739 1833 1801; baseline 0.001 -13"><span class='ocrx_word' id='word_1_158' title='bbox 65 1750 108 1783; x_wconf 74' lang='lat'><em>2⁰</em></span> <span class='ocrx_word' id='word_1_159' title='bbox 136 1741 353 1801; x_wconf 78' lang='lat' dir='ltr'><em>facerent</em></span> <span class='ocrx_word' id='word_1_160' title='bbox 397 1741 562 1800; x_wconf 79' lang='lat' dir='ltr'><em>quisve</em></span> <span class='ocrx_word' id='word_1_161' title='bbox 598 1739 796 1789; x_wconf 78' lang='lat' dir='ltr'><em>Aeneae</em></span> <span class='ocrx_word' id='word_1_162' title='bbox 839 1741 942 1789; x_wconf 79' lang='lat' dir='ltr'><em>iam</em></span> <span class='ocrx_word' id='word_1_163' title='bbox 987 1741 1191 1788; x_wconf 81' lang='lat' dir='ltr'><em>nuntius</em></span> <span class='ocrx_word' id='word_1_164' title='bbox 1229 1743 1372 1788; x_wconf 80' lang='lat' dir='ltr'><em>esset:</em></span> <span class='ocrx_word' id='word_1_165' title='bbox 1417 1740 1622 1789; x_wconf 91' lang='lat' dir='ltr'><em>dicendo</em></span> <span class='ocrx_word' id='word_1_166' title='bbox 1670 1742 1833 1790; x_wconf 84' lang='lat' dir='ltr'><em>cetera</em></span> 
     </span>
     <span class='ocr_line' id='line_1_22' title="bbox 139 1813 1833 1878; baseline 0.001 -16"><span class='ocrx_word' id='word_1_167' title='bbox 139 1814 378 1863; x_wconf 82' lang='lat' dir='ltr'><em>animalia</em></span> <span class='ocrx_word' id='word_1_168' title='bbox 417 1815 590 1877; x_wconf 84' lang='lat' dir='ltr'><em>quieta</em></span> <span class='ocrx_word' id='word_1_169' title='bbox 627 1815 828 1863; x_wconf 86' lang='lat' dir='ltr'><em>fuerant</em></span> <span class='ocrx_word' id='word_1_170' title='bbox 866 1816 916 1863; x_wconf 88' lang='lat' dir='ltr'><em>et</em></span> <span class='ocrx_word' id='word_1_171' title='bbox 953 1830 1044 1878; x_wconf 88' lang='lat' dir='ltr'><em>per</em></span> <span class='ocrx_word' id='word_1_172' title='bbox 1082 1813 1242 1862; x_wconf 89' lang='lat' dir='ltr'><em>omnis</em></span> <span class='ocrx_word' id='word_1_173' title='bbox 1286 1816 1446 1862; x_wconf 88' lang='lat' dir='ltr'><em>terras</em></span> <span class='ocrx_word' id='word_1_174' title='bbox 1486 1830 1657 1863; x_wconf 90' lang='lat' dir='ltr'><em>somno</em></span> <span class='ocrx_word' id='word_1_175' title='bbox 1697 1815 1833 1863; x_wconf 89' lang='lat' dir='ltr'><em>laxa-</em></span> 
     </span>
     <span class='ocr_line' id='line_1_23' title="bbox 139 1887 1832 1952; baseline 0.001 -16"><span class='ocrx_word' id='word_1_176' title='bbox 139 1889 260 1937; x_wconf 89' lang='lat' dir='ltr'><em>bant</em></span> <span class='ocrx_word' id='word_1_177' title='bbox 297 1903 439 1937; x_wconf 87' lang='lat' dir='ltr'><em>curas</em></span> <span class='ocrx_word' id='word_1_178' title='bbox 478 1889 590 1937; x_wconf 90' lang='lat' dir='ltr'><em>vult</em></span> <span class='ocrx_word' id='word_1_179' title='bbox 620 1889 862 1938; x_wconf 87' lang='lat' dir='ltr'><em>Troianos</em></span> <span class='ocrx_word' id='word_1_180' title='bbox 902 1890 1032 1938; x_wconf 91' lang='lat' dir='ltr'><em>solos</em></span> <span class='ocrx_word' id='word_1_181' title='bbox 1073 1889 1341 1952; x_wconf 83' lang='lat' dir='ltr'><em>pervigiles</em></span> <span class='ocrx_word' id='word_1_182' title='bbox 1380 1887 1534 1937; x_wconf 82' lang='lat' dir='ltr'><em>fuisse</em></span> <span class='ocrx_word' id='word_1_183' title='bbox 1564 1891 1832 1938; x_wconf 81' lang='lat' dir='ltr'><em>tractantis</em></span> 
     </span>
     <span class='ocr_line' id='line_1_24' title="bbox 139 1962 1833 2027; baseline 0.001 -16"><span class='ocrx_word' id='word_1_184' title='bbox 139 1963 198 2011; x_wconf 90' lang='lat' dir='ltr'><em>de</em></span> <span class='ocrx_word' id='word_1_185' title='bbox 230 1977 423 2011; x_wconf 87' lang='lat' dir='ltr'><em>summa</em></span> <span class='ocrx_word' id='word_1_186' title='bbox 451 1962 615 2027; x_wconf 89' lang='lat' dir='ltr'><em>regni,</em></span> <span class='ocrx_word' id='word_1_187' title='bbox 652 1964 747 2012; x_wconf 90' lang='lat' dir='ltr'><em>hoc</em></span> <span class='ocrx_word' id='word_1_188' title='bbox 777 1965 853 2012; x_wconf 89' lang='lat' dir='ltr'><em>est</em></span> <span class='ocrx_word' id='word_1_189' title='bbox 883 1963 942 2012; x_wconf 90' lang='lat' dir='ltr'><em>de</em></span> <span class='ocrx_word' id='word_1_190' title='bbox 975 1963 1133 2024; x_wconf 91' lang='lat' dir='ltr'><em>statu,</em></span> <span class='ocrx_word' id='word_1_191' title='bbox 1166 1962 1286 2026; x_wconf 88' lang='lat' dir='ltr'><em>quia</em></span> <span class='ocrx_word' id='word_1_192' title='bbox 1318 1962 1504 2012; x_wconf 90' lang='lat' dir='ltr'><em>obsessi</em></span> <span class='ocrx_word' id='word_1_193' title='bbox 1533 1963 1833 2012; x_wconf 87' lang='lat' dir='ltr'><em>tenebantur</em></span> 
     </span>
     <span class='ocr_line' id='line_1_25' title="bbox 138 2036 1832 2102; baseline 0 -16"><span class='ocrx_word' id='word_1_194' title='bbox 138 2039 189 2086; x_wconf 91' lang='lat' dir='ltr'><em>et</em></span> <span class='ocrx_word' id='word_1_195' title='bbox 235 2036 413 2085; x_wconf 85' lang='lat' dir='ltr'><em>incerti</em></span> <span class='ocrx_word' id='word_1_196' title='bbox 462 2037 585 2099; x_wconf 86' lang='lat' dir='ltr'><em>quid</em></span> <span class='ocrx_word' id='word_1_197' title='bbox 634 2039 840 2102; x_wconf 89' lang='lat' dir='ltr'><em>agerent</em></span> <span class='ocrx_word' id='word_1_198' title='bbox 888 2037 968 2086; x_wconf 91' lang='lat' dir='ltr'><em>vel</em></span> <span class='ocrx_word' id='word_1_199' title='bbox 1007 2037 1115 2100; x_wconf 89' lang='lat' dir='ltr'><em>quis</em></span> <span class='ocrx_word' id='word_1_200' title='bbox 1157 2037 1220 2085; x_wconf 88' lang='lat' dir='ltr'><em>ad</em></span> <span class='ocrx_word' id='word_1_201' title='bbox 1258 2036 1464 2086; x_wconf 86' lang='lat' dir='ltr'><em>Aenean</em></span> <span class='ocrx_word' id='word_1_202' title='bbox 1508 2036 1580 2085; x_wconf 90' lang='lat' dir='ltr'><em>ire</em></span> <span class='ocrx_word' id='word_1_203' title='bbox 1627 2037 1832 2086; x_wconf 89' lang='lat' dir='ltr'><em>nuntius</em></span> 
     </span>
     <span class='ocr_line' id='line_1_26' title="bbox 64 2111 1832 2176; baseline 0 -16"><span class='ocrx_word' id='word_1_204' title='bbox 64 2119 108 2153; x_wconf 74' lang='lat'><em>²⁶</em></span> <span class='ocrx_word' id='word_1_205' title='bbox 138 2113 308 2174; x_wconf 88' lang='lat' dir='ltr'><em>posset</em></span> <span class='ocrx_word' id='word_1_206' title='bbox 338 2111 639 2176; x_wconf 86' lang='lat' dir='ltr'><em>cogitabant.</em></span> <span class='ocrx_word' id='word_1_207' title='bbox 702 2112 921 2161; x_wconf 83' lang='lat' dir='ltr'><em>ostendit</em></span> <span class='ocrx_word' id='word_1_208' title='bbox 951 2113 1001 2160; x_wconf 87' lang='lat' dir='ltr'><em>et</em></span> <span class='ocrx_word' id='word_1_209' title='bbox 1030 2111 1253 2160; x_wconf 89' lang='lat' dir='ltr'><em>homines</em></span> <span class='ocrx_word' id='word_1_210' title='bbox 1286 2111 1385 2160; x_wconf 89' lang='lat' dir='ltr'><em>dici</em></span> <span class='ocrx_word' id='word_1_211' title='bbox 1415 2127 1559 2174; x_wconf 87' lang='lat' dir='ltr'><em>posse</em></span> <span class='ocrx_word' id='word_1_212' title='bbox 1593 2112 1832 2161; x_wconf 87' lang='lat' dir='ltr'><em>animalia</em></span> 
     </span>
     <span class='ocr_line' id='line_1_27' title="bbox 138 2179 1830 2252; baseline 0 -18"><span class='ocrx_word' id='word_1_213' title='bbox 138 2186 448 2235; x_wconf 88' lang='lat' dir='ltr'><em>consentiens</em></span> <span class='ocrx_word' id='word_1_214' title='bbox 497 2183 760 2247; x_wconf 80' lang='lat' dir='ltr'><em>Sallustio,</em></span> <span class='ocrx_word' id='word_1_215' title='bbox 807 2185 895 2249; x_wconf 88' lang='lat' dir='ltr'><em>qui</em></span> <span class='ocrx_word' id='word_1_216' title='bbox 933 2187 1004 2234; x_wconf 90' lang='lat' dir='ltr'><em>ait</em></span> <span class='ocrx_word' id='word_1_217' title='bbox 1042 2179 1174 2252; x_wconf 83' lang='lat' dir='ltr'><em>(Cat.</em></span> <span class='ocrx_word' id='word_1_218' title='bbox 1205 2188 1250 2247; x_wconf 90' lang='lat'><em>1,</em></span> <span class='ocrx_word' id='word_1_219' title='bbox 1278 2179 1335 2252; x_wconf 86' lang='lat'><em>1)</em></span> <span class='ocrx_word' id='word_1_220' title='bbox 1374 2187 1571 2247; x_wconf 85' lang='lat' dir='ltr'><em>„omnis</em></span> <span class='ocrx_word' id='word_1_221' title='bbox 1609 2186 1830 2235; x_wconf 91' lang='lat' dir='ltr'><em>homines</em></span> 
     </span>
     <span class='ocr_line' id='line_1_28' title="bbox 139 2256 1830 2322; baseline 0.001 -15"><span class='ocrx_word' id='word_1_222' title='bbox 139 2260 228 2322; x_wconf 89' lang='lat' dir='ltr'><em>qui</em></span> <span class='ocrx_word' id='word_1_223' title='bbox 266 2275 370 2308; x_wconf 86' lang='lat' dir='ltr'><em>sese</em></span> <span class='ocrx_word' id='word_1_224' title='bbox 416 2259 620 2309; x_wconf 89' lang='lat' dir='ltr'><em>student</em></span> <span class='ocrx_word' id='word_1_225' title='bbox 663 2262 918 2322; x_wconf 88' lang='lat' dir='ltr'><em>praestare</em></span> <span class='ocrx_word' id='word_1_226' title='bbox 958 2261 1136 2309; x_wconf 88' lang='lat' dir='ltr'><em>ceteris</em></span> <span class='ocrx_word' id='word_1_227' title='bbox 1176 2260 1476 2309; x_wconf 87' lang='lat' dir='ltr'><em>animalibus</em></span> <span class='ocrx_word' id='word_1_228' title='bbox 1486 2256 1528 2307; x_wconf 85' lang='lat'><em>“.</em></span> <span class='ocrx_word' id='word_1_229' title='bbox 1605 2260 1717 2309; x_wconf 89' lang='lat' dir='ltr'><em>laus</em></span> <span class='ocrx_word' id='word_1_230' title='bbox 1756 2262 1830 2308; x_wconf 91' lang='lat' dir='ltr'><em>in-</em></span> 
     </span>
     <span class='ocr_line' id='line_1_29' title="bbox 137 2333 1830 2399; baseline 0.001 -18"><span class='ocrx_word' id='word_1_231' title='bbox 137 2337 274 2382; x_wconf 90' lang='lat' dir='ltr'><em>terea</em></span> <span class='ocrx_word' id='word_1_232' title='bbox 320 2333 616 2397; x_wconf 83' lang='lat' dir='ltr'><em>exprimitur</em></span> <span class='ocrx_word' id='word_1_233' title='bbox 662 2335 866 2395; x_wconf 89' lang='lat' dir='ltr'><em>ducum,</em></span> <span class='ocrx_word' id='word_1_234' title='bbox 912 2334 1000 2396; x_wconf 84' lang='lat' dir='ltr'><em>qui</em></span> <span class='ocrx_word' id='word_1_235' title='bbox 1047 2333 1249 2383; x_wconf 87' lang='lat' dir='ltr'><em>absente</em></span> <span class='ocrx_word' id='word_1_236' title='bbox 1291 2350 1407 2399; x_wconf 90' lang='lat' dir='ltr'><em>rege</em></span> <span class='ocrx_word' id='word_1_237' title='bbox 1444 2337 1645 2383; x_wconf 86' lang='lat' dir='ltr'><em>tantum</em></span> <span class='ocrx_word' id='word_1_238' title='bbox 1684 2350 1830 2383; x_wconf 89' lang='lat' dir='ltr'><em>curae</em></span> 
     </span>
     <span class='ocr_line' id='line_1_30' title="bbox 138 2408 1830 2472; baseline 0 -17"><span class='ocrx_word' id='word_1_239' title='bbox 138 2423 197 2456; x_wconf 93' lang='lat' dir='ltr'><em>ac</em></span> <span class='ocrx_word' id='word_1_240' title='bbox 233 2408 522 2472; x_wconf 87' lang='lat' dir='ltr'><em>diligentiae</em></span> <span class='ocrx_word' id='word_1_241' title='bbox 560 2408 769 2470; x_wconf 87' lang='lat' dir='ltr'><em>dabant,</em></span> <span class='ocrx_word' id='word_1_242' title='bbox 807 2411 867 2457; x_wconf 89' lang='lat' dir='ltr'><em>ut</em></span> <span class='ocrx_word' id='word_1_243' title='bbox 903 2408 1039 2456; x_wconf 82' lang='lat' dir='ltr'><em>ultra</em></span> <span class='ocrx_word' id='word_1_244' title='bbox 1069 2410 1266 2471; x_wconf 90' lang='lat' dir='ltr'><em>tempus</em></span> <span class='ocrx_word' id='word_1_245' title='bbox 1305 2409 1577 2472; x_wconf 82' lang='lat' dir='ltr'><em>vigilarent</em></span> <span class='ocrx_word' id='word_1_246' title='bbox 1613 2410 1830 2457; x_wconf 88' lang='lat' dir='ltr'><em>tractan-</em></span> 
     </span>
     <span class='ocr_line' id='line_1_31' title="bbox 66 2481 1829 2546; baseline 0.001 -17"><span class='ocrx_word' id='word_1_247' title='bbox 66 2488 112 2522; x_wconf 79' lang='lat'><em>⁸⁰</em></span> <span class='ocrx_word' id='word_1_248' title='bbox 138 2484 211 2531; x_wconf 90' lang='lat' dir='ltr'><em>tes</em></span> <span class='ocrx_word' id='word_1_249' title='bbox 250 2482 392 2546; x_wconf 89' lang='lat' dir='ltr'><em>regni</em></span> <span class='ocrx_word' id='word_1_250' title='bbox 429 2482 687 2531; x_wconf 88' lang='lat' dir='ltr'><em>commoda</em></span> <span class='ocrx_word' id='word_1_251' title='bbox 726 2486 777 2531; x_wconf 89' lang='lat' dir='ltr'><em>et</em></span> <span class='ocrx_word' id='word_1_252' title='bbox 814 2481 937 2544; x_wconf 86' lang='lat' dir='ltr'><em>quid</em></span> <span class='ocrx_word' id='word_1_253' title='bbox 967 2482 1074 2530; x_wconf 88' lang='lat' dir='ltr'><em>fieri</em></span> <span class='ocrx_word' id='word_1_254' title='bbox 1111 2483 1165 2530; x_wconf 92' lang='lat' dir='ltr'><em>in</em></span> <span class='ocrx_word' id='word_1_255' title='bbox 1202 2484 1347 2531; x_wconf 85' lang='lat' dir='ltr'><em>tanta</em></span> <span class='ocrx_word' id='word_1_256' title='bbox 1385 2483 1677 2531; x_wconf 86' lang='lat' dir='ltr'><em>necessitate</em></span> <span class='ocrx_word' id='word_1_257' title='bbox 1717 2498 1829 2531; x_wconf 90' lang='lat' dir='ltr'><em>con-</em></span> 
     </span>
     <span class='ocr_line' id='line_1_32' title="bbox 139 2556 1832 2619; baseline 0.001 -15"><span class='ocrx_word' id='word_1_258' title='bbox 139 2560 338 2619; x_wconf 89' lang='lat' dir='ltr'><em>grueret</em></span> <span class='ocrx_word' id='word_1_259' title='bbox 366 2557 447 2605; x_wconf 87' lang='lat' dir='ltr'><em>vel</em></span> <span class='ocrx_word' id='word_1_260' title='bbox 479 2557 589 2619; x_wconf 88' lang='lat' dir='ltr'><em>quis</em></span> <span class='ocrx_word' id='word_1_261' title='bbox 630 2557 695 2605; x_wconf 86' lang='lat' dir='ltr'><em>ad</em></span> <span class='ocrx_word' id='word_1_262' title='bbox 725 2556 929 2605; x_wconf 89' lang='lat' dir='ltr'><em>Aenean</em></span> <span class='ocrx_word' id='word_1_263' title='bbox 960 2559 1129 2619; x_wconf 89' lang='lat' dir='ltr'><em>posset</em></span> <span class='ocrx_word' id='word_1_264' title='bbox 1151 2556 1360 2605; x_wconf 87' lang='lat' dir='ltr'><em>nuntius</em></span> <span class='ocrx_word' id='word_1_265' title='bbox 1386 2557 1639 2605; x_wconf 91' lang='lat' dir='ltr'><em>destinari.</em></span> <span class='ocrx_word' id='word_1_266' title='bbox 1701 2559 1832 2605; x_wconf 77' lang='lat' dir='ltr'><em>stant</em></span> 
     </span>
     <span class='ocr_line' id='line_1_33' title="bbox 140 2629 1831 2694; baseline 0.001 -18"><span class='ocrx_word' id='word_1_267' title='bbox 140 2630 293 2691; x_wconf 70' lang='lat' dir='ltr'><em>lonyis</em></span> <span class='ocrx_word' id='word_1_268' title='bbox 331 2631 504 2679; x_wconf 77' lang='lat' dir='ltr'><em>adnixi</em></span> <span class='ocrx_word' id='word_1_269' title='bbox 541 2632 695 2680; x_wconf 78' lang='lat' dir='ltr'><em>hastis</em></span> <span class='ocrx_word' id='word_1_270' title='bbox 731 2629 804 2692; x_wconf 79' lang='lat' dir='ltr'><em>[et</em></span> <span class='ocrx_word' id='word_1_271' title='bbox 841 2634 980 2679; x_wconf 78' lang='lat' dir='ltr'><em>scuta</em></span> <span class='ocrx_word' id='word_1_272' title='bbox 1017 2629 1270 2692; x_wconf 71' lang='lat' dir='ltr'><em>tenenteSJ:</em></span> <span class='ocrx_word' id='word_1_273' title='bbox 1307 2633 1506 2693; x_wconf 86' lang='lat' dir='ltr'><em>praeter</em></span> <span class='ocrx_word' id='word_1_274' title='bbox 1541 2629 1831 2694; x_wconf 81' lang='lat' dir='ltr'><em>vigiliarum</em></span> 
     </span>
    </p>
   </div>
   <div class='ocr_carea' id='block_1_3' title="bbox 141 2723 494 2730">
    <p class='ocr_par' dir='ltr' id='par_1_8' title="bbox 141 2723 494 2730">
     <span class='ocr_line' id='line_1_34' title="bbox 141 2723 494 2730; baseline 0 496"><span class='ocrx_word' id='word_1_275' title='bbox 141 2723 494 2730; x_wconf 95' lang='lat' dir='ltr'><em> </em></span> 
     </span>
    </p>
   </div>
   <div class='ocr_carea' id='block_1_4' title="bbox 46 2771 1831 3063">
    <p class='ocr_par' dir='ltr' id='par_1_9' title="bbox 46 2771 1831 3006">
     <span class='ocr_line' id='line_1_35' title="bbox 259 2771 1829 2827; baseline 0 -13"><span class='ocrx_word' id='word_1_276' title='bbox 259 2776 283 2814; x_wconf 82' lang='grc'><em>’7</em></span> <span class='ocrx_word' id='word_1_277' title='bbox 315 2778 492 2817; x_wconf 83' lang='lat' dir='ltr'><em>mutare</em></span> <span class='ocrx_word' id='word_1_278' title='bbox 514 2771 556 2815; x_wconf 93' lang='lat' dir='ltr'><strong>V</strong></span> <span class='ocrx_word' id='word_1_279' title='bbox 586 2772 657 2816; x_wconf 83' lang='lat' dir='ltr'><em>ed.</em></span> <span class='ocrx_word' id='word_1_280' title='bbox 695 2786 810 2816; x_wconf 87' lang='lat' dir='ltr'><em>corr.</em></span> <span class='ocrx_word' id='word_1_281' title='bbox 847 2771 918 2816; x_wconf 91' lang='lat' dir='ltr'><em>ed.</em></span> <span class='ocrx_word' id='word_1_282' title='bbox 954 2773 1074 2827; x_wconf 86' lang='lat' dir='ltr'><em>post.</em></span> <span class='ocrx_word' id='word_1_283' title='bbox 1197 2776 1250 2815; x_wconf 93' lang='lat'><em>11</em></span> <span class='ocrx_word' id='word_1_284' title='bbox 1283 2773 1507 2816; x_wconf 81' lang='lat' dir='ltr'><em>servantis</em></span> <span class='ocrx_word' id='word_1_285' title='bbox 1537 2771 1578 2813; x_wconf 94' lang='lat' dir='ltr'><strong>V</strong></span> <span class='ocrx_word' id='word_1_286' title='bbox 1611 2786 1724 2815; x_wconf 86' lang='lat' dir='ltr'><em>corr.</em></span> <span class='ocrx_word' id='word_1_287' title='bbox 1757 2771 1829 2815; x_wconf 83' lang='lat' dir='ltr'><em>ed.</em></span> 
     </span>
     <span class='ocr_line' id='line_1_36' title="bbox 47 2830 1831 2887; baseline 0 -13"><span class='ocrx_word' id='word_1_288' title='bbox 47 2831 50 2849; x_wconf 81' lang='lat'>³</span> <span class='ocrx_word' id='word_1_289' title='bbox 143 2834 197 2873; x_wconf 82' lang='lat'><em>14</em></span> <span class='ocrx_word' id='word_1_290' title='bbox 234 2831 386 2875; x_wconf 82' lang='lat' dir='ltr'><em>ierwnt</em></span> <span class='ocrx_word' id='word_1_291' title='bbox 418 2831 460 2874; x_wconf 94' lang='lat' dir='ltr'><strong>V</strong></span> <span class='ocrx_word' id='word_1_292' title='bbox 497 2832 687 2886; x_wconf 78' lang='lat' dir='ltr'><em>fuerumt</em></span> <span class='ocrx_word' id='word_1_293' title='bbox 724 2831 795 2876; x_wconf 87' lang='lat' dir='ltr'><em>ed.</em></span> <span class='ocrx_word' id='word_1_294' title='bbox 918 2836 974 2875; x_wconf 87' lang='grc'><em>16</em></span> <span class='ocrx_word' id='word_1_295' title='bbox 1016 2832 1221 2876; x_wconf 79' lang='lat' dir='ltr'><em>invenire</em></span> <span class='ocrx_word' id='word_1_296' title='bbox 1258 2832 1482 2887; x_wconf 78' lang='lat' dir='ltr'><em>potuisset</em></span> <span class='ocrx_word' id='word_1_297' title='bbox 1517 2831 1751 2875; x_wconf 82' lang='lat' dir='ltr'><em>Ascanius</em></span> <span class='ocrx_word' id='word_1_298' title='bbox 1788 2830 1831 2873; x_wconf 92' lang='lat' dir='ltr'><strong>V</strong></span> 
     </span>
     <span class='ocr_line' id='line_1_37' title="bbox 46 2889 1831 2946; baseline 0.002 -15"><span class='ocrx_word' id='word_1_299' title='bbox 46 2916 50 2923; x_wconf 93' lang='lat'>-</span> <span class='ocrx_word' id='word_1_300' title='bbox 140 2889 171 2932; x_wconf 82' lang='lat' dir='ltr'><em>i.</em></span> <span class='ocrx_word' id='word_1_301' title='bbox 194 2891 446 2945; x_wconf 80' lang='lat' dir='ltr'><em>potuissent</em></span> <span class='ocrx_word' id='word_1_302' title='bbox 466 2892 721 2935; x_wconf 84' lang='lat' dir='ltr'><em>Ascanium</em></span> <span class='ocrx_word' id='word_1_303' title='bbox 752 2891 823 2934; x_wconf 90' lang='lat' dir='ltr'><em>ed.</em></span> <span class='ocrx_word' id='word_1_304' title='bbox 941 2894 996 2934; x_wconf 90' lang='lat'><em>18</em></span> <span class='ocrx_word' id='word_1_305' title='bbox 1019 2891 1166 2946; x_wconf 77' lang='lat' dir='ltr'><em>primi</em></span> <span class='ocrx_word' id='word_1_306' title='bbox 1188 2889 1229 2933; x_wconf 91' lang='lat' dir='ltr'><strong>V</strong></span> <span class='ocrx_word' id='word_1_307' title='bbox 1255 2904 1326 2946; x_wconf 82' lang='lat' dir='ltr'><em>pr.</em></span> <span class='ocrx_word' id='word_1_308' title='bbox 1352 2894 1395 2933; x_wconf 83' lang='lat' dir='ltr'><em>et</em></span> <span class='ocrx_word' id='word_1_309' title='bbox 1425 2889 1494 2932; x_wconf 90' lang='lat' dir='ltr'><em>ed.</em></span> <span class='ocrx_word' id='word_1_310' title='bbox 1613 2894 1669 2933; x_wconf 85' lang='grc'><em>20</em></span> <span class='ocrx_word' id='word_1_311' title='bbox 1699 2890 1831 2946; x_wconf 77' lang='lat' dir='ltr'><em>quid-</em></span> 
     </span>
     <span class='ocr_line' id='line_1_38' title="bbox 140 2946 1828 3006; baseline 0.002 -15"><span class='ocrx_word' id='word_1_312' title='bbox 140 2960 191 2991; x_wconf 88' lang='lat' dir='ltr'><em>ve</em></span> <span class='ocrx_word' id='word_1_313' title='bbox 212 2946 267 2993; x_wconf 88' lang='lat' dir='ltr'><em>V.</em></span> <span class='ocrx_word' id='word_1_314' title='bbox 353 2954 406 2993; x_wconf 84' lang='lat'><em>21</em></span> <span class='ocrx_word' id='word_1_315' title='bbox 439 2963 520 3006; x_wconf 84' lang='lat' dir='ltr'><em>per</em></span> <span class='ocrx_word' id='word_1_316' title='bbox 551 2963 638 2993; x_wconf 92' lang='lat' dir='ltr'><em>om.</em></span> <span class='ocrx_word' id='word_1_317' title='bbox 667 2949 720 2994; x_wconf 90' lang='lat' dir='ltr'><em>V.</em></span> <span class='ocrx_word' id='word_1_318' title='bbox 812 2954 869 2993; x_wconf 82' lang='lat'><em>26</em></span> <span class='ocrx_word' id='word_1_319' title='bbox 900 2950 1248 2994; x_wconf 84' lang='lat' dir='ltr'><em>consentiens—</em></span> <span class='ocrx_word' id='word_1_320' title='bbox 1267 2953 1323 2991; x_wconf 78' lang='lat'><em>2⁷</em></span> <span class='ocrx_word' id='word_1_321' title='bbox 1349 2949 1628 2994; x_wconf 82' lang='lat' dir='ltr'><em>animalibus</em></span> <span class='ocrx_word' id='word_1_322' title='bbox 1650 2963 1738 2993; x_wconf 91' lang='lat' dir='ltr'><em>om.</em></span> <span class='ocrx_word' id='word_1_323' title='bbox 1757 2949 1828 2994; x_wconf 89' lang='lat' dir='ltr'><em>ed.</em></span> 
     </span>
    </p>

    <p class='ocr_par' dir='ltr' id='par_1_10' title="bbox 144 3007 1397 3063">
     <span class='ocr_line' id='line_1_39' title="bbox 144 3007 1397 3063; baseline 0.002 -15"><span class='ocrx_word' id='word_1_324' title='bbox 144 3009 198 3049; x_wconf 82' lang='lat'><em>32</em></span> <span class='ocrx_word' id='word_1_325' title='bbox 229 3012 271 3051; x_wconf 85' lang='lat' dir='ltr'><em>et</em></span> <span class='ocrx_word' id='word_1_326' title='bbox 299 3014 429 3053; x_wconf 83' lang='lat' dir='ltr'><em>scuta</em></span> <span class='ocrx_word' id='word_1_327' title='bbox 458 3014 655 3054; x_wconf 84' lang='lat' dir='ltr'><em>tenentes</em></span> <span class='ocrx_word' id='word_1_328' title='bbox 686 3009 818 3053; x_wconf 88' lang='lat' dir='ltr'><em>deest</em></span> <span class='ocrx_word' id='word_1_329' title='bbox 848 3008 898 3051; x_wconf 91' lang='lat' dir='ltr'><em>in</em></span> <span class='ocrx_word' id='word_1_330' title='bbox 922 3008 978 3062; x_wconf 89' lang='lat' dir='ltr'><em>V,</em></span> <span class='ocrx_word' id='word_1_331' title='bbox 1011 3008 1092 3052; x_wconf 84' lang='lat' dir='ltr'><em>sed</em></span> <span class='ocrx_word' id='word_1_332' title='bbox 1125 3007 1397 3063; x_wconf 86' lang='lat' dir='ltr'><em>explicatur.</em></span> 
     </span>
    </p>
   </div>
  </div>
 </body>
</html>
