2050 3226
205 166 309 220 156
676 165 909 211 DONATI
938 165 1220 211 INTERPR.
1244 165 1425 211 VERG.

201 306 250 352 et
287 305 547 368 inermem,
577 307 774 354 tantam
802 322 921 355 vero
953 305 1173 355 extitisse
1203 307 1257 353 in
1286 307 1397 369 ipso
1428 306 1562 355 facto
1593 305 1892 355 industriam

198 380 491 442 tantamque
536 379 795 442 virtutem,
840 382 900 427 ut
945 396 1003 428 ea
1051 381 1193 442 parte
1238 381 1524 428 tenerentur
1563 397 1663 443 qua
1699 381 1894 430 hostem

201 468 344 500 suum
381 455 638 503 venenatis
675 454 921 504 morsibus
970 453 1201 516 adpetere
1239 455 1513 517 potuerunt
1561 456 1611 502 et
1657 455 1891 503 occidere.

200 527 388 575 eliserit
423 528 539 576 inde
569 530 788 577 tractum
819 531 906 590 est,
939 529 1061 589 quia
1091 543 1246 576 venae
1276 528 1487 577 maiores
1520 529 1739 592 gutturis
1771 529 1892 577 lisae

200 600 454 664 dicuntur,
503 602 636 651 unde
687 603 865 651 elisum
915 601 1124 651 dicimus
1177 603 1415 664 quicquid
1466 604 1578 665 ipsa
1632 619 1689 650 ex
1743 618 1893 651 causa
1947 615 1968 649 5

94 685 181 726 290
198 675 352 723 fuerit
399 678 664 725 mortuum.
747 681 803 724 ut
847 676 965 725 bello
1012 677 1228 736 eqreqias
1275 677 1404 724 idem
1449 677 1688 725 disiecerit
1730 678 1894 725 urbis:

197 749 417 797 nondum
455 750 580 798 dixit
619 766 743 812 quas
780 753 830 799 et
861 751 1097 813 quantas,
1127 751 1188 798 ut
1216 751 1505 799 innumerae
1535 750 1895 815 intellegantur

160 825 248 871 ‘et
298 840 524 888 magnae.
618 826 909 884 Troiamque
961 823 1353 884 Oechaliamque:
1403 825 1496 873 hae
1542 840 1642 873 non
1690 825 1894 873 fuerunt

197 897 354 959 solae,
405 899 490 946 sed
541 900 767 962 sumptae
817 916 875 947 ex
924 897 1272 962 generalitate,
1317 901 1375 946 ut
1421 915 1479 946 ex
1523 899 1602 947 his
1650 914 1890 962 apparere

196 974 364 1033 posset
411 973 606 1035 quales'
629 974 710 1021 vel
758 975 975 1035 quantae
1015 971 1204 1020 fuerint
1242 973 1384 1021 aliae.
1466 973 1614 1020 multi
1650 973 1744 1020 hoc
1781 973 1891 1033 loco
1925 985 1968 1018 10

195 1045 474 1109 Vergilium
549 1047 939 1110 reprehendunt,
1025 1045 1159 1109 quod
1241 1046 1584 1109 praesentibus
1662 1046 1891 1095 Troianis

194 1119 504 1182 triumphum
555 1123 720 1170 actum
772 1122 830 1169 de
881 1119 1031 1168 Troia
1079 1135 1179 1168 non
1230 1120 1456 1168 debuerit
1504 1136 1708 1183 ponere,
1749 1120 1893 1183 quasi

196 1193 394 1241 demum
453 1194 506 1242 in
566 1195 824 1243 hominum
886 1195 1101 1259 gratiam
1151 1193 1324 1244 divina
1379 1194 1578 1243 deberet
1636 1194 1891 1243 veneratio

193 1268 432 1316 mutilari.
515 1269 609 1318 hoc
657 1286 833 1333 genere
878 1269 1186 1316 minueretur
1231 1269 1485 1318 sollemnis
1529 1269 1619 1317 1113
1664 1268 1890 1317 laudatio

194 1341 298 1390 eius
339 1342 418 1390 dei
450 1342 587 1392 cuius
628 1344 762 1406 apud
800 1359 881 1391 eos
913 1342 1145 1391 meritum
1175 1343 1229 1390 in
1259 1343 1475 1405 maximo
1508 1345 1658 1405 atque
1691 1344 1890 1391 aeterno
1923 1354 1966 1388 15

193 1416 378 1464 honore
410 1417 575 1465 fuerat
606 1419 945 1466 constitutum.
1006 1420 1062 1464 ut
1098 1417 1248 1464 duros
1285 1418 1416 1465 mille
1456 1418 1669 1465 labores:
1708 1433 1738 1465 a
1771 1433 1890 1479 qua-

193 1489 337 1538 litate
377 1490 541 1552 duros,
581 1507 610 1539 a
651 1492 935 1555 quantitate
973 1491 1124 1539 mille.
1200 1505 1308 1552 reqe
1346 1493 1436 1539 sub
1467 1491 1740 1552 Eurystheo
1770 1492 1891 1551 fatis

191 1564 403 1612 Iunonis
452 1566 650 1626 iniquae
690 1567 969 1626 pertulerit:
1024 1581 1299 1627 numquam
1360 1566 1491 1612 enim
1545 1581 1757 1614 noverca
1811 1581 1889 1612 ex-

191 1640 361 1699 pectat
398 1639 556 1688 iustas
598 1641 942 1688 commotionis
983 1655 1172 1700 causas,
1212 1640 1298 1687 sed
1327 1655 1506 1687 nomen
1546 1655 1690 1687 suum
1722 1639 1888 1687 existi·

190 1715 297 1760 mat
336 1728 539 1761 causam
579 1730 682 1762 esse
722 1713 987 1763 saeviendi.
1066 1715 1286 1762 senserat
1322 1713 1482 1777 igitur
1519 1713 1756 1761 Hercules
1792 1712 1888 1760 duo
1920 1726 1964 1758 20

190 1787 346 1847 mala,
399 1803 663 1836 novercam
715 1789 989 1851 inplentem
1041 1787 1200 1850 partis
1261 1802 1377 1836 suas
1441 1789 1490 1835 et
1550 1787 1890 1849 Eurystheum

189 1876 358 1923 regem
405 1863 579 1923 aptum
624 1862 809 1925 iniquis
855 1862 1176 1910 iussionibus.
1262 1865 1314 1909 tu
1359 1863 1651 1922 nubiqenaS,
1699 1862 1887 1918 invicte,

191 1934 480 1996 bimembriS,
510 1937 850 1996 Hylaeumque
879 1937 1188 1995 Pholumque,
1221 1951 1388 1991 manu,
1422 1939 1475 1982 tu
1509 1934 1679 1983 Cresia
1702 1938 1890 1983 mactas

85 2016 171 2056 295
183 2008 414 2068 prodiqia
454 2013 496 2056 et
532 2014 726 2058 vastum
763 2011 975 2058 Nemeae
1013 2011 1103 2058 sub
1141 2024 1264 2070 rupe
1303 2010 1507 2057 leonem:
1554 2009 1690 2072 quod
1736 2009 1888 2058 semel

190 2080 315 2129 dixit
352 2099 503 2130 manu
544 2085 592 2131 et
629 2086 841 2146 mactas,
882 2083 1081 2147 saepius
1121 2083 1465 2147 accipiendum
1497 2085 1592 2145 est,
1630 2086 1688 2131 ut
1727 2083 1794 2132 sit
1830 2085 1887 2131 tu
1918 2096 1962 2130 25

188 2154 486 2219 nubigenas,
524 2158 618 2205 hoc
658 2161 733 2206 est
773 2158 1069 2219 Centauros,
1104 2158 1192 2220 qui
1224 2174 1281 2206 ex
1313 2157 1518 2206 dimidio
1549 2157 1796 2218 homines,
1828 2173 1886 2204 ex

190 2229 345 2278 altero
386 2231 503 2292 equi
542 2234 660 2279 sunt
692 2235 842 2295 atque
875 2233 1000 2280 alter
1033 2232 1216 2280 dicitur
1244 2232 1492 2294 Hylaeus,
1526 2232 1652 2280 alter
1681 2231 1887 2293 Pholus,

188 2305 376 2351 mactas
408 2319 562 2352 manu
591 2308 765 2368 utpote
797 2307 1038 2367 invictus,
1062 2308 1119 2354 tu
1143 2306 1482 2355 Minotaurum
1504 2307 1694 2353 mactas
1718 2322 1884 2366 manu,

186 2380 246 2425 tu
276 2378 470 2426 leonem
500 2381 697 2427 vastum
728 2383 916 2428 mactas
948 2397 1114 2428 manu.
1168 2383 1367 2429 vastum
1399 2379 1524 2427 dixit
1555 2381 1604 2426 et
1635 2379 1883 2426 crudelem

190 2453 239 2499 et
286 2451 631 2515 magnitudine
683 2454 957 2502 sublimem.
1043 2457 1085 2502 te
1135 2453 1290 2515 Styqii
1339 2458 1572 2501 tremuere
1629 2454 1785 2509 laeuS,
1841 2456 1884 2500 te
1915 2466 1958 2499 30

188 2526 370 2574 ianitor
411 2525 542 2584 Orci,
583 2526 634 2574 id
675 2530 750 2575 est
780 2528 918 2575 lacus
950 2544 1038 2590 per
1071 2545 1217 2591 quem
1249 2528 1313 2575 ad
1343 2527 1614 2575 inferorum
1643 2526 1883 2575 interiora

187 2599 390 2648 transiit
429 2602 479 2648 et
515 2600 702 2648 ianitor
742 2601 1001 2662 Cerberus,
1043 2619 1190 2664 quem
1229 2602 1292 2650 ad
1323 2616 1525 2663 superos
1559 2600 1715 2648 duxit.
1769 2615 1883 2648 ossa

185 2687 332 2732 super
361 2675 601 2722 recubans
633 2678 773 2723 antro
805 2689 989 2723 semesa
1013 2680 1235 2724 eruenta:
1265 2675 1317 2722 in
1348 2675 1644 2722 retrahendo
1672 2674 1880 2722 Cerbero

305 2805 331 2844 5
363 2802 459 2856 ipse
483 2801 525 2845 V
555 2801 660 2856 ipsa
690 2800 760 2844 ed.
892 2806 917 2844 6
957 2802 1114 2845 urbem
1151 2815 1236 2857 pro
1275 2802 1404 2845 urbis
1437 2799 1491 2843 V.
1624 2804 1647 2843 ’7
1689 2813 1804 2855 quas
1837 2799 1880 2842 V

186 2860 341 2914 quales
374 2860 444 2903 ed.
538 2865 593 2903 13
626 2860 811 2904 divinae
835 2860 1010 2904 deberet
1032 2859 1075 2902 V
1099 2861 1308 2905 divorum
1332 2860 1489 2903 debeat
1519 2859 1589 2903 ed.
1675 2862 1730 2901 19
1763 2872 1879 2902 com-

186 2919 448 2964 monitionis
479 2919 549 2963 ed.
644 2923 698 2961 21
727 2920 879 2975 partis
908 2921 1006 2964 suis
1029 2917 1084 2962 V.
1178 2924 1234 2963 24
1265 2932 1471 2963 moeneae
1493 2932 1577 2973 pro
1602 2918 1798 2962 Nemeae
1821 2917 1877 2961 V.

187 2981 240 3019 25
275 2982 315 3021 et
346 2991 434 3021 om.
461 2978 531 3022 ed.
641 2982 696 3022 33
729 2984 915 3023 cruenta
939 2977 981 3021 V
1015 2978 1314 3022 confirmatur
1344 2977 1753 3033 interpretatione,
1784 2976 1878 3020 nisi
