2050 3226
805 167 1108 213 Annnmos
1139 167 1182 211 x
1731 172 1838 226 327

154 311 331 374 quibus
370 311 594 360 favorem
638 309 744 359 eius
790 310 843 358 in
888 323 1005 358 suas
1051 309 1211 372 partis
1258 309 1415 373 magis
1462 324 1520 358 ac
1557 309 1717 374 magis
1757 311 1842 359 ad·

153 387 371 434 duceret:
418 385 574 445 alma,
619 383 793 445 Idaea,
843 399 1022 446 parens
1072 382 1241 445 deum,
1292 386 1617 448 augmentum
1668 384 1843 433 dehinc

151 459 313 508 laudis
345 458 528 507 adiecit
558 459 637 506 eui
666 458 922 519 Dindyma
953 457 1086 506 cordi
1116 458 1475 519 tmriyeraeque
1504 459 1648 506 urbes
1673 459 1844 520 biiugi-

152 549 241 594 que
279 534 346 582 ad
382 534 529 594 frena
567 532 736 580 leones.
815 547 1060 581 summam
1098 531 1276 580 dehinc
1320 532 1578 595 petitionis
1626 532 1845 581 adnectit

68 626 120 660 25
153 607 495 671 deprecatione
549 622 607 654 ac
660 605 808 654 laude
862 606 1116 654 conclusa:
1178 610 1231 654 tn
1282 606 1403 654 nn'hi
1461 621 1594 655 nnnc
1645 621 1846 668 puynae

141 684 395 743 princeps,
436 685 488 729 tn
531 682 622 728 rite
661 682 960 741 propinques
999 681 1262 741 auywriwm
1299 681 1665 742 Phryqibnsqae
1710 681 1846 730 adsis
1862 691 1948 731 255

142 757 288 816 pede,
345 756 481 812 diva,
537 755 760 804 secando,
853 770 1003 818 quae,
1056 754 1244 818 inquit,
1297 755 1462 818 prima
1515 756 1656 804 actus
1710 771 1845 804 meos

151 832 317 880 fovere
366 829 575 893 coepisti
622 830 712 878 tua
762 829 972 893 auguria
1020 828 1120 878 ista
1168 829 1498 892 prosperitate
1546 830 1695 892 plena
1733 845 1847 878 con-

149 905 293 952 firma
346 906 396 953 et
444 903 671 953 secundis
726 903 1001 952 accessibus
1060 919 1196 953 meos
1257 919 1577 967 meorumque
1639 906 1847 953 conatus

0 1008 1 1026 ἦ
61 997 121 1029 110
151 979 340 1028 attolle.
411 981 601 1027 tantam
639 979 844 1037 affatuS,
886 981 929 1025 et
964 978 1151 1026 interea
1186 978 1405 1026 revoluta
1441 979 1615 1026 ruebat
1649 981 1849 1027 ‘matura

0 1045 2 1084 l
150 1055 253 1102 iam
292 1054 394 1101 luce
433 1053 536 1101 dies
573 1055 848 1111 noctemque
884 1052 1108 1112 fayarat:
1157 1067 1270 1100 cum
1308 1052 1403 1100 fine
1442 1052 1704 1101 verborum
1743 1052 1846 1101 eius

151 1128 237 1176 lux
276 1126 457 1176 clarior
495 1129 725 1190 coeperat
762 1125 882 1174 fieri.
952 1126 1198 1186 principio
1237 1127 1380 1174 sociis
1420 1127 1559 1174 edicit
1596 1128 1740 1188 siyna
1778 1141 1849 1175 se-

152 1205 367 1262 quantur
413 1204 554 1262 atque
599 1202 790 1249 animos
836 1203 1001 1259 aptent
1045 1201 1199 1248 armis
1239 1215 1527 1261 puynaeque
1557 1205 1739 1260 parent
1775 1215 1850 1249 se:

153 1275 339 1325 edicere
373 1278 448 1324 est
479 1291 590 1323 cum
622 1275 923 1323 auctoritate
955 1273 1149 1338 aliquid
1181 1274 1456 1322 curandum
1477 1274 1662 1323 iubere.
1716 1275 1850 1339 quod

79 1367 122 1400 15
151 1351 310 1414 igitur
361 1350 659 1398 militarium
712 1350 1092 1411 praeceptorum
1145 1348 1265 1410 fuit,
1319 1350 1572 1397 succincto
1626 1364 1848 1398 sermone

153 1424 375 1488 collegit:
413 1426 471 1473 ut
508 1425 833 1486 sequerentur
871 1423 1038 1486 signa,
1078 1426 1411 1486 conponerent
1450 1423 1640 1472 animos
1680 1426 1730 1472 et
1759 1424 1849 1472 hos

152 1514 350 1563 pugnae
402 1501 452 1546 et
501 1498 756 1562 ingruenti
806 1497 1066 1546 certamini
1113 1500 1485 1561 praepararent.
1576 1499 1670 1546 hoc
1720 1498 1851 1547 enim

152 1573 353 1622 volebat
391 1573 582 1622 efficere
621 1572 757 1635 quod
797 1571 1106 1634 Cymodocea
1145 1572 1350 1621 docente
1388 1574 1699 1635 perceperat,
1739 1588 1851 1621 cum

36 1710 38 1714 y
154 1647 336 1696 diceret
375 1662 557 1711 „surge
592 1663 684 1711 age
716 1648 766 1694 et
798 1662 978 1695 aurora
1010 1645 1168 1695 socios
1199 1647 1428 1695 veniente
1460 1647 1629 1695 vocari
1659 1646 1850 1710 primus

35 1733 39 1742 ·
75 1737 123 1770 so
152 1721 205 1769 in
246 1738 384 1770 arma
421 1722 534 1770 iube
575 1723 624 1769 et
663 1721 880 1783 clipeum
918 1736 1039 1783 cape
1080 1737 1230 1784 quem
1277 1720 1414 1769 dedit
1462 1722 1569 1783 ipse
1606 1721 1850 1770 invictum

153 1797 437 1860 ignipotens
477 1798 630 1859 atque
670 1811 781 1844 oras
823 1795 1001 1843 ambiit
1038 1810 1158 1843 auro
1168 1794 1210 1843 “.

271 1870 477 1930 Iamque
521 1872 575 1918 in
622 1873 874 1930 conspectu
913 1870 1124 1917 Teucros
1169 1870 1311 1918 habet
1355 1873 1397 1917 et
1440 1884 1535 1917 sna
1574 1872 1761 1918 castra:
1797 1868 1851 1917 in
1868 1875 1954 1915 260

38 1995 43 2021 ¹
155 1944 336 2007 quibus
376 1945 576 1993 fuerant
613 1945 694 1993 sui
732 1946 782 1992 et
818 1944 925 2006 ipse
965 1942 1125 1992 videri
1162 1946 1396 2006 potuerat
1440 1947 1578 1992 stans
1625 1943 1752 1992 celsa
1796 1944 1851 1991 in

39 2027 44 2084 ι
148 2019 324 2079 pappi.
381 2018 443 2066 ad
476 2018 795 2067 altitudinem
832 2019 973 2067 navis
1015 2018 1222 2066 accessit
1259 2018 1456 2067 Aeneae
1496 2034 1693 2080 quoque
1726 2019 1849 2067 satis

42 2107 45 2132 τ
81 2106 124 2140 25
156 2094 374 2140 eminens
420 2093 603 2155 forma3
649 2108 767 2140 nam
813 2108 924 2141 cum
963 2094 1140 2154 staret,
1186 2092 1344 2141 multo
1385 2094 1460 2141 est
1499 2093 1650 2140 altior
1686 2092 1850 2141 factus

155 2168 349 2215 ratione
388 2167 484 2215 loci
523 2169 573 2215 et
619 2166 837 2229 corporis
884 2167 1196 2229 proceritate.
1274 2167 1479 2227 clipeum
1525 2181 1633 2214 eam
1679 2167 1851 2215 deinde

155 2242 359 2289 sinistra
391 2242 558 2289 eatalit
588 2241 858 2289 ardentem:
889 2257 998 2289 ecce
1030 2240 1328 2289 multiformi
1360 2241 1618 2289 altitudini
1646 2240 1851 2289 accessit

158 2317 508 2379 augmentum3
548 2315 704 2363 erexit
742 2317 925 2378 quippe
965 2315 1220 2364 sinistram
1265 2332 1469 2364 manum
1517 2331 1630 2364 cum
1676 2315 1849 2377 clipeo.

158 2389 411 2438 ardentem
443 2389 658 2450 addidit,
690 2391 748 2437 ut
778 2404 836 2437 ex
867 2388 1133 2437 altitudine
1164 2392 1215 2438 et
1238 2389 1386 2452 clipei
1410 2389 1628 2438 ardentis
1652 2389 1851 2437 flamma

46 2494 50 2537 ἓ
75 2476 127 2508 '30
157 2464 352 2512 facilius
393 2467 671 2512 occurreret
702 2463 856 2512 oculis
889 2463 1218 2512 Troianorum
1249 2463 1562 2527 properantis
1595 2463 1850 2511 adventus.

279 2639 303 2678 3
337 2635 547 2679 dindima
578 2635 619 2677 R
650 2634 873 2691 dyndima
896 2633 951 2677 V.
1053 2640 1078 2679 6
1110 2635 1393 2692 friyibusque
1417 2634 1513 2677 VR.
1608 2638 1631 2676 7
1666 2647 1780 2689 quae
1811 2632 1852 2676 R

161 2693 232 2738 ed.
257 2708 393 2750 quam
416 2693 472 2738 V.
554 2699 609 2737 10
634 2694 807 2749 affatus
831 2693 871 2736 R
894 2694 1089 2748 affatum
1105 2694 1147 2737 V
1170 2695 1334 2749 effatus
1359 2694 1430 2738 ed.
1457 2695 1503 2737 et
1527 2692 1665 2749 Vei-g.
1691 2691 1814 2735 libri.
1843 2694 1846 2750 1

159 2755 362 2798 revoluta
405 2766 493 2797 om.
525 2753 580 2797 V.
705 2758 758 2796 15
803 2753 1024 2797 milirium
1054 2753 1140 2797 VR
1175 2754 1448 2798 militarium
1487 2765 1569 2795 nos
1608 2751 1852 2796 multorum

162 2811 231 2855 ed.
279 2813 283 2867 l
330 2814 558 2857 succincto
581 2812 667 2856 VR
696 2813 881 2856 subacto
913 2811 984 2855 ed.
1109 2817 1163 2856 18
1187 2817 1482 2869 praeceperat
1513 2811 1583 2855 ed.
1706 2814 1763 2854 20
1802 2812 1853 2854 in

162 2884 249 2915 om.
275 2870 329 2915 V.
439 2876 492 2915 21
527 2872 703 2917 ambuit
732 2872 786 2914 R.
893 2875 949 2914 23
981 2872 1073 2927 ipsi
1095 2871 1180 2915 VR
1212 2871 1282 2915 ed.
1316 2873 1411 2927 ipse
1442 2884 1537 2914 nos,
1590 2870 1595 2928 Ι
1639 2875 1855 2926 potuerat

162 2928 246 2972 VR
290 2936 424 2975 -rant
470 2930 541 2974 ed.
687 2935 742 2973 26
789 2944 890 2975 cum
929 2929 1013 2973 VR
1057 2935 1154 2975 tum
1200 2931 1271 2974 ed.
1413 2934 1467 2972 27
1514 2931 1714 2974 sinixtra
1752 2928 1851 2973 VR.

164 2992 218 3031 29
249 2990 479 3044 flammam
502 2989 557 3034 V.
