2078 3260
790 158 1095 205 AENEIDos
1125 157 1212 203 ΧΠ
1741 161 1849 216 605

156 303 299 350 scuto
322 301 576 365 amplexus
602 301 669 350 sit
692 317 839 365 quem
870 299 1118 349 consolari
1141 299 1322 348 osculis
1355 301 1406 348 et
1427 299 1589 348 verbis
1618 299 1852 363 cupiebat

153 377 399 425 instruere
437 371 476 441 †
515 391 543 424 ο
582 376 838 439 amplexus
877 373 1080 436 armati,
1129 389 1191 422 ne
1237 389 1381 422 omen
1430 375 1559 422 esset
1609 374 1851 437 deponere

154 452 351 499 scutum
391 451 442 498 et
478 449 706 499 manibus
745 449 892 498 nudis
922 447 1077 496 filium
1121 448 1366 511 amplecti.
1420 447 1531 510 ipso
1563 450 1704 496 scuto
1737 465 1849 496 eum

155 524 220 572 ad
258 540 309 574 se
348 523 542 588 colligit
581 539 678 586 quo
719 527 770 572 et
807 539 857 572 se
898 522 1185 571 defensurus
1233 523 1397 570 fuerat
1442 523 1492 570 et
1537 537 1708 571 securo
1747 523 1850 571 filio

103 612 123 645 5
155 597 468 662 quaesiturus
506 598 786 661 imperium.
847 598 1059 658 interea,
1100 596 1218 660 quia
1254 595 1451 645 viderat
1488 613 1599 644 eum
1637 596 1851 657 flentem,

155 674 206 720 et
234 672 378 720 leniit
409 672 588 721 osculis
621 673 841 720 animum
872 671 1018 735 pueri
1049 673 1120 732 et,
1150 687 1212 718 ne
1242 671 1380 719 ultra
1403 672 1532 719 esset
1559 671 1619 719 de
1641 672 1852 733 paterna

154 747 317 795 salute
368 749 648 809 suspectus,
698 745 844 795 dictis
895 761 1092 808 quoque
1140 745 1413 807 conposuit.
1468 745 1617 801 disce,
1668 745 1851 807 inquit,
1868 754 1954 794 435

149 835 288 880 puer,
327 821 551 869 virtutem
583 835 640 870 ex
675 835 751 868 me
779 833 1040 879 verumque
1071 820 1302 876 laborem,
1342 821 1594 879 fortunam
1625 833 1681 867 ea:
1715 819 1853 868 aliis:

154 895 286 944 disce
324 911 424 943 non
469 897 670 944 tantum
715 895 780 942 ad
824 895 1061 944 virtutem
1106 893 1323 956 pertinet
1366 909 1540 942 verum
1590 894 1742 942 etiam
1788 894 1852 942 ad

79 984 122 1016 10
152 969 374 1017 laborem
413 985 609 1031 quoque
649 971 699 1017 et
736 969 1007 1029 fortunam,
1054 969 1112 1016 ut
1149 967 1215 1016 sit
1253 968 1384 1016 disce
1423 968 1681 1029 virtutem,
1720 967 1851 1017 disce

152 1043 374 1092 laborem
412 1059 607 1105 verum,
646 1042 778 1092 disce
809 1043 1087 1103 fortunam,
1127 1041 1213 1090 sed
1252 1041 1427 1091 divisit
1465 1042 1585 1090 haec
1625 1042 1728 1090 alia
1766 1041 1851 1090 ad-

153 1117 371 1166 scribens
401 1133 641 1180 personae
674 1133 813 1179 suae,
846 1117 948 1165 alia
979 1115 1106 1165 aliis
1162 1133 1221 1164 ex
1247 1132 1342 1178 me,
1371 1116 1554 1178 inquit,
1583 1115 1671 1177 fili,
1702 1116 1853 1164 velim

154 1191 314 1241 discas
340 1208 490 1255 quam
522 1192 589 1240 sit
619 1191 931 1240 commodum
954 1190 1177 1239 studium
1201 1191 1383 1239 sectari
1406 1191 1631 1252 virtuteS,
1663 1192 1852 1253 quanta

153 1266 310 1314 animi
358 1265 604 1329 patientia
649 1266 842 1314 labores
889 1264 1003 1312 duri
1047 1264 1293 1313 tolerandi
1344 1265 1444 1313 sint
1493 1267 1543 1313 et
1589 1264 1851 1313 tolerando

79 1353 120 1386 15
152 1340 440 1403 superandi,
495 1342 742 1404 quantum
781 1342 949 1388 autem
988 1338 1052 1387 ad
1101 1340 1307 1388 eventus
1358 1339 1585 1387 fortunae
1623 1339 1852 1401 pertinet,

153 1415 244 1462 sub
277 1414 417 1463 cuius
447 1415 671 1463 homines
707 1413 1055 1478 periclitantur
1084 1415 1288 1473 incerto,
1313 1414 1430 1475 opto
1456 1429 1514 1461 ex
1539 1412 1650 1462 aliis
1675 1412 1849 1462 discas.

150 1503 283 1537 nume
328 1492 370 1536 te
414 1503 523 1537 mea
569 1490 765 1537 dextera
804 1489 923 1536 bello
963 1488 1216 1547 defensum
1254 1487 1392 1535 dabit
1427 1490 1471 1535 et
1505 1502 1690 1548 mayna
1726 1488 1852 1535 inter

141 1564 375 1622 praemia
413 1563 573 1611 ducet:
622 1563 746 1611 facit
784 1578 897 1610 eum
938 1561 996 1610 de
1036 1561 1379 1624 praesentibus
1419 1576 1647 1610 securum
1685 1561 1849 1609 defen-

151 1638 340 1685 sionem
377 1637 717 1700 plenissimam
766 1636 1011 1699 spondens
1063 1638 1114 1683 et
1159 1652 1217 1684 ex
1262 1635 1475 1701 victoria
1521 1635 1849 1684 commodum.

76 1725 119 1756 so
150 1715 204 1759 tu
247 1712 417 1771 facite,
467 1726 580 1760 mox
626 1726 734 1759 cum
778 1714 978 1759 matura
1023 1710 1284 1759 adoleverit
1329 1713 1485 1766 aetas,
1537 1711 1607 1758 sis
1650 1723 1852 1768 memor,-

151 1785 296 1834 citius
345 1786 476 1832 enim
526 1786 833 1848 superiorum
878 1785 1023 1847 pueri
1068 1785 1364 1832 inmemores
1402 1784 1551 1845 fiunt,
1603 1799 1730 1847 quae
1772 1799 1850 1832 res

149 1861 427 1908 necessario
453 1860 754 1924 suggerebat
780 1861 840 1907 ut
863 1861 1004 1923 gesta
1027 1859 1302 1921 praesentis
1326 1857 1564 1922 temporis
1590 1857 1654 1905 ad
1677 1873 1849 1920 perpe-

149 1933 382 1982 tuitatem
422 1935 686 1982 memoriae
722 1933 1205 1982 commendarentur:
1247 1933 1401 1980 facito
1443 1934 1636 1993 teneas,
1667 1933 1850 1994 inquit,

150 2023 264 2055 cum
302 2007 455 2056 fueris
494 2008 674 2070 maior,
714 2024 772 2056 ac
810 2007 1096 2056 memoriter
1132 2007 1305 2055 volvas
1338 2022 1465 2070 quae
1502 2005 1681 2056 videris
1712 2023 1852 2070 puer.

75 2094 118 2127 25
151 2085 193 2129 et
230 2085 273 2129 te
312 2083 475 2130 animo
513 2086 797 2142 repetentem
836 2082 1051 2141 exempla
1091 2085 1284 2129 tuorum
1322 2084 1366 2128 et
1393 2084 1540 2141 pater
1572 2079 1770 2129 Aeneas
1809 2084 1851 2128 et
1866 2090 1951 2130 440

150 2156 424 2204 avunculus
456 2157 619 2204 excitet
648 2157 852 2204 Hector:
891 2158 941 2203 et
979 2171 1090 2204 cum
1119 2158 1234 2203 tuos
1273 2156 1439 2203 animo
1475 2156 1693 2218 coeperis
1733 2171 1848 2202 enu-

148 2245 337 2278 merare
369 2231 595 2291 maiores,
627 2233 819 2294 patrem
845 2232 994 2290 atque
1019 2229 1321 2277 avunculum
1348 2230 1540 2277 imitari
1564 2229 1848 2290 contendas,

148 2305 242 2352 hoc
282 2307 357 2352 est
393 2306 594 2353 tuorum
634 2306 801 2368 potius
842 2304 1066 2352 exciteris
1105 2303 1354 2366 exemplis.

269 2450 295 2489 2
328 2459 354 2490 o
385 2447 623 2501 amplexus
653 2447 823 2489 armati
844 2445 885 2488 V
914 2458 1049 2489 cruce
1081 2445 1263 2502 signavi
1294 2451 1378 2490 aut
1408 2445 1647 2500 amplexus
1678 2445 1848 2488 armati

150 2503 352 2548 absurde
388 2505 459 2548 ed.
493 2504 690 2548 fortasse
727 2505 828 2548 ideo
867 2506 1103 2560 amplexus
1137 2510 1355 2549 armatus.
1480 2508 1505 2547 3
1544 2506 1644 2559 ipso
1675 2503 1716 2546 V
1755 2504 1846 2559 ipsi

150 2563 221 2607 ed.
253 2565 348 2619 ipse
380 2564 450 2607 ed.
483 2565 602 2619 post.
651 2564 656 2622 1
706 2578 807 2608 eum
831 2562 873 2606 V
898 2564 968 2607 ed.
1001 2578 1102 2608 eum
1133 2564 1204 2608 ed.
1237 2565 1356 2619 post.
1482 2567 1533 2605 11
1570 2577 1724 2607 verum
1755 2576 1843 2605 om.

149 2623 221 2667 ed.
320 2627 373 2666 15
406 2623 468 2667 ad
497 2628 656 2667 ventus
678 2622 720 2665 V
752 2623 814 2666 ad
845 2628 1048 2668 eventum
1079 2623 1150 2667 ed.
1184 2624 1246 2667 ad
1277 2627 1460 2667 eventus
1490 2635 1586 2665 nos.
1631 2621 1635 2679 Ι
1683 2622 1847 2666 attinet

149 2682 220 2725 ed.
346 2686 400 2725 16
448 2683 579 2726 euius
617 2680 658 2723 V
704 2695 738 2726 e.
786 2683 834 2726 vi
879 2682 950 2726 ed.
1009 2683 1014 2741 Ι
1072 2684 1244 2727 incerto
1283 2682 1325 2725 V
1371 2683 1425 2725 ut
1474 2685 1512 2734 1,
1550 2685 1635 2724 515
1682 2682 1846 2725 incerti

149 2741 219 2785 ed.
336 2745 392 2784 20
425 2742 578 2797 prima
608 2754 693 2796 pro
724 2746 907 2785 matura
929 2741 984 2786 V.
1107 2746 1162 2785 21
1194 2742 1481 2797 superiorum
1505 2739 1547 2781 V
1574 2741 1843 2795 praeterito-

147 2814 250 2845 rum
293 2800 365 2844 ed.
488 2804 543 2843 23
585 2800 663 2854 fac
699 2801 768 2844 ita
805 2805 955 2845 teneas
988 2799 1029 2843 V
1067 2801 1210 2855 facito
1247 2806 1276 2844 t.
1318 2813 1400 2843 nos
1439 2800 1517 2853 fac
1551 2800 1731 2843 Aeneas
1770 2798 1841 2843 ed.

150 2863 205 2902 24
245 2874 299 2903 ac
338 2873 424 2903 om.
460 2859 531 2904 ed.
654 2863 709 2902 25
745 2864 787 2903 te
818 2873 905 2903 om.
931 2859 983 2903 V.
1109 2863 1163 2902 27
1198 2860 1379 2903 imitare
1402 2858 1458 2912 V·.
1581 2862 1636 2901 28
1668 2859 1749 2902 hoc
1780 2863 1843 2902 est

148 2923 329 2962 tuorum
353 2918 395 2961 V
424 2919 466 2962 h.
500 2932 533 2962 e.
565 2919 730 2963 virtute
768 2923 949 2963 tuorum
987 2919 1058 2964 ed.
1111 2919 1115 2976 Ι
1167 2932 1222 2962 ex
1259 2919 1416 2963 ceteris
1447 2917 1489 2960 V
1520 2918 1728 2962 exciteris
1759 2930 1841 2960 nos

147 2978 321 3020 temere
353 2979 466 3021 mut.
493 2977 564 3021 ed.
