2050 3226
165 170 276 223 460
639 167 872 213 DONATI
901 167 1181 213 INTERPR.
1206 166 1388 213 VERG.

164 308 369 372 regebat
405 307 672 373 imperium
711 310 1099 391 congregaverat
1135 308 1274 356 furor
1313 324 1576 358 armorum.
1646 309 1739 358 hoc
1786 311 1862 359 est

164 384 272 431 toto
313 385 557 432 certatum
596 385 672 432 est
710 398 912 446 corpore
951 381 1094 446 regni
1132 381 1265 445 quod
1305 382 1403 430 alio
1442 383 1550 431 loco
1590 383 1663 432 ait
1701 376 1775 451 (8,
1801 377 1858 451 4)

165 457 351 518 „simul
403 473 545 506 omne
594 458 817 506 tumultu
867 455 1095 505 coniurat
1146 455 1342 518 trepido
1389 455 1646 505 Latium‘fi
1729 472 1862 506 numo

62 539 147 579 315
165 531 284 579 adeo
323 545 446 591 quae
490 533 555 580 sit
598 532 775 579 dubiae
819 531 1059 579 sententia
1103 531 1251 578 menti
1300 531 1552 590 expediam
1601 533 1645 580 et
1679 533 1861 591 paucis

165 604 192 664 (
189 606 379 654 animos
396 606 634 665 adhibete)
657 606 852 652 docebo:
874 605 1014 654 venit
1037 603 1101 652 ad
1125 619 1183 652 ea
1208 619 1335 666 quae
1357 605 1557 654 fuerant
1579 621 1669 669 pro
1693 622 1861 654 rerum
1913 621 1933 654 5

165 680 215 726 et
250 679 487 742 temporis
526 678 819 728 necessitate
857 677 1085 727 facienda
1131 680 1181 726 et
1217 678 1339 727 haec
1383 694 1483 727 non
1527 695 1683 730 vacue
1731 695 1859 728 com-

162 753 387 816 mendat3
427 753 617 802 sciebat
654 753 784 801 enim
823 767 874 801 se
915 752 1073 801 anxiis
1105 751 1245 815 loqui
1276 755 1326 801 et
1355 753 1458 801 iam
1489 753 1733 802 audiendo
1774 753 1858 802 ad-

162 840 304 877 versa
335 829 506 876 fractis
539 827 718 876 animis
749 826 1002 876 interesse.
1048 826 1127 874 his
1151 826 1308 889 igitur
1331 827 1542 889 spondet
1563 828 1861 878 brevitatem

163 905 213 950 et
250 917 331 950 eos
371 901 494 949 facit
532 903 776 963 attentos,
828 901 1065 963 quoniam
1103 901 1407 949 calamitatis
1445 902 1605 964 ipsius
1643 902 1860 951 remedia

161 977 324 1024 fuerat
362 976 662 1038 prolaturus.
741 975 990 1023 ordinatio
1031 990 1202 1024 sensus
1249 976 1366 1024 talis
1415 978 1510 1024 est:
1557 992 1688 1025 nunc
1736 976 1859 1026 adeo
1891 993 1932 1025 10

161 1066 287 1112 quae
327 1051 396 1098 sit
433 1050 679 1099 sententia
721 1049 902 1098 dubiae
947 1048 1124 1111 menti,
1165 1050 1259 1098 hoc
1298 1052 1373 1098 est
1410 1050 1462 1098 in
1505 1049 1858 1100 deliberatione

160 1125 482 1186 constitutae,
537 1123 797 1188 expediam
843 1125 893 1171 et
933 1123 1116 1172 docebo
1162 1139 1249 1172 vos
1289 1123 1484 1186 pauciS,
1531 1140 1619 1174 vos
1658 1126 1859 1173 tantum

159 1198 349 1247 animos
391 1198 634 1246 adhibete.
687 1214 819 1246 nunc
856 1214 956 1246 non
995 1198 1147 1246 semel
1183 1198 1528 1260 accipiendum
1559 1200 1659 1261 est,
1695 1201 1754 1247 ut
1792 1199 1860 1248 sit

157 1289 287 1321 nunc
319 1272 599 1336 expediam,
639 1288 769 1321 nunc
800 1271 1005 1334 docebo,
1037 1288 1168 1321 nunc
1200 1273 1390 1321 animos
1422 1272 1667 1322 adhibete.
1725 1289 1858 1322 nunc

157 1348 285 1395 hanc
322 1346 474 1395 habet
514 1348 608 1396 hoc
646 1347 753 1395 loco
801 1347 1063 1396 virtutem:
1115 1362 1228 1395 cum
1272 1346 1326 1394 in
1372 1346 1517 1396 rebus
1564 1347 1856 1412 urgentibus
1890 1364 1930 1398 15

157 1422 421 1484 profutura
460 1421 688 1469 omnibus
728 1423 779 1469 et
817 1420 1004 1469 cunctis
1044 1420 1191 1469 utilia
1229 1421 1563 1482 proferuntur.
1626 1425 1695 1470 est
1732 1423 1858 1470 anti-

158 1510 242 1543 cus
281 1510 397 1556 ayer
436 1496 592 1544 Tusco
629 1495 750 1543 mihi
786 1496 1041 1554 proximus
1081 1495 1237 1551 amni,
1285 1492 1487 1556 Houyus
1524 1497 1579 1543 iu
1617 1510 1855 1553 occasum,

156 1570 275 1628 finis
312 1584 460 1629 super
496 1583 647 1630 usque
676 1569 881 1618 Sicanos
875 1567 927 1630 ].·
972 1569 1167 1618 consilii
1203 1568 1350 1617 huius
1390 1570 1573 1632 duplex
1609 1570 1857 1632 reperitur

159 1659 262 1692 esse
307 1645 577 1704 tractatus,
622 1643 723 1691 fuit
769 1644 954 1706 quippe
1000 1660 1102 1692 una
1151 1658 1267 1706 pars
1315 1643 1416 1692 eius
1471 1645 1515 1692 si
1561 1644 1856 1692 commorari

158 1717 306 1765 Troes
356 1718 409 1765 in
454 1717 606 1766 Italia
651 1717 852 1779 malint,
900 1718 1060 1766 altera
1107 1717 1149 1765 si
1196 1716 1469 1766 abscedere.
1544 1717 1597 1765 in
1643 1720 1854 1781 utraque
1886 1735 1929 1768 20

158 1791 343 1840 adserit
392 1807 443 1840 se
494 1792 620 1841 velle
670 1807 774 1841 esse
823 1791 1102 1853 liberalem,
1161 1792 1294 1854 quod
1343 1793 1492 1840 sciret
1539 1792 1698 1841 hostis
1747 1793 1853 1841 sine

157 1865 412 1914 commodo
444 1881 534 1914 suo
566 1882 666 1915 non
698 1882 802 1915 esse
832 1881 1109 1915 recessuros
1135 1865 1197 1913 ab
1231 1866 1431 1914 adfectu
1458 1866 1737 1930 pugnandi,
1775 1868 1854 1914 ut-

155 1941 272 2001 pote
311 1939 401 2002 qui
439 1942 601 1988 essent
646 1941 937 2003 superiores.
1015 1940 1201 2003 species
1251 1942 1417 1988 autem
1467 1956 1591 2002 quas
1638 1957 1689 1989 se
1735 1940 1852 1990 dare

155 2013 282 2062 velle
329 2014 552 2062 dicturus
601 2018 675 2063 est
725 2014 794 2063 sic
841 2016 1094 2076 extenuat,
1145 2016 1203 2062 ut
1249 2015 1352 2062 sine
1401 2014 1696 2063 detrimento
1743 2014 1854 2063 dari

154 2087 348 2149 possint
387 2089 437 2135 et
475 2091 604 2136 sumi
634 2105 723 2151 pro
759 2089 968 2153 magnis.
1024 2105 1110 2137 cur
1141 2104 1257 2152 ergo
1289 2104 1387 2136 non
1419 2089 1558 2137 fieret
1588 2089 1722 2151 quod
1753 2105 1851 2137 non
1882 2104 1924 2137 25

155 2162 375 2210 laederet
413 2161 613 2209 dantem
660 2164 710 2210 et
747 2162 958 2211 libenter
1003 2162 1249 2225 accipiens
1289 2161 1538 2212 sumeret?
1601 2165 1676 2211 est
1713 2163 1850 2224 mihi,

153 2236 340 2298 inquit,
380 2235 574 2284 anticus
616 2252 754 2299 ager,
793 2238 886 2285 hoc
925 2239 1000 2285 est
1037 2237 1269 2300 proprius
1309 2238 1360 2285 et
1397 2237 1518 2285 olim
1555 2237 1660 2286 sine
1701 2254 1849 2298 quae—

156 2309 315 2358 stione
351 2325 606 2372 possessus
646 2304 846 2376 (agrum
879 2327 991 2358 cum
1024 2311 1167 2373 dicit,
1208 2311 1426 2359 ostendit
1456 2310 1606 2359 nullis
1638 2311 1848 2360 surculis

155 2378 440 2450 consitum),
472 2383 632 2432 Tusco
664 2385 915 2446 proximus
949 2386 1105 2446 amni,
1144 2387 1197 2433 in
1235 2384 1519 2449 longinquis
1549 2385 1849 2450 regionibus,

154 2459 436 2522 incognitus
485 2459 674 2506 cunctis
724 2459 1024 2521 perindeque
1073 2459 1134 2507 ob
1184 2459 1604 2523 longinquitatem
1653 2459 1848 2508 inutilis
1881 2474 1923 2506 30

154 2548 321 2595 regno.
382 2548 539 2595 usque
579 2531 701 2581 adeo
740 2533 972 2595 ignarum
1009 2534 1120 2581 vult
1162 2548 1265 2582 esse
1311 2533 1556 2582 universis
1595 2549 1652 2581 ex
1695 2548 1848 2596 supra

275 2693 300 2732 6
331 2694 373 2733 et
402 2689 510 2733 haee
532 2687 574 2731 V
603 2689 711 2733 haec
742 2687 813 2732 ed.
908 2692 931 2731 7
966 2689 1101 2733 etiam
1132 2689 1203 2733 ed.
1237 2694 1279 2741 et
1307 2690 1403 2734 iam
1433 2702 1529 2733 nos.
1618 2692 1644 2731 8
1675 2689 1846 2742 fractos

155 2747 271 2790 edF.
388 2751 412 2790 9
445 2749 660 2804 quoniam
683 2747 725 2791 V
756 2761 857 2792 cum
889 2747 960 2790 ed.
1076 2751 1130 2791 10
1156 2749 1436 2804 probaturus
1467 2747 1538 2792 ed.
1650 2752 1703 2791 11
1735 2749 1846 2794 haec

155 2811 218 2850 est
240 2805 283 2849 V
307 2819 421 2850 corr.
444 2807 517 2850 ed.
628 2811 680 2849 12
714 2811 892 2851 tantum
917 2805 956 2849 V
987 2812 1138 2851 tamen
1169 2807 1239 2851 ed.
1358 2812 1410 2850 17
1446 2808 1673 2864 lonyus—
1692 2810 1747 2850 18
1772 2807 1845 2852 Si-

154 2879 291 2909 canos
330 2865 461 2909 deest
498 2866 548 2909 in
582 2865 638 2919 V,
679 2866 759 2909 sed
793 2865 850 2909 de
881 2865 1226 2922 longinquitate
1256 2867 1306 2909 in
1336 2866 1528 2922 interpr.
1562 2865 1842 2921 disputatur.

155 2928 211 2966 20
241 2925 421 2969 malunt
451 2924 521 2968 ed.
626 2930 680 2968 22
713 2925 871 2979 effectu
902 2924 973 2968 ed.
1078 2930 1132 2967 29
1164 2926 1276 2970 mihi
1299 2926 1541 2981 proximus
1563 2924 1605 2968 V
1629 2924 1700 2969 ed.
1732 2927 1845 2970 mihi

155 2982 316 3027 delevi.
441 2988 492 3027 31
529 2984 692 3028 adeum
722 2985 935 3041 iynarum
963 2982 1005 3026 V
1036 2984 1147 3029 adeo
1177 2986 1381 3041 iquotum
1414 2984 1484 3027 ed.
