2050 3226
139 481 224 522 590

242 182 352 236 264
715 180 947 225 DONATI
976 180 1257 225 INTERPR,
1281 180 1460 226 VERG.

241 321 391 368 huius
422 320 601 369 faciem
631 319 832 370 veniens
873 336 985 368 eum
1018 319 1104 383 qui
1134 319 1302 368 stabat
1331 335 1431 368 non
1464 321 1637 383 armiS,
1677 320 1762 371 sed
1793 324 1928 372 veste

243 394 535 458 conspicuus
574 410 674 443 uno
713 394 819 443 ictu
857 395 1144 457 prostravit.

360 469 488 517 Tum
516 470 739 528 primum
785 469 903 516 bello
951 469 1146 516 celerem
1182 468 1448 516 intendisse
1485 470 1712 529 sayittam
1752 469 1929 518 dieitur

241 546 353 591 aute
389 545 524 602 feras
555 544 725 590 solitus
756 546 931 590 terrere
960 543 1159 603 fuyaees
1189 540 1440 590 Ascanius
1476 544 1739 602 fortemque
1775 558 1930 592 mauu

239 617 428 676 fudisse
465 617 776 672 Numanum,
829 617 907 664 cui
950 616 1155 663 Remulo
1212 630 1468 676 coquomeu
1521 620 1626 665 erat
1682 617 1930 677 Turnique

239 691 475 738 minorem
517 705 804 751 yermanam
851 703 1007 749 uuper
1045 690 1257 738 thalamo
1295 690 1506 738 sociatus
1543 691 1772 739 habebat:
1822 707 1930 740 ecce

243 766 431 828 quanta
479 766 771 825 necessitaS,
820 766 879 812 ut
932 780 1055 826 puer
1106 764 1236 812 inter
1286 763 1480 812 iuvenis
1535 765 1741 813 auderet
1794 781 1931 814 arma

240 839 478 887 tractare!
517 841 665 900 poeta
695 840 886 899 tamen,
920 838 1155 900 quoniam
1185 837 1474 900 inpossibile
1498 838 1760 887 videbatur
1787 841 1931 901 pueri

241 912 471 960 manibus
521 911 922 961 robustissimum
972 913 1200 959 iuvenem
1254 911 1506 973 cecidisse,
1559 928 1659 960 non
1709 929 1759 962 se
1809 913 1932 962 facit

241 989 514 1047 auctorem,
554 985 758 1046 dicitur,
789 984 974 1048 inquit,
1014 986 1204 1034 factum
1235 988 1292 1034 ut
1321 987 1375 1033 in
1406 985 1640 1049 auspiciis
1671 986 1932 1049 Ascanius,

243 1060 329 1122 qui
366 1061 496 1109 feras
535 1059 733 1124 sagittis
766 1061 958 1124 agitare
991 1062 1295 1120 consuesset,
1333 1060 1622 1108 Numanum
1661 1061 1932 1122 cecidisset,

243 1136 330 1197 qui
370 1135 468 1183 alio
507 1135 704 1182 nomine
746 1136 898 1182 etiam
936 1134 1174 1182 Remulus
1216 1133 1460 1182 diceretur
1498 1136 1548 1182 et
1587 1136 1744 1183 sorori
1775 1135 1933 1183 Turni

243 1225 369 1271 quae
417 1210 545 1257 esset
590 1210 713 1256 natu
759 1209 922 1256 minor
959 1208 1247 1270 nuptiarum
1288 1210 1416 1256 esset
1455 1210 1585 1256 sorte
1626 1209 1932 1258 coniunctus.

243 1298 354 1330 cum
405 1283 526 1331 dicit
573 1283 796 1331 thalamo
848 1282 1066 1331 sociatus
1116 1281 1354 1344 habebat,
1409 1282 1626 1331 ostendit
1673 1284 1932 1332 honestam

243 1356 462 1421 coniugii
523 1357 810 1405 societatem
864 1357 1017 1404 fuisse
1080 1358 1401 1405 contractam.
1501 1357 1722 1421 erigebat
1781 1359 1934 1406 istum

241 1431 425 1494 regalis
479 1431 676 1494 puellae
735 1430 1037 1492 coniunctio,
1098 1446 1284 1479 novum
1336 1447 1545 1495 regnum
1599 1433 1648 1478 et
1701 1432 1932 1480 adfinitas

141 1516 225 1556 595
244 1505 414 1553 Turni.
491 1506 535 1553 is
567 1506 786 1565 primam
825 1509 936 1553 aute
974 1506 1126 1552 aciem
1165 1505 1315 1566 diyua
1354 1508 1494 1564 atque
1532 1506 1738 1566 iudiyua
1775 1506 1934 1554 relatu

241 1580 541 1639 vociferans:
588 1579 798 1643 indigna
834 1579 998 1627 relatu
1035 1580 1205 1640 turpia
1245 1579 1475 1627 debemus
1516 1579 1760 1641 accipere,
1807 1595 1933 1641 quae

243 1670 342 1702 non
382 1653 547 1701 decuit
584 1669 786 1717 gravem
825 1655 1025 1716 poetam
1065 1655 1114 1700 et
1151 1653 1414 1701 honestum
1451 1654 1665 1701 inserere
1705 1653 1932 1702 carmini·

243 1729 334 1776 bus
385 1730 500 1775 suis.
578 1728 883 1787 tumidusque
932 1741 1054 1775 uovo
1095 1727 1392 1786 praecordia
1440 1741 1585 1787 reque
1632 1728 1735 1775 ibat
1780 1731 1822 1775 et
1859 1729 1932 1775 iu-

240 1805 426 1862 9eutem
475 1815 576 1848 sese
627 1802 833 1850 elamore
881 1802 1086 1861 ferebat:
1136 1802 1280 1849 tanta
1318 1800 1412 1850 iste
1452 1801 1663 1849 recentis
1704 1803 1932 1850 coniunc-

243 1875 395 1924 tionis
428 1875 583 1923 Turni
622 1876 852 1938 superbia
891 1875 1163 1935 ferebatur,
1202 1877 1262 1923 ut
1299 1875 1505 1923 licenter
1544 1877 1658 1923 ante
1698 1876 1854 1924 aciem
1885 1878 1934 1924 et

243 1951 426 1997 temere
459 1951 615 1997 staret
644 1950 759 1997 inde
792 1949 1078 1998 existimans
1110 1964 1349 2012 magnum
1382 1950 1500 2012 quia
1532 1949 1793 1998 clamabat,
1861 1951 1935 1998 est

246 2025 413 2072 autem
460 2024 561 2071 tale
607 2025 866 2072 hominum
905 2038 1084 2087 genus,
1132 2023 1219 2084 qui
1259 2024 1330 2071 sic
1369 2022 1596 2072 secundis
1635 2023 1781 2072 rebus
1822 2024 1933 2071 effe·

243 2099 443 2158 runtur,
482 2100 539 2146 ut
579 2099 663 2159 qui
696 2100 796 2146 sint
826 2098 906 2146 vel
945 2098 1116 2160 quales
1149 2113 1238 2145 nec
1268 2097 1367 2159 ipsi
1399 2097 1696 2146 discernant.
1757 2097 1935 2160 incipit

244 2172 406 2220 dicere
447 2187 574 2233 quae
615 2174 776 2220 essent
813 2173 979 2219 relatu
1018 2171 1171 2233 digna
1212 2171 1403 2220 omissis
1445 2171 1767 2220 deterioribus
1808 2187 1934 2233 quae

244 2247 387 2294 tanto
439 2245 646 2293 carmini
695 2262 794 2293 non
843 2245 1011 2308 potuit
1055 2247 1264 2293 nectere.
1349 2260 1447 2293 nou
1492 2246 1642 2304 pudet
1689 2246 1935 2293 obsidione

243 2321 439 2375 iterum,
471 2319 581 2367 ideo
613 2320 814 2380 iterum,
848 2319 967 2382 quia
999 2319 1184 2367 obsessi
1214 2320 1412 2367 fuerant
1451 2319 1627 2367 Troiae
1658 2320 1708 2367 et
1737 2335 1935 2368 rursum

245 2395 298 2442 in
336 2394 606 2456 praesenti,
645 2395 863 2454 valloque
902 2394 1084 2441 teneri?
1147 2393 1279 2455 quod
1318 2393 1468 2442 semel
1500 2393 1626 2441 dixit
1661 2395 1821 2442 teneri
1858 2393 1932 2442 bis

247 2468 477 2516 debemus
518 2467 760 2530 accipere,
811 2471 867 2515 ut
906 2467 972 2516 sit
1009 2467 1190 2515 iterum
1228 2468 1387 2515 teneri
1426 2467 1703 2531 obsidione,
1753 2469 1935 2516 iterum

367 2643 391 2682 9
424 2652 566 2683 mauu
596 2638 667 2682 ed.
791 2641 845 2680 10
879 2639 1058 2682 ascanii
1081 2637 1123 2680 V
1148 2638 1218 2682 ed.
1245 2639 1478 2682 Ascanius
1508 2651 1605 2682 nos.
1729 2643 1781 2681 11
1825 2640 1933 2682 ceei-

246 2699 364 2742 disse
388 2697 429 2739 V
455 2698 525 2741 ed.
558 2697 786 2742 cecidisset
819 2710 902 2740 nos
933 2699 1124 2752 propter
1153 2699 1327 2752 factum
1357 2702 1420 2740 ut
1543 2700 1599 2740 20
1637 2698 1862 2754 iuyeutem
1893 2696 1935 2739 V

246 2759 422 2814 iuyeuti
453 2757 524 2800 ed.
629 2761 682 2800 21
715 2757 830 2800 istae
853 2758 1046 2811 reyeutis
1070 2757 1403 2800 coniunctionis
1425 2754 1467 2798 V
1497 2757 1581 2800 iste
1605 2757 1936 2800 coniunctionis

249 2817 320 2860 ed.
352 2818 382 2860 i.
408 2817 598 2860 recentis
621 2829 656 2860 c.
681 2829 778 2858 nos,
872 2819 925 2857 23
959 2830 1174 2884 mayuum
1197 2815 1238 2858 V
1269 2828 1314 2859 se
1343 2829 1559 2871 maquum
1583 2814 1697 2859 edF.
1784 2819 1839 2858 24
1871 2817 1936 2859 sic

249 2890 335 2918 om.
364 2875 433 2918 ed.
526 2879 580 2918 27
607 2875 807 2919 carmine
823 2873 864 2916 V
889 2875 1084 2918 carmini
1105 2888 1198 2918 nou
1221 2887 1304 2918 nos
1329 2872 1384 2916 cf.
1410 2888 1449 2918 v.
1471 2877 1569 2917 595.
1663 2877 1718 2916 28
1749 2875 1870 2918 troia
1895 2872 1935 2915 V

247 2936 299 2978 iu
335 2935 474 2978 Troia
504 2934 576 2978 ed.
690 2937 745 2976 29
778 2933 898 2977 dixit
927 2939 1071 2977 tenere
1095 2933 1137 2976 V
1169 2934 1211 2977 d.
1236 2935 1398 2977 iterum
1431 2933 1500 2976 ed.
1617 2936 1672 2975 30
1705 2934 1751 2976 et
1783 2937 1931 2987 265,1

248 2995 390 3037 teneri
419 2995 491 3036 ter
522 3007 608 3036 om.
637 2992 706 3037 ed.

1963 999 2007 1032 10

1964 1367 2006 1401 15

1964 1738 2008 1771 20

1965 2107 2007 2141 25

1965 2477 2007 2510 30
