2050 3226
63 975 106 1008 10

62 1345 104 1378 15

0 1719 102 1762 *2⁰

60 2461 103 2493 30

778 154 1083 200 AENEIDOS
1106 154 1194 199 VH
1757 158 1828 212 59

139 298 471 360 suppeterent.
546 294 672 343 nihil
719 298 794 344 est
837 295 1017 343 horum
1062 296 1336 358 contraque
1383 297 1500 344 sunt
1544 295 1713 344 omnia
1755 295 1831 344 in-

137 371 346 419 honesta
392 371 442 417 et
488 369 628 418 dura.
704 369 875 417 nullus
913 369 1161 432 postulat,
1199 371 1346 432 pater
1389 369 1598 434 ingerit,
1646 372 1740 418 erit
1776 371 1830 418 in

137 443 256 493 navi
299 444 554 492 thalamus
599 443 732 492 filiae
779 444 829 492 et
874 443 1033 492 omnis
1079 442 1188 492 vita
1237 443 1448 492 ducetur
1490 442 1544 492 in
1581 443 1831 506 fluctibuS,

137 519 304 583 gratia
341 520 471 566 certe
508 517 650 566 nulla
689 516 915 582 coniugis
954 520 1005 566 et
1041 517 1236 566 nullum
1274 518 1422 566 decus
1459 517 1643 567 uxoriS.
1720 518 1829 580 quis

138 592 342 657 dignam
372 591 616 641 iudicabit
644 591 965 640 matrimonio
998 607 1089 641 suo
1122 607 1274 655 quam
1303 595 1448 655 pater
1476 607 1577 640 non
1606 591 1831 653 tradidit,

137 666 223 716 sed
262 665 475 715 abiecit?
543 681 644 714 non
680 667 781 715 ista
819 665 1021 714 dabitur
1056 666 1280 715 maritali
1317 665 1589 728 consortio,
1633 666 1719 715 sed
1756 666 1830 714 in-

136 740 362 790 felicibus
402 740 732 789 Troianorum
769 741 890 789 fatis
929 742 979 789 et
1023 740 1254 789 fortunae
1301 740 1554 804 iungetur.
1623 740 1710 788 ubi
1756 742 1832 789 est

136 830 255 863 cura
284 814 481 878 patris?
538 814 627 862 ubi
656 814 814 878 patris
846 813 1100 862 officium?
1157 814 1246 863 ubi
1277 815 1407 864 sacri
1435 815 1584 863 huius
1615 814 1830 863 nominis

135 888 332 953 pietas?
408 889 572 938 solent
613 890 667 936 in
707 889 784 937 his
824 888 988 937 causis
1032 890 1202 951 patres
1242 904 1347 938 esse
1386 890 1633 952 suspensi,
1679 889 1831 937 etiam

137 979 250 1012 cum
303 963 574 1012 liberorum
626 978 858 1011 numerus
912 963 1074 1011 maior
1126 965 1203 1012 est
1257 965 1307 1010 et
1358 963 1596 1012 felicioris
1643 962 1829 1012 subolis

134 1038 395 1086 beatitudo
435 1037 744 1100 suppeditat:
792 1053 891 1099 quo
938 1037 1098 1101 magis
1144 1038 1198 1085 in
1235 1038 1414 1086 unicae
1450 1038 1652 1101 negotio
1697 1037 1830 1085 filiae

136 1112 307 1160 debuit
358 1114 408 1160 te
462 1112 621 1160 facere
676 1112 947 1160 necessitas
1008 1111 1296 1160 cautiorem.
1366 1112 1575 1160 ducetur
1633 1112 1830 1172 misera,

136 1186 345 1235 ducetur
388 1185 586 1247 infelix,
638 1201 904 1234 occursura
956 1201 1231 1248 numquam
1275 1186 1464 1235 visibus
1511 1185 1657 1248 meis3
1710 1186 1831 1234 fient

134 1277 235 1310 non
273 1260 501 1323 nuptiae,
540 1260 627 1309 sed
663 1259 795 1308 filiae
834 1259 1116 1308 miseranda
1153 1260 1499 1323 transcriptiO,
1542 1261 1586 1309 si
1624 1259 1830 1322 nuptiae

135 1335 370 1383 dicendae
421 1336 540 1383 sunt
589 1350 717 1397 quae
771 1349 871 1382 non
923 1335 977 1382 in
1032 1336 1355 1398 augmentum
1408 1334 1603 1399 generis
1656 1335 1830 1395 nostri,

134 1409 221 1458 sed
279 1410 542 1457 interitum
601 1423 921 1471 processurae
976 1411 1108 1457 sunt.
1185 1408 1372 1458 orbitas
1426 1410 1526 1458 ista
1579 1411 1676 1470 est,
1730 1423 1830 1456 non

134 1483 432 1548 propagatio
472 1483 730 1547 sanguinis
770 1485 821 1531 et
856 1482 910 1530 in
948 1483 1042 1531 hoc
1079 1483 1212 1531 facto
1245 1482 1422 1532 domus
1468 1485 1669 1532 nostrae
1715 1483 1829 1531 soli-

132 1558 256 1606 tudo
317 1559 570 1620 perpetua.
649 1557 760 1619 quis
818 1558 912 1605 erit
970 1557 1056 1605 ille
1117 1557 1348 1606 funereus
1411 1557 1514 1607 dies
1571 1573 1668 1620 quo
1723 1558 1829 1605 sine

134 1647 220 1694 spe
280 1632 471 1680 reditus
524 1631 602 1680 his
663 1632 809 1680 terris
868 1631 1153 1680 miseranda
1215 1632 1562 1694 deportabitur
1615 1622 1842 1680 aeternis*

131 1708 340 1754 matrem
380 1707 600 1754 lacrimis
637 1705 910 1754 relictura?
986 1705 1166 1768 quodsi
1205 1709 1255 1754 te
1301 1722 1401 1754 non
1441 1706 1830 1770 peregrinorum,

133 1780 219 1829 sed
264 1781 462 1828 exulum
508 1780 653 1829 favor
695 1779 750 1827 in
799 1795 944 1828 suum
998 1780 1311 1828 commodum
1356 1780 1510 1829 traxit
1554 1782 1828 1840 incautum,

132 1854 348 1916 perfidae
395 1855 558 1918 gentis
606 1856 721 1902 ante
767 1857 1025 1918 gestorum
1063 1854 1306 1903 debueras
1347 1855 1573 1918 exempla
1610 1857 1827 1903 tractare

134 1931 185 1976 et
220 1930 468 1977 recentem
505 1928 741 1976 facinoris
780 1928 978 1976 infandi
1013 1944 1264 1977 recensere
1302 1929 1607 1978 memoriam.
1671 1929 1827 1991 Phry·

133 2003 245 2067 gius
283 2003 367 2050 ille
397 2002 565 2051 fuerat
601 2004 774 2065 pastor
813 2019 959 2065 quem
996 2003 1049 2050 in
1087 2006 1240 2065 raptu
1276 2004 1445 2067 regiae
1483 2003 1707 2067 coniugis
1739 2019 1828 2051 nec

61 2091 80 2122 2
133 2079 454 2140 praesumpta
506 2077 758 2125 temeritas
811 2093 901 2125 nec
945 2079 1192 2125 terrarum
1243 2081 1438 2126 remota
1482 2079 1683 2140 penitus
1730 2077 1827 2126 dis-

132 2152 331 2213 paratio
380 2151 649 2199 revocavit.
732 2153 931 2199 tantum
975 2151 1231 2214 praedicto
1277 2151 1442 2212 licuit,
1488 2154 1546 2200 ut
1590 2152 1826 2215 ignobilis

134 2225 304 2274 ovium
342 2227 506 2273 custos
552 2224 926 2273 Lacedaemona
968 2227 1143 2287 petens
1189 2226 1335 2290 longe
1382 2226 1647 2274 discretam
1698 2227 1826 2290 regis

135 2300 416 2363 coniugem,
455 2297 591 2347 Leda
618 2299 777 2363 regali
808 2301 1029 2363 genitam
1059 2302 1240 2361 matre,
1272 2301 1486 2349 vexisset
1516 2301 1581 2348 ad
1612 2299 1825 2348 Troiam.

135 2373 257 2436 quid
286 2390 386 2422 non
419 2373 633 2421 audeant
662 2373 812 2434 tales,
844 2389 958 2421 cum
988 2373 1053 2421 ad
1085 2374 1290 2422 solitum
1323 2375 1518 2423 sceleris
1549 2374 1825 2436 praemium

134 2448 237 2495 sine
291 2448 459 2496 labore
513 2446 864 2510 pervenerint?
949 2448 1092 2510 quid,
1161 2448 1390 2510 inquam,
1450 2465 1550 2497 non
1611 2448 1828 2495 audeant

135 2521 312 2584 quibus
373 2522 688 2583 inopinatum
749 2521 962 2583 praedae
1023 2522 1337 2571 commodum
1404 2539 1503 2570 non
1569 2523 1828 2584 quaeritur

254 2682 276 2719 1
310 2678 470 2721 horum
500 2676 543 2720 V
574 2691 727 2722 eorum
759 2677 829 2720 ed.
939 2681 964 2720 3
997 2678 1182 2722 ducitwr
1211 2677 1254 2721 V
1284 2678 1473 2723 ducetur
1504 2678 1575 2721 ed.
1686 2682 1710 2719 6
1751 2677 1825 2721 ob·

132 2737 238 2780 iecit
279 2736 349 2780 ed.
475 2741 499 2779 7
542 2738 765 2794 iunyatur
795 2735 838 2779 V
876 2750 989 2780 corr.
1023 2736 1094 2780 ed.
1150 2737 1155 2795 Ι
1212 2737 1294 2781 ubi
1336 2743 1400 2781 est
1441 2751 1553 2781 cura
1590 2736 1753 2790 fratris
1783 2735 1826 2778 V

134 2809 222 2838 om.
249 2795 319 2839 ed.
345 2797 500 2851 patris
529 2810 625 2839 nos.
717 2800 771 2838 16
803 2797 856 2838 in
884 2796 1120 2840 interitum
1151 2796 1222 2840 ed.
1318 2800 1372 2839 19
1403 2796 1663 2851 portabitur
1684 2794 1726 2837 V
1750 2795 1823 2839 ed.

134 2859 187 2896 21
222 2855 410 2899 exilium
432 2853 475 2897 V
506 2855 690 2899 exulum
722 2854 793 2898 ed.
879 2859 935 2898 24
965 2860 1150 2911 raptum
1173 2854 1215 2898 V
1239 2855 1311 2899 ed.
1394 2859 1450 2897 25
1483 2855 1555 2898 dis
1580 2855 1760 2910 peratio
1782 2853 1826 2897 V

134 2913 386 3015 despiatio
411 2913 518 3015 edd
568 2919 622 2957 27
649 2914 1014 2958 lacedaemonum
1037 2913 1091 2958 V.
1178 2918 1234 2958 28
1259 2915 1393 2958 laeda
1415 2913 1470 2956 V.
1556 2918 1609 2956 31
1640 2927 1824 2969 quaere-

133 2977 210 3016 tur
314 2986 425 3016 corr.
460 2985 484 3016 e
522 3007 531 3015 .
