<?xml version="1.0" encoding="UTF-8"?>
<!DOCTYPE html PUBLIC "-//W3C//DTD XHTML 1.0 Transitional//EN"
    "http://www.w3.org/TR/xhtml1/DTD/xhtml1-transitional.dtd">
<html xmlns="http://www.w3.org/1999/xhtml" xml:lang="en" lang="en">
 <head>
  <title>
</title>
<meta http-equiv="Content-Type" content="text/html;charset=utf-8" />
  <meta name='ocr-system' content='tesseract 3.04.00' />
  <meta name='ocr-capabilities' content='ocr_page ocr_carea ocr_par ocr_line ocrx_word'/>
</head>
<body>
  <div class='ocr_page' id='page_1' title='image "./interpretationes02donauoft_0181.png"; bbox 0 0 2050 3226; ppageno 0'>
   <div class='ocr_carea' id='block_1_1' title="bbox 750 184 1818 252">
    <p class='ocr_par' dir='ltr' id='par_1_1' title="bbox 750 184 1818 252">
     <span class='ocr_line' id='line_1_1' title="bbox 750 184 1818 252; baseline 0.012 -24"><span class='ocrx_word' id='word_1_1' title='bbox 750 184 1055 252; x_wconf 77' lang='lat' dir='ltr'>AENEmos</span> <span class='ocrx_word' id='word_1_2' title='bbox 1079 184 1189 229; x_wconf 85' lang='lat' dir='ltr'>vm</span> <span class='ocrx_word' id='word_1_3' title='bbox 1714 188 1818 241; x_wconf 84' lang='lat'>177</span> 
     </span>
    </p>
   </div>
   <div class='ocr_carea' id='block_1_2' title="bbox 129 323 1823 609">
    <p class='ocr_par' dir='ltr' id='par_1_2' title="bbox 129 323 1823 609">
     <span class='ocr_line' id='line_1_2' title="bbox 130 323 1822 389; baseline -0.001 -15"><span class='ocrx_word' id='word_1_4' title='bbox 130 327 373 389; x_wconf 89' lang='lat' dir='ltr'>oportune</span> <span class='ocrx_word' id='word_1_5' title='bbox 412 324 651 387; x_wconf 85' lang='lat' dir='ltr'>proxima.</span> <span class='ocrx_word' id='word_1_6' title='bbox 730 324 904 373; x_wconf 89' lang='lat' dir='ltr'>deinde</span> <span class='ocrx_word' id='word_1_7' title='bbox 945 323 1141 372; x_wconf 85' lang='lat' dir='ltr'>adludit</span> <span class='ocrx_word' id='word_1_8' title='bbox 1178 340 1237 372; x_wconf 84' lang='lat' dir='ltr'>ex</span> <span class='ocrx_word' id='word_1_9' title='bbox 1274 323 1351 372; x_wconf 88' lang='lat' dir='ltr'>his</span> <span class='ocrx_word' id='word_1_10' title='bbox 1393 339 1518 387; x_wconf 88' lang='lat' dir='ltr'>quae</span> <span class='ocrx_word' id='word_1_11' title='bbox 1557 324 1611 372; x_wconf 91' lang='lat' dir='ltr'>in</span> <span class='ocrx_word' id='word_1_12' title='bbox 1650 326 1822 373; x_wconf 90' lang='lat' dir='ltr'>eadem</span> 
     </span>
     <span class='ocr_line' id='line_1_3' title="bbox 129 398 1823 462; baseline -0.001 -13"><span class='ocrx_word' id='word_1_13' title='bbox 129 399 469 449; x_wconf 74' lang='lat' dir='ltr'><strong>vertebantur:</strong></span> <span class='ocrx_word' id='word_1_14' title='bbox 508 398 712 446; x_wconf 83' lang='lat' dir='ltr'>Aeoliae</span> <span class='ocrx_word' id='word_1_15' title='bbox 751 398 842 447; x_wconf 85' lang='lat' dir='ltr'>illa</span> <span class='ocrx_word' id='word_1_16' title='bbox 881 398 1138 459; x_wconf 79' lang='lat' dir='ltr'>adhaeret,</span> <span class='ocrx_word' id='word_1_17' title='bbox 1176 398 1366 461; x_wconf 90' lang='lat' dir='ltr'>inquit,</span> <span class='ocrx_word' id='word_1_18' title='bbox 1398 398 1589 447; x_wconf 88' lang='lat' dir='ltr'>scilieet</span> <span class='ocrx_word' id='word_1_19' title='bbox 1619 402 1823 462; x_wconf 90' lang='lat' dir='ltr'>propter</span> 
     </span>
     <span class='ocr_line' id='line_1_4' title="bbox 129 472 1823 534; baseline -0.001 -12"><span class='ocrx_word' id='word_1_20' title='bbox 129 475 390 522; x_wconf 90' lang='lat' dir='ltr'>ventorum</span> <span class='ocrx_word' id='word_1_21' title='bbox 426 473 760 521; x_wconf 85' lang='lat' dir='ltr'>necessarium</span> <span class='ocrx_word' id='word_1_22' title='bbox 797 473 994 533; x_wconf 89' lang='lat' dir='ltr'>flatum,</span> <span class='ocrx_word' id='word_1_23' title='bbox 1035 474 1085 520; x_wconf 92' lang='lat' dir='ltr'>et</span> <span class='ocrx_word' id='word_1_24' title='bbox 1121 473 1233 534; x_wconf 87' lang='lat' dir='ltr'>ipsa</span> <span class='ocrx_word' id='word_1_25' title='bbox 1277 472 1330 519; x_wconf 91' lang='lat' dir='ltr'>in</span> <span class='ocrx_word' id='word_1_26' title='bbox 1376 472 1585 520; x_wconf 91' lang='lat' dir='ltr'>sublime</span> <span class='ocrx_word' id='word_1_27' title='bbox 1624 473 1823 520; x_wconf 87' lang='lat' dir='ltr'>tollitur</span> 
     </span>
     <span class='ocr_line' id='line_1_5' title="bbox 130 546 1821 609; baseline -0.001 -13"><span class='ocrx_word' id='word_1_28' title='bbox 130 549 261 596; x_wconf 87' lang='lat' dir='ltr'>saxis</span> <span class='ocrx_word' id='word_1_29' title='bbox 310 546 620 596; x_wconf 71' lang='lat' dir='ltr'>fumantibus</span> <span class='ocrx_word' id='word_1_30' title='bbox 671 548 721 595; x_wconf 94' lang='lat' dir='ltr'>et</span> <span class='ocrx_word' id='word_1_31' title='bbox 769 547 822 594; x_wconf 93' lang='lat' dir='ltr'>in</span> <span class='ocrx_word' id='word_1_32' title='bbox 876 546 1195 595; x_wconf 74' lang='lat' dir='ltr'>altitudinem</span> <span class='ocrx_word' id='word_1_33' title='bbox 1250 548 1426 609; x_wconf 92' lang='lat' dir='ltr'>suapte</span> <span class='ocrx_word' id='word_1_34' title='bbox 1479 548 1662 594; x_wconf 91' lang='lat' dir='ltr'>natura</span> <span class='ocrx_word' id='word_1_35' title='bbox 1714 563 1821 609; x_wconf 92' lang='lat' dir='ltr'>per-</span> 
     </span>
    </p>
   </div>
   <div class='ocr_carea' id='block_1_3' title="bbox 24 619 1822 684">
    <p class='ocr_par' dir='ltr' id='par_1_3' title="bbox 24 619 1822 684">
     <span class='ocr_line' id='line_1_6' title="bbox 24 619 1822 684; baseline -0.001 -14"><span class='ocrx_word' id='word_1_36' title='bbox 24 632 26 644; x_wconf 66' lang='lat'><em>*</em></span> <span class='ocrx_word' id='word_1_37' title='bbox 78 637 98 670; x_wconf 81' lang='lat'><strong>5</strong></span> <span class='ocrx_word' id='word_1_38' title='bbox 130 621 304 670; x_wconf 90' lang='lat' dir='ltr'>ductis.</span> <span class='ocrx_word' id='word_1_39' title='bbox 360 620 483 684; x_wconf 91' lang='lat' dir='ltr'>quid</span> <span class='ocrx_word' id='word_1_40' title='bbox 518 620 625 669; x_wconf 89' lang='lat' dir='ltr'>illic</span> <span class='ocrx_word' id='word_1_41' title='bbox 662 622 855 669; x_wconf 90' lang='lat' dir='ltr'>mature</span> <span class='ocrx_word' id='word_1_42' title='bbox 894 637 994 668; x_wconf 92' lang='lat' dir='ltr'>non</span> <span class='ocrx_word' id='word_1_43' title='bbox 1032 621 1173 669; x_wconf 90' lang='lat' dir='ltr'>fieret</span> <span class='ocrx_word' id='word_1_44' title='bbox 1210 619 1295 668; x_wconf 91' lang='lat' dir='ltr'>ubi</span> <span class='ocrx_word' id='word_1_45' title='bbox 1327 636 1440 668; x_wconf 92' lang='lat' dir='ltr'>cum</span> <span class='ocrx_word' id='word_1_46' title='bbox 1472 621 1677 669; x_wconf 90' lang='lat' dir='ltr'>artificis</span> <span class='ocrx_word' id='word_1_47' title='bbox 1708 622 1822 670; x_wconf 90' lang='lat' dir='ltr'>nisu</span> 
     </span>
    </p>
   </div>
   <div class='ocr_carea' id='block_1_4' title="bbox 53 693 1824 2466">
    <p class='ocr_par' dir='ltr' id='par_1_4' title="bbox 53 693 1824 2466">
     <span class='ocr_line' id='line_1_7' title="bbox 127 693 1824 758; baseline -0.001 -14"><span class='ocrx_word' id='word_1_48' title='bbox 127 696 180 744; x_wconf 89' lang='lat' dir='ltr'>in</span> <span class='ocrx_word' id='word_1_49' title='bbox 219 695 419 744; x_wconf 87' lang='lat' dir='ltr'>effectus</span> <span class='ocrx_word' id='word_1_50' title='bbox 471 695 642 743; x_wconf 89' lang='lat' dir='ltr'>celeris</span> <span class='ocrx_word' id='word_1_51' title='bbox 694 697 847 743; x_wconf 91' lang='lat' dir='ltr'>etiam</span> <span class='ocrx_word' id='word_1_52' title='bbox 895 697 1079 743; x_wconf 80' lang='lat' dir='ltr'>natura</span> <span class='ocrx_word' id='word_1_53' title='bbox 1129 693 1386 743; x_wconf 73' lang='lat' dir='ltr'>certabat?</span> <span class='ocrx_word' id='word_1_54' title='bbox 1463 711 1613 758; x_wconf 89' lang='lat' dir='ltr'>quam</span> <span class='ocrx_word' id='word_1_55' title='bbox 1653 698 1824 757; x_wconf 89' lang='lat' dir='ltr'>supter</span> 
     </span>
     <span class='ocr_line' id='line_1_8' title="bbox 129 767 1823 832; baseline -0.001 -13"><span class='ocrx_word' id='word_1_56' title='bbox 129 784 302 832; x_wconf 84' lang='lat' dir='ltr'>specus</span> <span class='ocrx_word' id='word_1_57' title='bbox 343 771 394 817; x_wconf 91' lang='lat' dir='ltr'>et</span> <span class='ocrx_word' id='word_1_58' title='bbox 433 767 705 832; x_wconf 83' lang='lat' dir='ltr'>Cyclopum</span> <span class='ocrx_word' id='word_1_59' title='bbox 743 785 888 818; x_wconf 85' lang='lat' dir='ltr'>exesa</span> <span class='ocrx_word' id='word_1_60' title='bbox 927 770 1135 818; x_wconf 90' lang='lat' dir='ltr'>caminis</span> <span class='ocrx_word' id='word_1_61' title='bbox 1174 770 1320 817; x_wconf 85' lang='lat' dir='ltr'>antra</span> <span class='ocrx_word' id='word_1_62' title='bbox 1358 768 1584 817; x_wconf 88' lang='lat' dir='ltr'>Aetnaea</span> <span class='ocrx_word' id='word_1_63' title='bbox 1621 770 1823 832; x_wconf 86' lang='lat' dir='ltr'>tonant3</span> 
     </span>
     <span class='ocr_line' id='line_1_9' title="bbox 126 843 1824 906; baseline 0.001 -15"><span class='ocrx_word' id='word_1_64' title='bbox 126 843 180 891; x_wconf 92' lang='lat' dir='ltr'>in</span> <span class='ocrx_word' id='word_1_65' title='bbox 217 844 339 892; x_wconf 91' lang='lat' dir='ltr'>locis</span> <span class='ocrx_word' id='word_1_66' title='bbox 379 843 510 892; x_wconf 90' lang='lat' dir='ltr'>enim</span> <span class='ocrx_word' id='word_1_67' title='bbox 547 844 717 892; x_wconf 89' lang='lat' dir='ltr'>vacuis</span> <span class='ocrx_word' id='word_1_68' title='bbox 758 846 808 892; x_wconf 91' lang='lat' dir='ltr'>et</span> <span class='ocrx_word' id='word_1_69' title='bbox 844 843 1076 892; x_wconf 90' lang='lat' dir='ltr'>inanibus</span> <span class='ocrx_word' id='word_1_70' title='bbox 1116 844 1268 906; x_wconf 89' lang='lat' dir='ltr'>atque</span> <span class='ocrx_word' id='word_1_71' title='bbox 1300 843 1542 892; x_wconf 84' lang='lat' dir='ltr'>conclusis</span> <span class='ocrx_word' id='word_1_72' title='bbox 1574 845 1696 892; x_wconf 90' lang='lat' dir='ltr'>nata</span> <span class='ocrx_word' id='word_1_73' title='bbox 1727 860 1824 892; x_wconf 84' lang='lat' dir='ltr'>vox</span> 
     </span>
     <span class='ocr_line' id='line_1_10' title="bbox 128 917 1824 982; baseline 0.001 -17"><span class='ocrx_word' id='word_1_74' title='bbox 128 919 217 966; x_wconf 92' lang='lat' dir='ltr'>aut</span> <span class='ocrx_word' id='word_1_75' title='bbox 266 933 520 982; x_wconf 88' lang='lat' dir='ltr'>emergens</span> <span class='ocrx_word' id='word_1_76' title='bbox 571 917 810 980; x_wconf 88' lang='lat' dir='ltr'>strepitus</span> <span class='ocrx_word' id='word_1_77' title='bbox 862 917 1166 980; x_wconf 85' lang='lat' dir='ltr'>duplicatur,</span> <span class='ocrx_word' id='word_1_78' title='bbox 1223 917 1434 980; x_wconf 90' lang='lat' dir='ltr'>denique</span> <span class='ocrx_word' id='word_1_79' title='bbox 1488 933 1588 966; x_wconf 91' lang='lat' dir='ltr'>non</span> <span class='ocrx_word' id='word_1_80' title='bbox 1642 920 1824 967; x_wconf 89' lang='lat' dir='ltr'>sonant</span> 
     </span>
     <span class='ocr_line' id='line_1_11' title="bbox 53 991 1823 1054; baseline 0.001 -14"><span class='ocrx_word' id='word_1_81' title='bbox 53 1008 97 1040; x_wconf 81' lang='grc' dir='ltr'>ιο</span> <span class='ocrx_word' id='word_1_82' title='bbox 128 991 277 1052; x_wconf 85' lang='lat' dir='ltr'>dixit,</span> <span class='ocrx_word' id='word_1_83' title='bbox 317 992 402 1040; x_wconf 89' lang='lat' dir='ltr'>sed</span> <span class='ocrx_word' id='word_1_84' title='bbox 439 993 632 1040; x_wconf 86' lang='lat' dir='ltr'>tonant.</span> <span class='ocrx_word' id='word_1_85' title='bbox 709 991 964 1054; x_wconf 87' lang='lat' dir='ltr'>validique</span> <span class='ocrx_word' id='word_1_86' title='bbox 1002 991 1267 1040; x_wconf 88' lang='lat' dir='ltr'>incudibus</span> <span class='ocrx_word' id='word_1_87' title='bbox 1306 993 1452 1052; x_wconf 81' lang='lat' dir='ltr'>ietuS‚</span> <span class='ocrx_word' id='word_1_88' title='bbox 1490 991 1649 1041; x_wconf 89' lang='lat' dir='ltr'>validi</span> <span class='ocrx_word' id='word_1_89' title='bbox 1678 992 1823 1054; x_wconf 86' lang='lat' dir='ltr'>ictuS,</span> 
     </span>
     <span class='ocr_line' id='line_1_12' title="bbox 125 1065 1822 1129; baseline 0.001 -16"><span class='ocrx_word' id='word_1_90' title='bbox 125 1067 301 1128; x_wconf 83' lang='lat' dir='ltr'>utpote</span> <span class='ocrx_word' id='word_1_91' title='bbox 353 1065 608 1129; x_wconf 84' lang='lat' dir='ltr'>Cyclopei,</span> <span class='ocrx_word' id='word_1_92' title='bbox 659 1065 821 1114; x_wconf 89' lang='lat' dir='ltr'>auditi</span> <span class='ocrx_word' id='word_1_93' title='bbox 867 1067 1090 1115; x_wconf 87' lang='lat' dir='ltr'>referunt</span> <span class='ocrx_word' id='word_1_94' title='bbox 1142 1066 1404 1129; x_wconf 88' lang='lat' dir='ltr'>gemitum,</span> <span class='ocrx_word' id='word_1_95' title='bbox 1456 1065 1643 1115; x_wconf 89' lang='lat' dir='ltr'>incussi</span> <span class='ocrx_word' id='word_1_96' title='bbox 1694 1065 1822 1115; x_wconf 87' lang='lat' dir='ltr'>ictus</span> 
     </span>
     <span class='ocr_line' id='line_1_13' title="bbox 128 1139 1823 1207; baseline 0 -19"><span class='ocrx_word' id='word_1_97' title='bbox 128 1139 460 1188; x_wconf 88' lang='lat' dir='ltr'>audiebantur</span> <span class='ocrx_word' id='word_1_98' title='bbox 506 1156 619 1189; x_wconf 91' lang='lat' dir='ltr'>cum</span> <span class='ocrx_word' id='word_1_99' title='bbox 664 1140 1016 1202; x_wconf 79' lang='lat' dir='ltr'>inliderentur,</span> <span class='ocrx_word' id='word_1_100' title='bbox 1061 1139 1200 1188; x_wconf 90' lang='lat' dir='ltr'>inlisi</span> <span class='ocrx_word' id='word_1_101' title='bbox 1243 1143 1412 1189; x_wconf 83' lang='lat' dir='ltr'>tamen</span> <span class='ocrx_word' id='word_1_102' title='bbox 1450 1156 1550 1188; x_wconf 92' lang='lat' dir='ltr'>non</span> <span class='ocrx_word' id='word_1_103' title='bbox 1590 1140 1823 1207; x_wconf 80' lang='lat' dir='ltr'>sonitum,</span> 
     </span>
     <span class='ocr_line' id='line_1_14' title="bbox 128 1214 1824 1278; baseline 0.001 -16"><span class='ocrx_word' id='word_1_104' title='bbox 128 1214 214 1262; x_wconf 91' lang='lat' dir='ltr'>sed</span> <span class='ocrx_word' id='word_1_105' title='bbox 252 1214 492 1278; x_wconf 88' lang='lat' dir='ltr'>gemitum</span> <span class='ocrx_word' id='word_1_106' title='bbox 529 1214 844 1263; x_wconf 85' lang='lat' dir='ltr'>revocabant.</span> <span class='ocrx_word' id='word_1_107' title='bbox 919 1214 1216 1278; x_wconf 89' lang='lat' dir='ltr'>magnitudo</span> <span class='ocrx_word' id='word_1_108' title='bbox 1263 1215 1527 1277; x_wconf 87' lang='lat' dir='ltr'>speluncae</span> <span class='ocrx_word' id='word_1_109' title='bbox 1575 1215 1824 1277; x_wconf 89' lang='lat' dir='ltr'>descripta</span> 
     </span>
     <span class='ocr_line' id='line_1_15' title="bbox 128 1288 1822 1352; baseline 0.001 -16"><span class='ocrx_word' id='word_1_110' title='bbox 128 1290 205 1337; x_wconf 91' lang='lat' dir='ltr'>est</span> <span class='ocrx_word' id='word_1_111' title='bbox 252 1290 455 1351; x_wconf 90' lang='lat' dir='ltr'>propter</span> <span class='ocrx_word' id='word_1_112' title='bbox 502 1288 775 1337; x_wconf 90' lang='lat' dir='ltr'>multorum</span> <span class='ocrx_word' id='word_1_113' title='bbox 826 1304 1032 1351; x_wconf 90' lang='lat' dir='ltr'>operum</span> <span class='ocrx_word' id='word_1_114' title='bbox 1077 1288 1260 1336; x_wconf 91' lang='lat' dir='ltr'>molem</span> <span class='ocrx_word' id='word_1_115' title='bbox 1306 1291 1356 1336; x_wconf 90' lang='lat' dir='ltr'>et</span> <span class='ocrx_word' id='word_1_116' title='bbox 1394 1290 1690 1352; x_wconf 90' lang='lat' dir='ltr'>operantum</span> <span class='ocrx_word' id='word_1_117' title='bbox 1730 1288 1822 1351; x_wconf 84' lang='lat' dir='ltr'>Cy-</span> 
     </span>
     <span class='ocr_line' id='line_1_16' title="bbox 55 1362 1823 1426; baseline 0 -16"><span class='ocrx_word' id='word_1_118' title='bbox 55 1377 96 1410; x_wconf 83' lang='lat'>15</span> <span class='ocrx_word' id='word_1_119' title='bbox 128 1363 328 1425; x_wconf 91' lang='lat' dir='ltr'>clopum</span> <span class='ocrx_word' id='word_1_120' title='bbox 367 1363 669 1412; x_wconf 89' lang='lat' dir='ltr'>vastitatem.</span> <span class='ocrx_word' id='word_1_121' title='bbox 724 1362 1039 1425; x_wconf 88' lang='lat' dir='ltr'>striduntque</span> <span class='ocrx_word' id='word_1_122' title='bbox 1079 1363 1303 1411; x_wconf 90' lang='lat' dir='ltr'>cavernis</span> <span class='ocrx_word' id='word_1_123' title='bbox 1341 1363 1603 1411; x_wconf 85' lang='lat' dir='ltr'>stricturae</span> <span class='ocrx_word' id='word_1_124' title='bbox 1643 1362 1823 1426; x_wconf 81' lang='lat' dir='ltr'>Chaly-</span> 
     </span>
     <span class='ocr_line' id='line_1_17' title="bbox 126 1436 1823 1501; baseline 0.001 -17"><span class='ocrx_word' id='word_1_125' title='bbox 126 1436 245 1484; x_wconf 92' lang='lat' dir='ltr'>bum</span> <span class='ocrx_word' id='word_1_126' title='bbox 283 1439 334 1485; x_wconf 92' lang='lat' dir='ltr'>et</span> <span class='ocrx_word' id='word_1_127' title='bbox 371 1436 656 1486; x_wconf 90' lang='lat' dir='ltr'>fornacibus</span> <span class='ocrx_word' id='word_1_128' title='bbox 689 1436 822 1501; x_wconf 91' lang='lat' dir='ltr'>ignis</span> <span class='ocrx_word' id='word_1_129' title='bbox 854 1437 1079 1499; x_wconf 84' lang='lat' dir='ltr'>anhelat3</span> <span class='ocrx_word' id='word_1_130' title='bbox 1117 1437 1306 1484; x_wconf 87' lang='lat' dir='ltr'>ferrum</span> <span class='ocrx_word' id='word_1_131' title='bbox 1342 1437 1528 1500; x_wconf 83' lang='lat' dir='ltr'>quippe</span> <span class='ocrx_word' id='word_1_132' title='bbox 1559 1453 1673 1485; x_wconf 92' lang='lat' dir='ltr'>cum</span> <span class='ocrx_word' id='word_1_133' title='bbox 1705 1438 1823 1486; x_wconf 89' lang='lat' dir='ltr'>cali-</span> 
     </span>
     <span class='ocr_line' id='line_1_18' title="bbox 128 1510 1822 1576; baseline 0.001 -18"><span class='ocrx_word' id='word_1_134' title='bbox 128 1511 245 1558; x_wconf 90' lang='lat' dir='ltr'>dum</span> <span class='ocrx_word' id='word_1_135' title='bbox 282 1510 390 1575; x_wconf 85' lang='lat' dir='ltr'>igni</span> <span class='ocrx_word' id='word_1_136' title='bbox 427 1512 686 1574; x_wconf 88' lang='lat' dir='ltr'>exarserit,</span> <span class='ocrx_word' id='word_1_137' title='bbox 722 1510 913 1573; x_wconf 88' lang='lat' dir='ltr'>stridit,</span> <span class='ocrx_word' id='word_1_138' title='bbox 943 1512 1076 1576; x_wconf 90' lang='lat' dir='ltr'>ignis</span> <span class='ocrx_word' id='word_1_139' title='bbox 1110 1513 1275 1559; x_wconf 91' lang='lat' dir='ltr'>autem</span> <span class='ocrx_word' id='word_1_140' title='bbox 1309 1511 1531 1560; x_wconf 89' lang='lat' dir='ltr'>adsiduis</span> <span class='ocrx_word' id='word_1_141' title='bbox 1562 1512 1822 1560; x_wconf 90' lang='lat' dir='ltr'>ventorum</span> 
     </span>
     <span class='ocr_line' id='line_1_19' title="bbox 126 1584 1822 1648; baseline 0.001 -16"><span class='ocrx_word' id='word_1_142' title='bbox 126 1584 327 1633; x_wconf 89' lang='lat' dir='ltr'>flatibus</span> <span class='ocrx_word' id='word_1_143' title='bbox 376 1584 664 1634; x_wconf 89' lang='lat' dir='ltr'>verberatus</span> <span class='ocrx_word' id='word_1_144' title='bbox 714 1585 988 1633; x_wconf 88' lang='lat' dir='ltr'>anhelitum</span> <span class='ocrx_word' id='word_1_145' title='bbox 1040 1585 1287 1648; x_wconf 90' lang='lat' dir='ltr'>quendam</span> <span class='ocrx_word' id='word_1_146' title='bbox 1338 1587 1497 1648; x_wconf 87' lang='lat' dir='ltr'>spirat</span> <span class='ocrx_word' id='word_1_147' title='bbox 1547 1601 1604 1634; x_wconf 91' lang='lat' dir='ltr'>ac</span> <span class='ocrx_word' id='word_1_148' title='bbox 1649 1585 1822 1635; x_wconf 85' lang='lat' dir='ltr'>mittit.</span> 
     </span>
     <span class='ocr_line' id='line_1_20' title="bbox 126 1658 1823 1723; baseline 0.002 -19"><span class='ocrx_word' id='word_1_149' title='bbox 126 1658 343 1707; x_wconf 88' lang='lat' dir='ltr'>Vulcani</span> <span class='ocrx_word' id='word_1_150' title='bbox 382 1659 555 1708; x_wconf 90' lang='lat' dir='ltr'>domus</span> <span class='ocrx_word' id='word_1_151' title='bbox 596 1675 653 1708; x_wconf 91' lang='lat' dir='ltr'>ac</span> <span class='ocrx_word' id='word_1_152' title='bbox 683 1660 932 1708; x_wconf 85' lang='lat' dir='ltr'>Vulcania</span> <span class='ocrx_word' id='word_1_153' title='bbox 970 1662 1170 1708; x_wconf 89' lang='lat' dir='ltr'>nomine</span> <span class='ocrx_word' id='word_1_154' title='bbox 1208 1660 1380 1708; x_wconf 90' lang='lat' dir='ltr'>tellus:</span> <span class='ocrx_word' id='word_1_155' title='bbox 1421 1661 1568 1723; x_wconf 89' lang='lat' dir='ltr'>aptus</span> <span class='ocrx_word' id='word_1_156' title='bbox 1601 1661 1737 1707; x_wconf 91' lang='lat' dir='ltr'>locus</span> <span class='ocrx_word' id='word_1_157' title='bbox 1769 1660 1823 1708; x_wconf 88' lang='lat' dir='ltr'>in</span> 
     </span>
     <span class='ocr_line' id='line_1_21' title="bbox 53 1733 1821 1798; baseline 0.002 -18"><span class='ocrx_word' id='word_1_158' title='bbox 53 1748 98 1781; x_wconf 69' lang='lat' dir='ltr'>so</span> <span class='ocrx_word' id='word_1_159' title='bbox 129 1748 227 1795; x_wconf 93' lang='lat' dir='ltr'>quo</span> <span class='ocrx_word' id='word_1_160' title='bbox 251 1733 507 1782; x_wconf 91' lang='lat' dir='ltr'>Vulcanus</span> <span class='ocrx_word' id='word_1_161' title='bbox 540 1734 835 1783; x_wconf 89' lang='lat' dir='ltr'>commorari</span> <span class='ocrx_word' id='word_1_162' title='bbox 865 1734 1116 1783; x_wconf 90' lang='lat' dir='ltr'>debuisset</span> <span class='ocrx_word' id='word_1_163' title='bbox 1147 1736 1198 1782; x_wconf 91' lang='lat' dir='ltr'>et</span> <span class='ocrx_word' id='word_1_164' title='bbox 1226 1735 1363 1798; x_wconf 89' lang='lat' dir='ltr'>regio</span> <span class='ocrx_word' id='word_1_165' title='bbox 1391 1733 1503 1796; x_wconf 91' lang='lat' dir='ltr'>ipsa</span> <span class='ocrx_word' id='word_1_166' title='bbox 1528 1735 1821 1784; x_wconf 89' lang='lat' dir='ltr'>conveniens</span> 
     </span>
     <span class='ocr_line' id='line_1_22' title="bbox 130 1808 1822 1869; baseline 0.001 -15"><span class='ocrx_word' id='word_1_167' title='bbox 130 1823 255 1869; x_wconf 91' lang='lat' dir='ltr'>quae</span> <span class='ocrx_word' id='word_1_168' title='bbox 313 1823 412 1856; x_wconf 91' lang='lat' dir='ltr'>non</span> <span class='ocrx_word' id='word_1_169' title='bbox 468 1808 701 1856; x_wconf 90' lang='lat' dir='ltr'>inmerito</span> <span class='ocrx_word' id='word_1_170' title='bbox 750 1808 999 1857; x_wconf 89' lang='lat' dir='ltr'>Vulcania</span> <span class='ocrx_word' id='word_1_171' title='bbox 1052 1809 1309 1856; x_wconf 87' lang='lat' dir='ltr'>diceretur.</span> <span class='ocrx_word' id='word_1_172' title='bbox 1395 1808 1481 1856; x_wconf 79' lang='lat' dir='ltr'>hoc</span> <span class='ocrx_word' id='word_1_173' title='bbox 1533 1811 1647 1856; x_wconf 79' lang='lat' dir='ltr'>tunc</span> <span class='ocrx_word' id='word_1_174' title='bbox 1698 1809 1822 1869; x_wconf 72' lang='lat' dir='ltr'><em>iyni-</em></span> 
     </span>
     <span class='ocr_line' id='line_1_23' title="bbox 122 1882 1822 1947; baseline 0.001 -19"><span class='ocrx_word' id='word_1_175' title='bbox 122 1884 294 1941; x_wconf 74' lang='lat' dir='ltr'>potens</span> <span class='ocrx_word' id='word_1_176' title='bbox 325 1882 453 1930; x_wconf 83' lang='lat' dir='ltr'>caelo</span> <span class='ocrx_word' id='word_1_177' title='bbox 485 1882 729 1931; x_wconf 81' lang='lat' dir='ltr'>descendit</span> <span class='ocrx_word' id='word_1_178' title='bbox 758 1884 820 1930; x_wconf 85' lang='lat' dir='ltr'>ab</span> <span class='ocrx_word' id='word_1_179' title='bbox 853 1883 972 1931; x_wconf 81' lang='lat' dir='ltr'>alto:</span> <span class='ocrx_word' id='word_1_180' title='bbox 1012 1884 1335 1947; x_wconf 85' lang='lat' dir='ltr'>augmentum</span> <span class='ocrx_word' id='word_1_181' title='bbox 1366 1883 1567 1931; x_wconf 91' lang='lat' dir='ltr'>illorum</span> <span class='ocrx_word' id='word_1_182' title='bbox 1595 1884 1671 1931; x_wconf 89' lang='lat' dir='ltr'>est</span> <span class='ocrx_word' id='word_1_183' title='bbox 1694 1898 1822 1944; x_wconf 90' lang='lat' dir='ltr'>quae</span> 
     </span>
     <span class='ocr_line' id='line_1_24' title="bbox 130 1954 1821 2021; baseline 0.001 -19"><span class='ocrx_word' id='word_1_184' title='bbox 130 1954 357 2017; x_wconf 90' lang='lat' dir='ltr'>superius</span> <span class='ocrx_word' id='word_1_185' title='bbox 393 1955 528 2004; x_wconf 89' lang='lat' dir='ltr'>dicta</span> <span class='ocrx_word' id='word_1_186' title='bbox 562 1958 700 2018; x_wconf 90' lang='lat' dir='ltr'>sunt,</span> <span class='ocrx_word' id='word_1_187' title='bbox 734 1957 962 2005; x_wconf 86' lang='lat' dir='ltr'>relictam</span> <span class='ocrx_word' id='word_1_188' title='bbox 1001 1958 1261 2021; x_wconf 91' lang='lat' dir='ltr'>coniugem</span> <span class='ocrx_word' id='word_1_189' title='bbox 1298 1957 1568 2005; x_wconf 88' lang='lat' dir='ltr'>formosam</span> <span class='ocrx_word' id='word_1_190' title='bbox 1605 1958 1653 2005; x_wconf 92' lang='lat' dir='ltr'>et</span> <span class='ocrx_word' id='word_1_191' title='bbox 1682 1956 1821 2005; x_wconf 90' lang='lat' dir='ltr'>blan-</span> 
     </span>
     <span class='ocr_line' id='line_1_25' title="bbox 131 2029 1821 2092; baseline 0.002 -16"><span class='ocrx_word' id='word_1_192' title='bbox 131 2029 260 2090; x_wconf 92' lang='lat' dir='ltr'>dam,</span> <span class='ocrx_word' id='word_1_193' title='bbox 292 2031 507 2077; x_wconf 86' lang='lat' dir='ltr'>stratum</span> <span class='ocrx_word' id='word_1_194' title='bbox 536 2031 685 2079; x_wconf 92' lang='lat' dir='ltr'>molle</span> <span class='ocrx_word' id='word_1_195' title='bbox 716 2031 878 2079; x_wconf 90' lang='lat' dir='ltr'>medio</span> <span class='ocrx_word' id='word_1_196' title='bbox 908 2031 1068 2081; x_wconf 90' lang='lat' dir='ltr'>noctis</span> <span class='ocrx_word' id='word_1_197' title='bbox 1094 2030 1356 2092; x_wconf 88' lang='lat' dir='ltr'>desertum,</span> <span class='ocrx_word' id='word_1_198' title='bbox 1379 2030 1602 2080; x_wconf 91' lang='lat' dir='ltr'>laborem</span> <span class='ocrx_word' id='word_1_199' title='bbox 1633 2030 1821 2079; x_wconf 90' lang='lat' dir='ltr'>deliciis</span> 
     </span>
     <span class='ocr_line' id='line_1_26' title="bbox 55 2104 1822 2169; baseline 0.002 -19"><span class='ocrx_word' id='word_1_200' title='bbox 55 2117 97 2150; x_wconf 83' lang='lat'>25</span> <span class='ocrx_word' id='word_1_201' title='bbox 128 2104 482 2166; x_wconf 88' lang='lat' dir='ltr'>praepositum.</span> <span class='ocrx_word' id='word_1_202' title='bbox 559 2104 815 2153; x_wconf 90' lang='lat' dir='ltr'>Vulcanus</span> <span class='ocrx_word' id='word_1_203' title='bbox 866 2106 998 2153; x_wconf 91' lang='lat' dir='ltr'>enim</span> <span class='ocrx_word' id='word_1_204' title='bbox 1041 2106 1095 2153; x_wconf 89' lang='lat' dir='ltr'>in</span> <span class='ocrx_word' id='word_1_205' title='bbox 1140 2105 1232 2154; x_wconf 90' lang='lat' dir='ltr'>tali</span> <span class='ocrx_word' id='word_1_206' title='bbox 1278 2105 1480 2169; x_wconf 90' lang='lat' dir='ltr'>negotio</span> <span class='ocrx_word' id='word_1_207' title='bbox 1528 2106 1577 2153; x_wconf 91' lang='lat' dir='ltr'>et</span> <span class='ocrx_word' id='word_1_208' title='bbox 1615 2107 1822 2169; x_wconf 87' lang='lat' dir='ltr'>urgente</span> 
     </span>
     <span class='ocr_line' id='line_1_27' title="bbox 127 2178 1822 2243; baseline 0.002 -19"><span class='ocrx_word' id='word_1_209' title='bbox 127 2181 371 2240; x_wconf 88' lang='lat' dir='ltr'>tempore,</span> <span class='ocrx_word' id='word_1_210' title='bbox 409 2178 462 2225; x_wconf 90' lang='lat' dir='ltr'>in</span> <span class='ocrx_word' id='word_1_211' title='bbox 502 2194 560 2226; x_wconf 89' lang='lat' dir='ltr'>ea</span> <span class='ocrx_word' id='word_1_212' title='bbox 598 2193 748 2227; x_wconf 88' lang='lat' dir='ltr'>causa</span> <span class='ocrx_word' id='word_1_213' title='bbox 788 2195 914 2241; x_wconf 91' lang='lat' dir='ltr'>quae</span> <span class='ocrx_word' id='word_1_214' title='bbox 952 2180 1268 2228; x_wconf 87' lang='lat' dir='ltr'>vehementer</span> <span class='ocrx_word' id='word_1_215' title='bbox 1304 2179 1538 2243; x_wconf 88' lang='lat' dir='ltr'>urgebat,</span> <span class='ocrx_word' id='word_1_216' title='bbox 1575 2195 1726 2227; x_wconf 89' lang='lat' dir='ltr'>uxore</span> <span class='ocrx_word' id='word_1_217' title='bbox 1769 2180 1822 2227; x_wconf 91' lang='lat' dir='ltr'>in</span> 
     </span>
     <span class='ocr_line' id='line_1_28' title="bbox 127 2251 1821 2316; baseline 0.001 -17"><span class='ocrx_word' id='word_1_218' title='bbox 127 2251 347 2313; x_wconf 92' lang='lat' dir='ltr'>periculo</span> <span class='ocrx_word' id='word_1_219' title='bbox 396 2251 469 2299; x_wconf 90' lang='lat' dir='ltr'>fili</span> <span class='ocrx_word' id='word_1_220' title='bbox 518 2267 758 2315; x_wconf 90' lang='lat' dir='ltr'>suspensa</span> <span class='ocrx_word' id='word_1_221' title='bbox 803 2268 903 2301; x_wconf 91' lang='lat' dir='ltr'>non</span> <span class='ocrx_word' id='word_1_222' title='bbox 947 2253 1087 2302; x_wconf 91' lang='lat' dir='ltr'>misit</span> <span class='ocrx_word' id='word_1_223' title='bbox 1132 2254 1370 2316; x_wconf 89' lang='lat' dir='ltr'>aliquem,</span> <span class='ocrx_word' id='word_1_224' title='bbox 1417 2254 1503 2302; x_wconf 92' lang='lat' dir='ltr'>sed</span> <span class='ocrx_word' id='word_1_225' title='bbox 1539 2254 1646 2316; x_wconf 85' lang='lat' dir='ltr'>ipse</span> <span class='ocrx_word' id='word_1_226' title='bbox 1686 2254 1821 2301; x_wconf 90' lang='lat' dir='ltr'>caelo</span> 
     </span>
     <span class='ocr_line' id='line_1_29' title="bbox 127 2325 1821 2390; baseline 0.001 -17"><span class='ocrx_word' id='word_1_227' title='bbox 127 2325 302 2374; x_wconf 88' lang='lat' dir='ltr'>relicto</span> <span class='ocrx_word' id='word_1_228' title='bbox 342 2326 570 2389; x_wconf 85' lang='lat' dir='ltr'>perrexit.</span> <span class='ocrx_word' id='word_1_229' title='bbox 623 2327 716 2375; x_wconf 90' lang='lat' dir='ltr'>hoc</span> <span class='ocrx_word' id='word_1_230' title='bbox 755 2342 869 2375; x_wconf 86' lang='lat' dir='ltr'>cum</span> <span class='ocrx_word' id='word_1_231' title='bbox 907 2329 1291 2390; x_wconf 89' lang='lat' dir='ltr'>pronuntiamus</span> <span class='ocrx_word' id='word_1_232' title='bbox 1323 2327 1641 2390; x_wconf 91' lang='lat' dir='ltr'>producenda</span> <span class='ocrx_word' id='word_1_233' title='bbox 1672 2329 1748 2375; x_wconf 89' lang='lat' dir='ltr'>est</span> <span class='ocrx_word' id='word_1_234' title='bbox 1778 2343 1821 2387; x_wconf 84' lang='lat' dir='ltr'>o,</span> 
     </span>
     <span class='ocr_line' id='line_1_30' title="bbox 129 2399 1820 2466; baseline 0.002 -20"><span class='ocrx_word' id='word_1_235' title='bbox 129 2415 228 2447; x_wconf 91' lang='lat' dir='ltr'>non</span> <span class='ocrx_word' id='word_1_236' title='bbox 266 2402 326 2447; x_wconf 90' lang='lat' dir='ltr'>ut</span> <span class='ocrx_word' id='word_1_237' title='bbox 364 2399 652 2456; x_wconf 86' lang='lat' dir='ltr'>adverbium</span> <span class='ocrx_word' id='word_1_238' title='bbox 690 2401 787 2449; x_wconf 86' lang='lat' dir='ltr'>loci</span> <span class='ocrx_word' id='word_1_239' title='bbox 818 2401 885 2449; x_wconf 92' lang='lat' dir='ltr'>sit</span> <span class='ocrx_word' id='word_1_240' title='bbox 915 2403 965 2449; x_wconf 93' lang='lat' dir='ltr'>et</span> <span class='ocrx_word' id='word_1_241' title='bbox 994 2401 1084 2449; x_wconf 91' lang='lat' dir='ltr'>fiat</span> <span class='ocrx_word' id='word_1_242' title='bbox 1113 2401 1316 2466; x_wconf 88' lang='lat' dir='ltr'>vitium,</span> <span class='ocrx_word' id='word_1_243' title='bbox 1348 2402 1434 2450; x_wconf 90' lang='lat' dir='ltr'>sed</span> <span class='ocrx_word' id='word_1_244' title='bbox 1465 2402 1531 2450; x_wconf 88' lang='lat' dir='ltr'>sit</span> <span class='ocrx_word' id='word_1_245' title='bbox 1559 2402 1653 2450; x_wconf 91' lang='lat' dir='ltr'>hoc</span> <span class='ocrx_word' id='word_1_246' title='bbox 1685 2401 1820 2449; x_wconf 90' lang='lat' dir='ltr'>caelo</span> 
     </span>
    </p>
   </div>
   <div class='ocr_carea' id='block_1_5' title="bbox 128 2486 484 2491">
    <p class='ocr_par' dir='ltr' id='par_1_5' title="bbox 128 2486 484 2491">
     <span class='ocr_line' id='line_1_31' title="bbox 128 2486 484 2491; baseline 0 0"><span class='ocrx_word' id='word_1_247' title='bbox 128 2486 484 2491; x_wconf 95' lang='lat' dir='ltr'> </span> 
     </span>
    </p>
   </div>
   <div class='ocr_carea' id='block_1_6' title="bbox 128 2525 1823 3059">
    <p class='ocr_par' dir='ltr' id='par_1_6' title="bbox 128 2525 1823 3059">
     <span class='ocr_line' id='line_1_32' title="bbox 249 2525 1823 2573; baseline 0 -3"><span class='ocrx_word' id='word_1_248' title='bbox 249 2531 274 2570; x_wconf 83' lang='lat'>2</span> <span class='ocrx_word' id='word_1_249' title='bbox 307 2527 455 2571; x_wconf 79' lang='lat' dir='ltr'>aeolia</span> <span class='ocrx_word' id='word_1_250' title='bbox 476 2527 575 2571; x_wconf 82' lang='lat' dir='ltr'><em>illic</em></span> <span class='ocrx_word' id='word_1_251' title='bbox 598 2527 776 2571; x_wconf 79' lang='lat' dir='ltr'>adherit</span> <span class='ocrx_word' id='word_1_252' title='bbox 797 2526 840 2570; x_wconf 95' lang='lat' dir='ltr'>V</span> <span class='ocrx_word' id='word_1_253' title='bbox 863 2527 1052 2572; x_wconf 82' lang='lat' dir='ltr'>Aeoliae</span> <span class='ocrx_word' id='word_1_254' title='bbox 1074 2528 1161 2572; x_wconf 81' lang='lat' dir='ltr'>illa</span> <span class='ocrx_word' id='word_1_255' title='bbox 1183 2528 1398 2573; x_wconf 79' lang='lat' dir='ltr'>adhaeret</span> <span class='ocrx_word' id='word_1_256' title='bbox 1427 2542 1510 2572; x_wconf 87' lang='lat' dir='ltr'>nos</span> <span class='ocrx_word' id='word_1_257' title='bbox 1534 2528 1699 2572; x_wconf 82' lang='lat' dir='ltr'>Aeolia</span> <span class='ocrx_word' id='word_1_258' title='bbox 1726 2525 1823 2570; x_wconf 72' lang='lat' dir='ltr'><em>illic</em></span> 
     </span>
     <span class='ocr_line' id='line_1_33' title="bbox 129 2584 1822 2644; baseline 0 -15"><span class='ocrx_word' id='word_1_259' title='bbox 129 2590 228 2630; x_wconf 84' lang='lat' dir='ltr'>erat</span> <span class='ocrx_word' id='word_1_260' title='bbox 257 2585 328 2629; x_wconf 88' lang='lat' dir='ltr'>ed.</span> <span class='ocrx_word' id='word_1_261' title='bbox 421 2591 447 2630; x_wconf 86' lang='lat'>5</span> <span class='ocrx_word' id='word_1_262' title='bbox 480 2587 798 2642; x_wconf 74' lang='lat' dir='ltr'>quid—fieret</span> <span class='ocrx_word' id='word_1_263' title='bbox 827 2600 915 2630; x_wconf 92' lang='lat' dir='ltr'>om.</span> <span class='ocrx_word' id='word_1_264' title='bbox 942 2587 1013 2630; x_wconf 88' lang='lat' dir='ltr'>ed.</span> <span class='ocrx_word' id='word_1_265' title='bbox 1058 2587 1062 2644; x_wconf 79' lang='grc' dir='ltr'>Ι</span> <span class='ocrx_word' id='word_1_266' title='bbox 1108 2588 1190 2632; x_wconf 80' lang='lat' dir='ltr'>ubi</span> <span class='ocrx_word' id='word_1_267' title='bbox 1211 2587 1254 2631; x_wconf 95' lang='lat' dir='ltr'>V</span> <span class='ocrx_word' id='word_1_268' title='bbox 1284 2588 1352 2631; x_wconf 75' lang='lat' dir='ltr'>ibi</span> <span class='ocrx_word' id='word_1_269' title='bbox 1382 2587 1452 2631; x_wconf 89' lang='lat' dir='ltr'>ed.</span> <span class='ocrx_word' id='word_1_270' title='bbox 1546 2591 1571 2629; x_wconf 88' lang='grc'>6</span> <span class='ocrx_word' id='word_1_271' title='bbox 1603 2591 1758 2641; x_wconf 77' lang='lat' dir='ltr'>supter</span> <span class='ocrx_word' id='word_1_272' title='bbox 1780 2584 1822 2627; x_wconf 91' lang='lat' dir='ltr'>V</span> 
     </span>
     <span class='ocr_line' id='line_1_34' title="bbox 128 2644 1820 2700; baseline -0.001 -12"><span class='ocrx_word' id='word_1_273' title='bbox 128 2645 288 2689; x_wconf 78' lang='lat' dir='ltr'>subtus</span> <span class='ocrx_word' id='word_1_274' title='bbox 318 2645 388 2688; x_wconf 88' lang='lat' dir='ltr'>ed.</span> <span class='ocrx_word' id='word_1_275' title='bbox 506 2650 558 2688; x_wconf 93' lang='lat'>11</span> <span class='ocrx_word' id='word_1_276' title='bbox 593 2646 728 2690; x_wconf 82' lang='lat' dir='ltr'>audit</span> <span class='ocrx_word' id='word_1_277' title='bbox 756 2646 823 2689; x_wconf 82' lang='lat' dir='ltr'>ire</span> <span class='ocrx_word' id='word_1_278' title='bbox 851 2646 1058 2700; x_wconf 76' lang='lat' dir='ltr'>referunt</span> <span class='ocrx_word' id='word_1_279' title='bbox 1079 2645 1133 2690; x_wconf 91' lang='lat' dir='ltr'>V.</span> <span class='ocrx_word' id='word_1_280' title='bbox 1251 2651 1306 2690; x_wconf 87' lang='grc'>16</span> <span class='ocrx_word' id='word_1_281' title='bbox 1337 2647 1542 2691; x_wconf 84' lang='lat' dir='ltr'>validum</span> <span class='ocrx_word' id='word_1_282' title='bbox 1567 2644 1608 2688; x_wconf 93' lang='lat' dir='ltr'>V</span> <span class='ocrx_word' id='word_1_283' title='bbox 1633 2644 1703 2688; x_wconf 92' lang='lat' dir='ltr'>ed.</span> <span class='ocrx_word' id='word_1_284' title='bbox 1736 2645 1820 2688; x_wconf 83' lang='lat' dir='ltr'>cal.</span> 
     </span>
     <span class='ocr_line' id='line_1_35' title="bbox 130 2702 1822 2762; baseline 0 -16"><span class='ocrx_word' id='word_1_285' title='bbox 130 2716 213 2746; x_wconf 89' lang='lat' dir='ltr'>nos</span> <span class='ocrx_word' id='word_1_286' title='bbox 246 2717 306 2746; x_wconf 89' lang='lat' dir='ltr'>an</span> <span class='ocrx_word' id='word_1_287' title='bbox 340 2704 522 2748; x_wconf 80' lang='lat' dir='ltr'>valido?</span> <span class='ocrx_word' id='word_1_288' title='bbox 645 2709 699 2748; x_wconf 81' lang='lat'>17</span> <span class='ocrx_word' id='word_1_289' title='bbox 733 2710 882 2749; x_wconf 84' lang='lat' dir='ltr'>autem</span> <span class='ocrx_word' id='word_1_290' title='bbox 906 2704 949 2748; x_wconf 92' lang='lat' dir='ltr'>V</span> <span class='ocrx_word' id='word_1_291' title='bbox 980 2720 1021 2749; x_wconf 92' lang='lat' dir='ltr'>a.</span> <span class='ocrx_word' id='word_1_292' title='bbox 1048 2719 1186 2762; x_wconf 79' lang='lat' dir='ltr'>quum</span> <span class='ocrx_word' id='word_1_293' title='bbox 1218 2705 1288 2748; x_wconf 89' lang='lat' dir='ltr'>ed.</span> <span class='ocrx_word' id='word_1_294' title='bbox 1414 2709 1468 2747; x_wconf 89' lang='grc'>18</span> <span class='ocrx_word' id='word_1_295' title='bbox 1500 2705 1757 2749; x_wconf 82' lang='lat' dir='ltr'>verberatus</span> <span class='ocrx_word' id='word_1_296' title='bbox 1780 2702 1822 2746; x_wconf 93' lang='lat' dir='ltr'>V</span> 
     </span>
     <span class='ocr_line' id='line_1_36' title="bbox 131 2762 1821 2821; baseline 0.001 -15"><span class='ocrx_word' id='word_1_297' title='bbox 131 2767 234 2806; x_wconf 82' lang='lat' dir='ltr'>-tur</span> <span class='ocrx_word' id='word_1_298' title='bbox 264 2763 335 2806; x_wconf 94' lang='lat' dir='ltr'>ed.</span> <span class='ocrx_word' id='word_1_299' title='bbox 459 2767 514 2806; x_wconf 85' lang='lat'>22</span> <span class='ocrx_word' id='word_1_300' title='bbox 547 2768 612 2808; x_wconf 85' lang='lat' dir='ltr'>est</span> <span class='ocrx_word' id='word_1_301' title='bbox 642 2777 729 2807; x_wconf 94' lang='lat' dir='ltr'>om.</span> <span class='ocrx_word' id='word_1_302' title='bbox 756 2763 827 2807; x_wconf 90' lang='lat' dir='ltr'>ed.</span> <span class='ocrx_word' id='word_1_303' title='bbox 951 2768 1006 2807; x_wconf 88' lang='grc'>28</span> <span class='ocrx_word' id='word_1_304' title='bbox 1046 2778 1147 2808; x_wconf 84' lang='lat' dir='ltr'>cum</span> <span class='ocrx_word' id='word_1_305' title='bbox 1173 2765 1531 2821; x_wconf 74' lang='lat' dir='ltr'>pronuntiamus</span> <span class='ocrx_word' id='word_1_306' title='bbox 1552 2762 1595 2805; x_wconf 94' lang='lat' dir='ltr'>V</span> <span class='ocrx_word' id='word_1_307' title='bbox 1625 2767 1688 2806; x_wconf 86' lang='lat' dir='ltr'>est</span> <span class='ocrx_word' id='word_1_308' title='bbox 1714 2776 1821 2818; x_wconf 82' lang='lat' dir='ltr'>pro-</span> 
     </span>
     <span class='ocr_line' id='line_1_37' title="bbox 129 2821 1821 2881; baseline -0.001 -16"><span class='ocrx_word' id='word_1_309' title='bbox 129 2822 439 2866; x_wconf 74' lang='lat' dir='ltr'>nuntiandum</span> <span class='ocrx_word' id='word_1_310' title='bbox 472 2822 543 2866; x_wconf 91' lang='lat' dir='ltr'>ed.</span> <span class='ocrx_word' id='word_1_311' title='bbox 581 2822 585 2881; x_wconf 90' lang='grc' dir='ltr'>Ι</span> <span class='ocrx_word' id='word_1_312' title='bbox 613 2822 913 2879; x_wconf 75' lang='lat' dir='ltr'>producenda</span> <span class='ocrx_word' id='word_1_313' title='bbox 943 2828 1008 2868; x_wconf 84' lang='lat' dir='ltr'>est</span> <span class='ocrx_word' id='word_1_314' title='bbox 1038 2837 1064 2867; x_wconf 93' lang='grc' dir='ltr'><strong><em>ο</em></strong></span> <span class='ocrx_word' id='word_1_315' title='bbox 1093 2828 1146 2867; x_wconf 83' lang='lat' dir='ltr'>ut</span> <span class='ocrx_word' id='word_1_316' title='bbox 1175 2822 1216 2866; x_wconf 84' lang='lat' dir='ltr'><strong>V</strong></span> <span class='ocrx_word' id='word_1_317' title='bbox 1242 2824 1312 2867; x_wconf 90' lang='lat' dir='ltr'>ed.</span> <span class='ocrx_word' id='word_1_318' title='bbox 1337 2837 1431 2867; x_wconf 75' lang='lat' dir='ltr'>nou</span> <span class='ocrx_word' id='word_1_319' title='bbox 1454 2823 1560 2878; x_wconf 81' lang='lat' dir='ltr'>post</span> <span class='ocrx_word' id='word_1_320' title='bbox 1583 2835 1609 2866; x_wconf 92' lang='lat' dir='ltr'>o</span> <span class='ocrx_word' id='word_1_321' title='bbox 1632 2821 1821 2876; x_wconf 85' lang='lat' dir='ltr'>inserui,</span> 
     </span>
     <span class='ocr_line' id='line_1_38' title="bbox 131 2880 1820 2939; baseline 0 -16"><span class='ocrx_word' id='word_1_322' title='bbox 131 2881 353 2934; x_wconf 87' lang='lat' dir='ltr'>quoniam</span> <span class='ocrx_word' id='word_1_323' title='bbox 396 2894 424 2924; x_wconf 91' lang='lat' dir='ltr'>a</span> <span class='ocrx_word' id='word_1_324' title='bbox 462 2880 645 2926; x_wconf 87' lang='lat' dir='ltr'>Donato</span> <span class='ocrx_word' id='word_1_325' title='bbox 683 2883 765 2927; x_wconf 83' lang='lat' dir='ltr'>hoc</span> <span class='ocrx_word' id='word_1_326' title='bbox 803 2895 906 2925; x_wconf 90' lang='lat' dir='ltr'>cum</span> <span class='ocrx_word' id='word_1_327' title='bbox 943 2883 1065 2926; x_wconf 83' lang='lat' dir='ltr'>caelo</span> <span class='ocrx_word' id='word_1_328' title='bbox 1104 2882 1326 2939; x_wconf 87' lang='lat' dir='ltr'>coniungi</span> <span class='ocrx_word' id='word_1_329' title='bbox 1357 2881 1600 2936; x_wconf 85' lang='lat' dir='ltr'>sequentia</span> <span class='ocrx_word' id='word_1_330' title='bbox 1638 2881 1820 2934; x_wconf 83' lang='lat' dir='ltr'>docent,</span> 
     </span>
     <span class='ocr_line' id='line_1_39' title="bbox 132 2939 1820 2997; baseline 0.001 -15"><span class='ocrx_word' id='word_1_331' title='bbox 132 2939 214 2982; x_wconf 83' lang='lat' dir='ltr'>sed</span> <span class='ocrx_word' id='word_1_332' title='bbox 253 2939 417 2984; x_wconf 86' lang='lat' dir='ltr'>dubito</span> <span class='ocrx_word' id='word_1_333' title='bbox 457 2953 517 2984; x_wconf 85' lang='lat' dir='ltr'>an</span> <span class='ocrx_word' id='word_1_334' title='bbox 555 2941 713 2996; x_wconf 84' lang='lat' dir='ltr'>potius</span> <span class='ocrx_word' id='word_1_335' title='bbox 741 2941 1087 2997; x_wconf 76' lang='lat' dir='ltr'>producendum</span> <span class='ocrx_word' id='word_1_336' title='bbox 1119 2947 1182 2985; x_wconf 86' lang='lat' dir='ltr'>est</span> <span class='ocrx_word' id='word_1_337' title='bbox 1210 2955 1305 2986; x_wconf 78' lang='lat' dir='ltr'>non</span> <span class='ocrx_word' id='word_1_338' title='bbox 1335 2946 1388 2985; x_wconf 85' lang='lat' dir='ltr'>ut</span> <span class='ocrx_word' id='word_1_339' title='bbox 1418 2939 1714 2983; x_wconf 89' lang='lat' dir='ltr'>scribendum</span> <span class='ocrx_word' id='word_1_340' title='bbox 1746 2939 1820 2983; x_wconf 84' lang='lat' dir='ltr'>sit.</span> 
     </span>
     <span class='ocr_line' id='line_1_40' title="bbox 133 2998 1819 3059; baseline 0.002 -20"><span class='ocrx_word' id='word_1_341' title='bbox 133 3001 188 3040; x_wconf 83' lang='lat'>29</span> <span class='ocrx_word' id='word_1_342' title='bbox 220 3003 262 3043; x_wconf 88' lang='lat' dir='ltr'>et</span> <span class='ocrx_word' id='word_1_343' title='bbox 290 3000 374 3053; x_wconf 72' lang='lat' dir='ltr'>fiat</span> <span class='ocrx_word' id='word_1_344' title='bbox 399 2998 442 3042; x_wconf 95' lang='lat' dir='ltr'>V</span> <span class='ocrx_word' id='word_1_345' title='bbox 474 2999 544 3043; x_wconf 88' lang='lat' dir='ltr'>ed.</span> <span class='ocrx_word' id='word_1_346' title='bbox 577 3013 633 3044; x_wconf 70' lang='lat' dir='ltr'>‘ne</span> <span class='ocrx_word' id='word_1_347' title='bbox 662 3001 748 3055; x_wconf 79' lang='lat' dir='ltr'>fiat</span> <span class='ocrx_word' id='word_1_348' title='bbox 785 3000 855 3044; x_wconf 89' lang='lat' dir='ltr'>ed.</span> <span class='ocrx_word' id='word_1_349' title='bbox 888 3002 1008 3056; x_wconf 83' lang='lat' dir='ltr'>post.</span> <span class='ocrx_word' id='word_1_350' title='bbox 1055 3001 1059 3059; x_wconf 85' lang='grc' dir='ltr'>Ι</span> <span class='ocrx_word' id='word_1_351' title='bbox 1110 3005 1161 3045; x_wconf 91' lang='lat' dir='ltr'>ut</span> <span class='ocrx_word' id='word_1_352' title='bbox 1175 3001 1250 3045; x_wconf 65' lang='lat' dir='ltr'>mit</span> <span class='ocrx_word' id='word_1_353' title='bbox 1275 2999 1314 3043; x_wconf 93' lang='lat' dir='ltr'>V</span> <span class='ocrx_word' id='word_1_354' title='bbox 1338 2999 1409 3044; x_wconf 89' lang='lat' dir='ltr'>ed.</span> <span class='ocrx_word' id='word_1_355' title='bbox 1442 2999 1522 3044; x_wconf 83' lang='lat' dir='ltr'>sed</span> <span class='ocrx_word' id='word_1_356' title='bbox 1551 3000 1611 3044; x_wconf 78' lang='lat' dir='ltr'>sit</span> <span class='ocrx_word' id='word_1_357' title='bbox 1642 2998 1819 3055; x_wconf 87' lang='lat' dir='ltr'>scripsi.</span> 
     </span>
    </p>
   </div>
   <div class='ocr_carea' id='block_1_7' title="bbox 222 3087 1551 3130">
    <p class='ocr_par' dir='ltr' id='par_1_7' title="bbox 222 3087 1551 3130">
     <span class='ocr_line' id='line_1_41' title="bbox 222 3087 1551 3130; baseline 0.002 -11"><span class='ocrx_word' id='word_1_358' title='bbox 222 3087 321 3120; x_wconf 86' lang='lat' dir='ltr'>Don.</span> <span class='ocrx_word' id='word_1_359' title='bbox 337 3087 496 3127; x_wconf 84' lang='lat' dir='ltr'>interpr.</span> <span class='ocrx_word' id='word_1_360' title='bbox 508 3088 620 3128; x_wconf 82' lang='lat' dir='ltr'>Verg.</span> <span class='ocrx_word' id='word_1_361' title='bbox 646 3089 721 3121; x_wconf 91' lang='lat' dir='ltr'>vol.</span> <span class='ocrx_word' id='word_1_362' title='bbox 738 3089 788 3120; x_wconf 89' lang='grc' dir='ltr'>Π.</span> <span class='ocrx_word' id='word_1_363' title='bbox 1498 3092 1551 3130; x_wconf 82' lang='lat'>12</span> 
     </span>
    </p>
   </div>
  </div>
 </body>
</html>
