2050 3226
33 954 76 987 10

33 1324 74 1356 15

32 1694 76 1726 20

33 2063 76 2096 25

35 2434 79 2465 30

746 130 1052 178 Anunmos
1076 130 1164 174 vn
1736 136 1803 187 17

107 270 340 335 portendi
386 271 691 334 populorum
737 272 978 334 stragem,
1026 271 1190 333 ipsam
1237 271 1406 319 tamen
1450 270 1674 319 futuram
1719 289 1807 335 po-

106 345 298 394 tiorem.
374 361 475 394 non
514 344 673 409 igitur
709 343 840 394 vatis
878 359 1116 406 responso
1156 346 1416 394 contentus
1455 346 1609 394 etiam
1645 345 1809 394 Fauni

107 418 406 468 auctoritate
459 420 640 468 certior
691 418 854 468 voluit
904 417 1057 467 reddi.
1149 418 1351 467 Faunus
1405 419 1612 482 quippe,
1674 420 1808 482 quod

106 493 343 542 fatidicus
389 495 518 542 esset
563 496 615 542 et
654 495 819 556 pater,
858 492 1123 542 videbatur
1159 507 1304 555 posse
1340 493 1586 542 instruere
1625 495 1806 542 certius

106 567 265 616 filium
303 567 494 631 duplici
533 583 654 616 cura
691 582 1010 630 suspensum;
1053 566 1140 630 qui
1178 566 1310 615 enim
1346 568 1491 615 iuxta
1528 574 1716 616 ceteros
1755 568 1808 615 in

105 641 446 705 respondendo
496 641 659 690 facilis
709 641 807 689 fuit
855 640 1196 705 benigniorem
1235 656 1287 689 se
1325 640 1378 689 in
1417 657 1620 690 suorum
1658 657 1809 690 causa

105 716 449 779 praebiturum
481 715 702 765 dubitari
731 732 831 764 non
862 718 1075 778 poterat.
1130 715 1270 778 adiit,
1294 715 1475 778 inquit,
1498 733 1584 764 rex
1615 717 1808 779 patrios

105 790 264 851 lucos,‚
309 790 403 839 hoc
446 793 522 839 est
559 791 612 838 in
652 790 833 852 quibus
872 789 958 838 ille
997 789 1255 838 colebatur
1293 791 1344 838 et
1381 789 1535 838 dabat
1571 805 1810 852 responsa

106 864 491 927 postulantibus.
566 864 621 912 hi
666 865 767 913 luci
813 864 1018 912 fuerunt
1066 864 1157 912 sub
1209 864 1314 913 alta
1364 863 1513 926 silva,
1562 880 1689 926 quae
1736 864 1808 912 di-

106 941 297 987 ceretur
326 939 577 1001 Albunea3
614 939 721 987 illic
755 939 922 987 fuerat
950 938 1060 986 fons
1091 938 1190 986 loci
1219 938 1507 987 numinibus
1539 954 1691 1000 sacer,
1723 938 1810 987 sed

107 1013 192 1076 qui
224 1013 478 1061 exhalaret
507 1013 769 1076 mephitim
793 1028 995 1062 saevam
1024 1013 1077 1060 id
1108 1015 1183 1061 est
1213 1013 1414 1060 odorem
1438 1012 1805 1077 gravissimum.

104 1087 217 1135 hine
275 1087 439 1135 Italae
502 1091 666 1148 yentes
727 1088 976 1147 omnisque
1040 1085 1268 1135 Oenotria
1330 1087 1470 1135 tellus
1530 1087 1585 1134 in
1645 1087 1809 1135 dubiis

104 1175 341 1221 responsa
379 1164 574 1221 petunt:
637 1177 738 1209 non
774 1161 926 1209 tellus
964 1161 1167 1224 petebat
1204 1176 1464 1224 responsa,
1505 1160 1591 1210 sed
1632 1161 1719 1223 qui
1755 1161 1808 1208 in

107 1251 165 1283 ea
204 1235 651 1284 commorabantur.
719 1235 772 1282 in
811 1234 976 1283 dubiis
1015 1234 1140 1282 dixit
1176 1234 1230 1282 in
1269 1235 1448 1298 quibus
1487 1235 1664 1283 incerti
1703 1251 1808 1283 esse

106 1308 404 1358 viderentur.
464 1309 558 1358 huc
587 1309 719 1358 dona
748 1309 975 1357 sacerdos
1007 1324 1116 1357 cum
1147 1309 1256 1356 tulit
1286 1312 1330 1357 et
1359 1323 1616 1358 caesarum
1647 1311 1810 1357 ovium

105 1384 194 1432 sub
232 1386 366 1431 nocte
404 1383 565 1431 silenti
595 1383 808 1443 pellibus
845 1384 1067 1431 incubuit
1099 1384 1268 1432 stratis
1306 1398 1591 1443 somnosque
1620 1385 1807 1444 petivit,

105 1457 260 1505 multa
310 1457 468 1506 modis
521 1458 790 1506 simulacra
843 1458 973 1505 videt
1031 1458 1289 1506 volitantia
1348 1458 1489 1506 miris
1544 1461 1587 1505 et
1638 1459 1810 1506 varias

106 1531 247 1579 audit
289 1545 424 1579 voees
469 1533 746 1592 fruiturque
792 1532 992 1579 deorwm
1030 1532 1277 1591 conloquio
1325 1535 1466 1592 atque
1503 1532 1618 1579 imis
1655 1531 1808 1580 Ache-

104 1609 247 1654 ronta
287 1605 492 1665 adfatur
530 1605 768 1654 Avernis:
828 1622 1015 1654 morem
1055 1605 1181 1653 dixit
1218 1606 1354 1654 illius
1391 1607 1510 1654 loci:
1550 1606 1691 1667 dum,
1734 1605 1809 1653 in·

107 1680 237 1743 quit,
276 1695 514 1742 responsa
551 1682 849 1743 poscuntur,
889 1680 1028 1730 venit
1066 1681 1294 1728 sacerdos
1326 1680 1389 1728 ad
1420 1681 1613 1741 lucum,
1646 1680 1811 1728 adfert

107 1754 258 1816 dona,
304 1753 514 1817 pecudes
561 1757 751 1803 mactat
797 1757 847 1802 et
893 1770 1063 1802 earum
1103 1754 1275 1803 stratis
1314 1754 1528 1817 pellibus
1565 1754 1811 1802 incumbit

105 1828 276 1891 ibique
336 1828 584 1877 dormiens
650 1830 826 1877 futura
887 1828 1106 1878 somniat
1166 1831 1216 1877 et
1276 1831 1487 1877 ventura
1557 1828 1811 1892 cognoscit

105 1904 404 1964 tantumque
459 1903 561 1950 alto
615 1903 860 1965 premitur
912 1918 1107 1964 somno,
1159 1906 1218 1951 ut
1268 1902 1332 1950 ad
1380 1903 1541 1952 instar
1589 1902 1811 1950 defuncti

105 1976 319 2024 hominis
369 1977 534 2025 iacens
582 1993 694 2025 cum
732 1977 854 2040 ipsis
904 1977 1077 2026 inferis
1129 1979 1179 2025 et
1224 1992 1336 2025 cum
1381 1978 1491 2040 ipso
1530 1976 1810 2026 Acheronte

108 2050 204 2098 sibi
250 2049 519 2099 arbitretur
564 2066 668 2100 esse
716 2051 1052 2114 conloquium.
1130 2051 1393 2100 auditurus
1434 2051 1566 2099 enim
1606 2051 1721 2099 deos
1762 2054 1812 2098 et

107 2124 302 2173 fabulas
342 2140 455 2172 cum
494 2125 780 2174 numinibus
819 2126 1084 2174 habiturus
1122 2126 1396 2174 humanum
1436 2141 1633 2174 sensum
1665 2125 1811 2173 debet

108 2198 396 2247 dormiendo
442 2200 646 2248 nescire.
721 2200 798 2247 hic
836 2203 878 2248 et
915 2203 1018 2247 tuan
1052 2203 1194 2259 pater
1231 2201 1335 2260 ipse
1370 2203 1537 2260 petens
1574 2214 1811 2260 responsa

108 2273 323 2321 Latinus
378 2276 564 2321 centum
627 2274 875 2334 lanigeras
933 2275 1179 2322 mactabat
1244 2274 1335 2322 rite
1407 2274 1613 2322 bidentis
1670 2277 1811 2332 atque

108 2347 285 2395 harum
331 2347 526 2406 effultus
572 2350 699 2408 teryo
745 2349 1004 2407 stratisque
1048 2349 1236 2396 iacebat
1280 2348 1560 2396 velleribus:
1635 2347 1716 2395 hic
1762 2351 1811 2394 et

108 2423 216 2468 tum
253 2421 441 2483 inquit,
478 2422 572 2470 hoc
611 2424 687 2470 est
723 2422 818 2470 hoc
855 2422 964 2470 loco
1004 2423 1154 2484 atque
1192 2421 1302 2485 ipso
1341 2424 1563 2484 tempore
1597 2437 1695 2484 quo
1734 2423 1811 2468 tot

109 2497 332 2543 monstra
378 2495 646 2544 extiterant
690 2497 743 2543 in
791 2511 941 2544 causa
978 2496 1121 2543 filiae.
1198 2498 1343 2559 pater
1379 2495 1486 2558 ipse
1525 2498 1697 2558 petens
1736 2510 1809 2541 re-

110 2583 292 2630 sponsa
340 2567 572 2618 Latinus:
625 2570 732 2632 ipse
782 2573 927 2632 pater
976 2569 1195 2633 perrexit
1241 2569 1305 2618 ad
1352 2570 1566 2632 petenda
1605 2569 1683 2616 vel
1732 2584 1808 2616 ac-

231 2715 256 2752 5
288 2711 368 2766 qui
391 2724 492 2755 cum
517 2710 587 2754 ed.
675 2714 700 2753 9
733 2711 970 2755 dicebatwr
994 2710 1064 2754 ed.
1146 2714 1201 2753 10
1233 2711 1321 2755 loci
1342 2710 1603 2754 nominibus
1628 2723 1736 2765 ayer
1752 2708 1806 2752 V.

114 2773 168 2811 15
201 2769 398 2814 cuntulit
420 2769 475 2814 V.
573 2773 628 2813 19
661 2770 749 2814 loci
777 2773 831 2814 ut
863 2783 1005 2825 supra
1028 2769 1071 2813 V
1103 2770 1195 2814 luci
1224 2771 1423 2824 utroque
1455 2768 1556 2811 loco
1589 2768 1659 2810 ed.
1697 2767 1702 2826 Ι
1737 2769 1809 2812 in-

112 2829 210 2883 quit
242 2827 285 2871 V
326 2828 448 2873 dixit
488 2828 559 2874 ed.
698 2833 751 2872 21
797 2834 968 2873 mactat
1003 2828 1046 2871 V
1089 2829 1237 2873 caedit
1279 2827 1350 2871 ed.
1410 2827 1414 2885 1
1479 2827 1690 2871 incubuit
1735 2827 1806 2870 ed.

114 2891 168 2929 22
201 2892 430 2944 eoqnoscet
452 2886 507 2933 V.
630 2891 685 2932 23
717 2888 896 2944 altoque
917 2887 961 2931 V
991 2888 1085 2932 alto
1117 2887 1189 2932 ed.
1312 2891 1367 2930 25
1401 2887 1703 2931 arbitraretur
1735 2886 1806 2931 ed.

114 2958 228 2988 corr.
262 2945 332 2990 ed.
365 2948 484 3002 post.
502 2946 618 2990 =V.
741 2951 797 2991 26
828 2947 1090 2992 nominibus
1113 2946 1169 2990 V.

203 3034 300 3066 Don.
315 3035 472 3074 interpr.
486 3036 598 3076 Verg.
623 3036 697 3068 vol.
715 3036 766 3068 11.
829 3030 835 3041 “
1514 3038 1539 3075 2

1841 1096 1897 1136 85

1842 1467 1898 1506 90
