2050 3226
269 215 379 270 500
743 215 974 261 DONATI
1002 216 1487 263 1NTERPR.VERG.

267 371 383 403 nam
423 357 472 403 et
515 356 698 420 regalis
738 357 836 403 fuit
879 357 927 404 et
976 371 1159 420 magna
1205 359 1256 405 et
1301 358 1508 420 geminis
1558 359 1716 421 partis
1767 360 1959 410 felicior

265 432 446 491 mater,
477 432 652 492 utpote
685 446 810 492 quae
833 430 1120 492 Apollinem
1149 431 1461 494 Dianamque
1491 435 1785 496 peperisset,
1816 452 1956 498 prae-

266 503 438 566 cipuos
477 504 664 552 scilicet
703 505 816 552 deos
857 506 907 551 et
938 504 1229 554 exercitatos
1260 506 1314 553 in
1344 506 1522 556 iaculis
1555 509 1604 555 et
1635 507 1848 572 sagittis.
1905 510 1956 558 in

263 577 639 641 pronominibus
663 577 919 626 videamus
952 580 1195 640 quantum
1227 579 1292 628 sit
1321 580 1537 642 pondus:
1569 581 1678 645 tibi,
1711 583 1798 644 ait,
1830 599 1955 646 quae

264 668 323 699 ex
353 651 547 700 Latona
584 651 721 700 nasci
758 653 1006 713 meruisti,
1044 652 1160 714 tibi,
1199 653 1358 702 sorori
1386 655 1658 718 Apolh'niS,
1699 656 1790 705 tibi
1830 674 1955 720 quae
2010 670 2043 703 ε’

261 726 521 774 maiestate
560 726 776 774 numinis
814 726 946 774 fulta
985 742 1057 788 es,
1094 726 1189 775 tibi
1227 728 1407 792 dignae
1446 729 1527 777 6111
1565 730 1748 779 servire
1781 730 1956 780 debeat

260 800 365 848 filia
402 816 533 860 mea,
573 799 668 847 tibi
707 816 832 862 quae
863 802 1003 862 potes
1043 816 1238 850 servare
1268 802 1647 864 periclitantem.
1698 805 1953 854 videamus

262 873 381 936 quid
414 873 658 937 significet
687 874 836 922 hanc:
871 875 963 923 1106
995 877 1069 922 est
1100 892 1250 938 quam
1281 877 1334 924 in
1364 877 1598 939 periculis
1629 880 1822 941 positus
1854 896 1954 928 non

258 948 440 1010 reliqui
477 948 705 996 hostibus
742 948 888 1010 meis,
931 965 1082 1011 quam
1121 950 1279 997 solam
1316 951 1497 1014 habeo,
1549 969 1672 1014 quae
1711 955 1787 1001 est
1825 953 1951 1002 sola-

258 1023 391 1069 cium
423 1023 765 1071 calamitatum
800 1025 850 1070 et
881 1023 1014 1071 exilii
1042 1025 1163 1085 mei,
1196 1041 1348 1087 quam
1379 1026 1558 1074 fiducia
1589 1026 1666 1074 tui
1696 1027 1951 1076 committo
1985 1041 2027 1073 10

255 1097 472 1157 incertis,
500 1099 558 1144 ut
588 1096 1008 1146 evidentissimam
1032 1098 1196 1161 fugiat
1218 1101 1443 1148 mortem.
1496 1101 1603 1163 ipse
1627 1103 1771 1163 pater
1793 1102 1950 1150 famu-

255 1171 358 1218 lam
395 1186 573 1232 voveo,
614 1171 701 1233 qui
733 1172 952 1219 donandi
984 1174 1031 1220 et
1067 1172 1279 1221 vovendi
1309 1173 1466 1222 habeo
1498 1176 1813 1237 potestatem.
1866 1177 1950 1238 516,

254 1244 441 1307 inquit,
471 1245 567 1293 tibi
596 1245 725 1294 hanc
748 1261 927 1307 voveo,
958 1250 1018 1295 ut
1048 1246 1245 1295 desinat
1274 1263 1384 1295 mea
1416 1263 1520 1297 esse
1550 1248 1656 1297 filia
1687 1252 1738 1298 et
1769 1249 1949 1299 efficia-

253 1322 337 1367 tur
374 1319 565 1367 famula
604 1321 706 1368 tua.
778 1321 985 1382 aequius
1025 1321 1154 1368 enim
1193 1323 1328 1384 patri
1367 1321 1631 1371 videbatur
1668 1325 1727 1371 ut
1762 1324 1950 1374 viveret

255 1395 480 1455 essetque
519 1393 573 1441 in
613 1394 849 1456 obsequio
883 1394 1002 1442 deae
1036 1412 1188 1457 quam
1227 1411 1340 1444 cum
1370 1396 1481 1459 ipsa
1511 1396 1741 1446 libertate
1773 1398 1948 1447 acerbo
1981 1413 2041 1447 15·

253 1468 438 1529 periret
474 1468 695 1516 interitu.
774 1468 906 1532 quod
945 1471 1112 1516 autem
1152 1469 1277 1518 dixit
1314 1486 1491 1532 voveo,
1538 1487 1637 1519 non
1677 1472 1736 1519 de
1775 1473 1946 1521 futuro

252 1542 447 1590 locutus
481 1544 570 1602 est,
603 1542 687 1590 sed
720 1543 778 1590 de
810 1544 1059 1606 praesenti
1088 1546 1239 1606 atque
1270 1545 1513 1607 perfect03
1543 1546 1596 1593 in
1620 1547 1946 1608 promissione

253 1617 438 1679 quippe
470 1619 585 1678 post
623 1619 854 1666 eventum
884 1633 1171 1680 prosperum
1205 1621 1374 1681 posset
1403 1621 1597 1667 mutare
1633 1622 1946 1682 sententiam,

251 1692 366 1752 post
410 1691 713 1739 translatum
754 1707 870 1740 vero
918 1691 1191 1740 dominium
1239 1692 1364 1740 nihil
1411 1693 1629 1757 cogitare
1677 1694 1809 1756 quod
1860 1694 1944 1742 ad-

250 1766 473 1812 mitteret
503 1764 742 1813 fraudem.
801 1768 887 1813 tua
910 1767 1081 1825 prima
1102 1780 1196 1826 per
1227 1781 1380 1814 auras
1410 1768 1505 1815 tela
1535 1770 1720 1825 tenone,
1745 1769 1838 1817 hoc
1870 1772 1944 1818 est
1976 1783 2038 1816 20·

250 1838 467 1886 hastam:
493 1855 602 1887 cum
627 1839 773 1887 hasta
797 1854 905 1887 eam
928 1842 1118 1888 teneret
1139 1839 1385 1902 innexam,
1402 1841 1472 1889 sic
1495 1842 1688 1890 locutus
1715 1844 1804 1904 est,
1823 1859 1940 1905 qua-

251 1912 293 1959 si
323 1913 434 1974 ipsa
465 1914 662 1961 hastam
693 1914 794 1962 suis
826 1913 1053 1963 manibus
1084 1916 1291 1977 regeret.
1352 1916 1555 1976 supplex
1585 1916 1764 1964 hostem
1793 1918 1943 1978 fuyit:

251 2001 378 2047 quae
416 1989 465 2034 te
504 1987 665 2048 verbis
705 1987 826 2036 meis
864 1990 1013 2052 rogat
1050 1991 1098 2037 et
1135 1988 1229 2038 tibi
1269 1991 1344 2037 est
1382 1991 1591 2052 supplex
1633 2006 1732 2038 non
1772 2007 1939 2053 quem-

145 2070 230 2110 560
249 2076 399 2122 quam
431 2062 757 2123 persequitur,
781 2061 866 2110 sed
895 2062 1104 2111 infestos
1136 2063 1277 2125 cupit
1306 2063 1526 2112 evadere.
1583 2065 1757 2125 accipe,
1783 2068 1937 2122 testor,

248 2134 376 2190 diva,
399 2138 557 2182 tuam:
587 2139 713 2183 teste
737 2140 786 2183 te
810 2135 904 2183 tibi
927 2137 1278 2185 transcribitur
1300 2137 1483 2186 iudicio
1507 2154 1632 2199 meo,
1650 2138 1815 2201 accipe
1839 2155 1936 2188 non
1970 2151 2013 2183 25

245 2209 563 2270 promissam,
604 2209 688 2256 sed
725 2210 994 2259 traditione
1033 2212 1254 2274 perfecta
1291 2211 1393 2259 iam
1430 2216 1586 2260 tuam.
1648 2227 1770 2271 quae
1807 2228 1939 2261 mmo

245 2282 407 2330 dubiis
449 2284 756 2330 committitur
802 2286 964 2332 auris:
1013 2301 1113 2333 non
1157 2285 1454 2334 temeritatis
1507 2289 1582 2334 est
1628 2286 1762 2347 quod
1808 2286 1935 2335 aeris

242 2356 430 2404 incerto
471 2357 820 2418 committitur,
871 2359 956 2406 sed
994 2359 1203 2407 fiduciae
1249 2359 1467 2408 numinis
1505 2360 1604 2421 tui,
1655 2375 1797 2408 serva
1833 2360 1935 2408 iam
2008 2370 2010 2373 ’

242 2432 403 2491 tuam,
443 2446 585 2479 serva
622 2433 709 2478 tuo
749 2432 941 2479 numini
971 2433 1322 2496 potentiaeque
1363 2434 1712 2482 commissamf
1742 2434 1864 2481 dtoeit
1894 2438 1937 2482 et

244 2504 449 2552 adducto
490 2508 758 2552 contentum
795 2506 967 2553 hastile
1006 2508 1178 2555 lacerto
1217 2508 1440 2566 tramittit,-
1485 2509 1626 2556 tanto
1667 2506 1797 2555 enim
1836 2509 1933 2556 for·
1965 2522 2008 2554 30

362 2621 384 2658 1
418 2618 608 2672 yeminis
632 2621 798 2672 partus
821 2616 862 2658 V
885 2619 1061 2673 yemino
1087 2624 1230 2673 partu
1258 2619 1329 2662 ed.
1422 2624 1450 2662 4
1474 2620 1553 2675 qui
1576 2633 1631 2663 ex
1654 2617 1696 2661 V
1720 2632 1831 2662 corr.
1859 2619 1929 2662 ed.

243 2678 267 2717 6
293 2675 459 2731 dignae
484 2689 571 2719 om.
590 2676 659 2719 ed.
724 2679 750 2719 8
770 2677 942 2731 positos
957 2676 998 2718 V
1010 2679 1208 2732 positam
1226 2678 1295 2721 ed.
1362 2682 1416 2721 10
1439 2678 1656 2733 fiduciam
1673 2677 1837 2722 Vcorr.
1857 2678 1928 2722 ed.

243 2738 296 2776 13
323 2740 364 2777 et
378 2760 429 2766 ——
451 2739 506 2777 14
530 2740 612 2778 tua
635 2748 723 2778 om.
742 2734 813 2778 ed.
890 2739 942 2778 15
967 2736 1063 2791 ipse
1083 2736 1124 2779 V
1142 2750 1254 2780 corr.
1274 2737 1344 2781 ed.
1420 2742 1474 2780 16
1499 2738 1646 2781 inrita
1665 2735 1707 2779 V
1724 2749 1836 2781 corr.
1857 2737 1927 2781 ed.

242 2797 295 2834 17
330 2798 462 2848 atque
483 2793 525 2836 V
551 2799 592 2837 et
623 2794 693 2838 ed.
789 2797 842 2836 19
869 2796 1013 2849 possit
1036 2794 1078 2837 V
1101 2801 1209 2850 post
1239 2809 1348 2839 corr.
1381 2796 1451 2839 ed.
1482 2795 1486 2854 Ι
1521 2796 1754 2839 dominum
1777 2796 1819 2839 V
1850 2797 1929 2840 do-

239 2853 432 2895 minium
457 2851 492 2895 O
527 2853 694 2896 donum
726 2852 797 2896 ed.
921 2857 976 2896 20
1008 2868 1140 2898 aures
1166 2854 1216 2898 V.
1265 2855 1269 2913 Ι
1320 2861 1473 2899 tenens
1501 2855 1666 2898 hostem
1693 2854 1731 2898 V
1761 2855 1802 2898 h.
1838 2855 1926 2899 del.

240 2911 310 2954 ed.
342 2912 423 2954 hoc
454 2917 518 2955 est
546 2913 723 2956 hastam
752 2925 847 2955 1105.
950 2916 1004 2955 28
1035 2915 1232 2957 nominis
1263 2916 1311 2957 et
1340 2914 1517 2957 nomini
1540 2912 1581 2956 V
1606 2913 1676 2956 ed.
1721 2913 1725 2970 Ι
1767 2919 1927 2969 poten-

238 2971 349 3012 tiam
383 2984 496 3025 quae
520 2969 561 3011 V
586 2984 698 3014 corr.
725 2971 795 3014 ed.
889 2974 944 3013 30
976 2977 1228 3016 contentum
1261 2975 1327 3029 (et
1349 2972 1488 3027 infra)
1514 2971 1556 3015 V
1578 2977 1830 3017 contortum
1855 2973 1924 3016 ed.

239 3030 285 3070 et
310 3027 445 3085 Verg.
465 3028 573 3072 libri
597 3029 693 3074 fere
719 3043 890 3084 omnes,
908 3029 987 3073 sed
1014 3036 1268 3075 contemtum
1292 3031 1678 3087 interpretatione
1701 3031 1922 3076 firmatur.
