2050 3226
243 141 351 196 536
714 140 947 186 DONATI
977 140 1258 186 INTERPR.
1282 141 1462 186 VERG.

241 296 453 343 poenam
490 296 580 330 nec
617 279 743 329 illud
780 279 915 343 quod
954 280 1138 329 accidit
1174 281 1375 330 eventui
1412 282 1643 345 deputat,
1689 281 1775 331 scd
1821 297 1932 330 con·

240 355 409 403 firmat
447 370 551 404 esse
591 355 918 417 supplicium,
958 354 1102 416 quasi
1139 355 1179 403 si
1222 354 1407 404 diceret
1435 371 1604 419 posses
1642 356 1808 404 vivere
1845 371 1934 405 nec
2023 365 2027 417 ζ,

241 443 425 491 poenas
465 428 786 492 gravissimas
825 427 1039 491 perpeti,
1082 427 1125 476 si
1163 428 1403 478 Troianos
1448 445 1548 478 non
1586 430 1719 478 ultro
1758 445 1934 492 provo·
2027 485 2028 493 ἵ

241 518 402 552 casses
440 501 493 550 in
530 503 729 551 bellum.
787 516 874 550 nec
911 503 998 550 tibi
1035 501 1250 551 desertae
1286 504 1341 551 in
1378 503 1540 552 dumis
1578 503 1780 552 coluisse
1809 503 1937 553 Dia-
2026 539 2030 549 .

240 591 358 625 nam
399 577 594 637 profuit
638 575 756 638 [aut
802 579 997 624 nostras
1048 591 1214 625 umero
1259 578 1464 638 yessisse
1515 576 1765 639 saqittass·
1813 576 1936 640 quid
1989 591 2008 625 ⁶

239 652 431 713 profuit
468 650 790 699 solitudinem
826 652 875 699 te
914 665 1113 712 passam
1151 666 1255 699 esse
1287 650 1561 700 silvarum?
1600 652 1722 715 quid
1761 651 1934 701 dumos

240 724 511 773 tolerasse?
565 723 688 787 quid
725 726 967 773 tractasse
1007 723 1179 773 arma?
1232 724 1353 788 quid
1391 725 1608 774 Dianam
1645 727 1755 775 tota
1791 742 1936 775 vene·
2030 733 2036 788 1

150 805 155 808 ’
239 798 432 847 ratione
471 797 713 848 coluisse?
765 798 994 847 omnibus
1025 797 1161 866 locis*
1179 798 1381 847 deorum
1413 800 1600 849 cultum
1635 798 1758 848 dicit
1787 802 1936 863 poeta
2032 794 2038 875 Ῑ

239 873 428 921 frustra
467 888 572 921 esse
610 889 771 936 neque
807 889 1048 935 umquam
1087 873 1321 921 auxiliari
1359 873 1474 922 deos
1513 873 1748 936 cuiquam
1791 889 1935 937 posse
2034 880 2038 932 1

136 955 222 996 845
240 963 351 995 cum
391 946 455 995 ad
493 947 699 996 fatalem
746 948 1094 996 necessitatem
1138 947 1292 996 fuerit
1336 950 1553 997 ventum.
1629 963 1729 996 non
1774 951 1937 997 tamen
1969 943 2038 994 ια’

238 1022 510 1070 indecorem
555 1025 641 1069 tua
686 1025 729 1069 te
773 1022 945 1082 reyina
996 1021 1226 1083 relinquit
1276 1024 1488 1070 extrema
1534 1022 1638 1070 iam
1685 1023 1740 1070 in
1787 1025 1938 1070 morte

237 1110 389 1156 neque
425 1097 512 1144 hoc
555 1095 662 1144 sine
706 1095 900 1143 nomine
948 1095 1091 1143 zetwm
1137 1109 1231 1156 per
1272 1097 1429 1157 qentis
1479 1097 1570 1144 erit
1613 1099 1699 1145 aut
1746 1096 1938 1156 famam

232 1170 439 1230 patieris
470 1170 679 1218 inultae:
717 1168 1072 1218 consolationis
1106 1170 1258 1218 verba
1289 1173 1404 1218 sunt
1432 1169 1553 1232 ista,
1593 1186 1720 1234 quae
1751 1171 1938 1218 mortui

237 1260 327 1292 nec
367 1243 579 1292 audiunt
616 1260 705 1292 nec
743 1246 955 1307 possunt
992 1244 1099 1292 ulla
1135 1243 1328 1293 ratione
1367 1244 1563 1293 sentire.
1623 1245 1678 1292 in
1717 1243 1936 1294 adversis

237 1317 354 1379 tuis,
384 1317 566 1380 inquit,
597 1334 694 1366 non
728 1319 821 1366 erit
843 1320 988 1366 tuum
1010 1319 1220 1367 inferius
1243 1317 1479 1367 meritum
1509 1334 1598 1368 nec
1626 1318 1938 1368 indefensum
1967 1330 2010 1364 15

237 1391 458 1440 manebit
498 1408 595 1455 quo
643 1391 802 1455 perire
840 1393 1053 1455 potuisti
1091 1395 1182 1441 aut
1230 1393 1420 1441 inultae
1462 1409 1550 1455 per
1595 1393 1808 1456 populos
1847 1393 1938 1441 leti

237 1467 314 1514 tui
352 1467 558 1514 nuntius
598 1468 785 1530 perget.
846 1465 1146 1530 perindeque
1186 1466 1377 1515 accedit
1413 1466 1575 1516 titulis
1613 1466 1715 1515 tuis
1754 1465 1935 1515 nobilis

238 1541 388 1602 fama,
421 1540 557 1603 quod
586 1543 636 1589 te
669 1540 849 1602 Diana,
881 1540 925 1589 si
956 1557 986 1588 a
1015 1543 1174 1589 morte
1210 1557 1404 1590 servare
1435 1557 1534 1589 non
1565 1541 1744 1604 potuit,
1767 1529 1976 1589 tamen

237 1614 459 1663 defendit
509 1613 733 1663 occisam.
810 1629 929 1662 nam
973 1615 1258 1675 quicumque
1307 1618 1445 1663 tumn
1491 1615 1691 1663 violavit
1738 1615 1935 1663 vulnere

237 1703 412 1749 corpus
457 1692 607 1736 ‘morte
657 1689 753 1736 luet
799 1688 998 1737 merita:
1049 1705 1167 1736 nam
1215 1688 1512 1752 quicumque
1564 1703 1742 1752 corpus
1788 1691 1933 1737 tuum
1966 1701 2009 1734 zo

237 1763 366 1812 ferro
408 1762 619 1811 credidit
656 1762 945 1812 violandum
985 1779 1253 1827 congruam
1292 1764 1397 1811 luet
1427 1764 1528 1812 tuis
1559 1762 1789 1811 manibus
1820 1779 1935 1826 poe·

237 1853 367 1885 nam.
444 1837 632 1886 violare
673 1838 748 1886 est
787 1851 982 1885 sacrum
1028 1836 1221 1899 aliquid
1266 1838 1509 1886 violenter
1547 1836 1800 1899 adpetere:
1849 1836 1936 1886 sed

237 1912 318 1959 hic
356 1927 456 1958 non
496 1911 656 1958 solum
687 1926 864 1974 corpus
895 1911 1139 1960 violatum
1171 1913 1246 1960 est
1284 1928 1456 1960 verum
1490 1912 1643 1960 etiam
1672 1911 1783 1974 ipsa
1814 1927 1934 1974 quo-

238 2001 333 2047 que
374 1986 510 2033 salus
549 1985 780 2034 extincta.
858 1984 990 2047 quod
1035 1986 1220 2034 crimen
1267 1986 1544 2035 cumulavit
1580 1984 1750 2048 potius
1786 1987 1935 2049 poeta

239 2075 391 2120 quam
429 2059 634 2122 minuit3
686 2075 803 2107 nam
850 2075 963 2108 cum
1008 2060 1196 2108 violare
1242 2075 1342 2107 non
1380 2060 1531 2108 liceat
1575 2059 1800 2121 vulnere,
1849 2058 1935 2107 ubi
1966 2070 2008 2103 25

238 2133 334 2181 erit
371 2133 604 2182 Arruntis
645 2149 795 2182 causa
834 2134 919 2196 qui
959 2149 1151 2182 sacram
1196 2133 1441 2198 virginem
1487 2129 1700 2183 violavit
1737 2136 1788 2182 et
1824 2149 1933 2195 per-

135 2217 220 2257 850
239 2205 398 2255 didit?
473 2207 570 2266 fuit
615 2207 783 2268 inqcns
821 2211 979 2256 monte
1015 2209 1106 2256 sub
1154 2208 1249 2256 alto
1294 2209 1421 2269 reyis
1458 2207 1705 2256 Dercenni
1748 2211 1932 2255 terreno

238 2296 294 2329 ex
333 2294 504 2342 aqqere
543 2282 736 2329 bustum
775 2282 965 2342 antiqui
1002 2282 1271 2330 Laurentis
1313 2296 1558 2343 opacaque
1594 2282 1702 2330 ilice
1739 2284 1934 2329 tectum:

237 2356 369 2404 hunc
400 2356 564 2403 locum
596 2355 844 2403 ordinatio
876 2357 1036 2419 magis
1069 2357 1292 2418 exponit:
1332 2357 1452 2417 fuit,
1488 2356 1674 2419 inquit,
1706 2354 1796 2403 sub
1829 2354 1931 2403 alto

238 2432 404 2477 monte
443 2430 617 2493 ingens
655 2429 857 2477 bustum
896 2432 1091 2478 terreno
1132 2446 1189 2478 ex
1229 2446 1407 2494 aggere
1454 2430 1546 2478 hoc
1585 2432 1660 2478 est
1698 2430 1933 2492 congesta
1964 2441 2007 2473 30

238 2506 371 2551 terra
410 2502 745 2565 conpositum,
794 2505 982 2551 tectum
1021 2519 1178 2565 opaca
1214 2503 1349 2566 ilice,
1387 2504 1633 2552 Dercenni
1669 2502 1932 2551 Laurentis

237 2577 367 2643 regis
411 2577 620 2639 antiqui.
696 2576 748 2624 in
788 2576 1116 2640 descriptione
1154 2578 1447 2627 brevissima
1486 2580 1535 2626 et
1577 2578 1741 2625 locum
1772 2576 1931 2640 desig-

238 2652 381 2699 navit
419 2654 469 2699 et
514 2652 617 2699 eius
664 2651 815 2700 situm
857 2654 905 2698 et
949 2651 1070 2714 quid
1117 2655 1245 2700 esset
1283 2655 1333 2700 et
1378 2651 1515 2700 cuius
1562 2649 1799 2711 ostendit,
1846 2650 1931 2698 sed

361 2782 383 2820 1
418 2778 589 2822 accedit
611 2777 654 2821 V
678 2791 792 2821 corr.
818 2777 890 2820 ed.
998 2782 1022 2820 2
1055 2779 1097 2822 si
1127 2792 1215 2821 om.
1242 2778 1313 2821 ed.
1360 2778 1365 2837 Ι
1411 2779 1557 2822 vivere
1580 2776 1622 2820 V
1652 2777 1826 2821 vincere
1858 2777 1928 2820 ed.

241 2841 267 2879 5
308 2839 665 2894 aut—saqittas
704 2836 835 2880 deest
875 2836 925 2879 in
956 2835 1011 2889 V,
1053 2837 1133 2880 sed
1173 2836 1446 2893 explicatur.
1581 2840 1632 2879 11
1674 2841 1714 2880 te
1753 2849 1840 2878 om.
1874 2835 1928 2879 V.

243 2900 296 2939 15
338 2910 487 2940 nec—
516 2901 570 2940 16
602 2896 802 2940 manebit
839 2909 927 2939 om.
960 2895 1031 2939 ed.
1163 2901 1217 2939 17
1251 2896 1528 2952 perindeque
1549 2894 1593 2938 V
1622 2908 1705 2951 que
1736 2908 1823 2939 om.
1857 2895 1927 2938 ed.

243 2959 297 2998 21
332 2956 544 3000 manibus
567 2955 609 2998 V
640 2955 811 3000 meritis
842 2955 912 2998 ed.
1037 2958 1092 2997 23
1123 2956 1228 3011 ipsa
1259 2969 1347 2999 om.
1373 2955 1444 2998 ed.
