2050 3226
200 183 310 237 524
671 181 904 227 DONATI
934 181 1215 227 INTERPR.
1240 181 1419 227 VERG.

199 320 414 370 stimulis
455 321 726 370 acrioribus
767 321 830 369 ad
867 321 1075 382 bellum,
1116 324 1176 370 ut
1211 320 1315 370 illis
1351 321 1461 370 fieri
1498 323 1624 372 solet
1662 323 1752 385 qui
1790 324 1892 372 alto

200 411 373 444 somno
422 397 581 459 pressi
629 395 826 443 facilius
882 394 1118 459 evigilare
1167 411 1266 443 non
1315 398 1538 458 possunt.
1615 411 1723 458 erqo
1769 397 1895 445 iuter

99 478 183 518 ’130
201 470 369 518 caedes
419 471 724 529 cedentiaque
770 470 971 529 aymina
1010 469 1234 517 Tarchon
1271 470 1431 529 fertur
1467 485 1582 530 equo
1619 469 1896 532 [variisque

198 545 399 605 instiqat
444 545 639 592 vocibus
685 541 841 604 alass·
905 558 1016 591 cum
1067 543 1359 592 cecidissent
1411 544 1519 606 alii,
1580 545 1730 593 ceteri
1779 561 1894 594 vero
2042 532 2048 568 ¹

198 618 502 667 instantibus
542 617 788 679 cederent,
829 617 1056 666 Tarchon
1087 617 1397 666 discurrebat
1434 635 1523 681 per
1551 619 1807 668 universos
1847 621 1896 668 et
1949 631 1969 664 5
2042 588 2050 666 ἶ

201 708 329 755 equo
369 693 515 740 celeri
545 694 715 740 vectus
753 692 925 754 pulsos
963 691 1229 740 revocabat
1261 691 1325 739 ad
1354 691 1539 741 bellum
1569 709 1668 742 non
1699 693 1894 742 blandis

166 795 170 798 -
199 766 382 828 verbiS,
422 765 505 814 sed
538 765 603 813 ad
642 764 1041 830 obiurgationem
1078 767 1382 815 necessariis.
1435 768 1629 815 nomine
1667 782 1896 827 quemque

199 855 403 888 vocans:
431 840 484 887 in
514 839 885 889 hortationibus
918 839 1143 888 omnibus
1171 839 1444 902 plurimum
1473 842 1611 890 valet
1639 843 1896 890 nominum

201 915 626 976 commemorati03
679 913 921 962 incitatur
974 913 1105 962 enim
1159 914 1224 962 ad
1277 915 1630 978 capessendam
1683 915 1897 980 gloriam

201 988 341 1038 cuius
379 1004 557 1036 nomen
585 1004 644 1036 ex
675 987 930 1050 aliquibus
963 988 1108 1037 factis
1141 991 1216 1037 est
1246 991 1444 1051 notum3
1484 989 1693 1051 denique
1733 991 1896 1052 sequi·
1928 1003 1970 1034 10

198 1066 282 1112 tur
303 1063 549 1122 reficitque
578 1063 633 1109 iu
653 1063 848 1122 proelia
866 1062 1061 1123 pulsos:
1091 1078 1200 1111 ecce
1232 1065 1476 1126 quantum
1499 1062 1691 1126 profuit
1721 1079 1897 1112 causae

200 1140 250 1185 et
289 1136 467 1200 quanti
502 1137 678 1185 refecti
715 1138 834 1185 sunt
876 1138 1340 1186 commemoratione
1379 1138 1594 1186 nominis
1635 1138 1726 1186 sui.
1790 1139 1898 1197 quis

197 1216 365 1269 metus,
398 1225 424 1258 o
455 1226 724 1271 uusmquam
747 1211 946 1259 dolituri
980 1214 1023 1258 et
1051 1225 1238 1272 semper
1259 1212 1435 1259 inertes
1461 1212 1714 1273 Tyrrheni,
1746 1210 1899 1273 [quae

199 1290 338 1334 tanta
377 1286 558 1333 animis
595 1286 798 1346 iqnavia
834 1283 1026 1347 venit&
1062 1285 1289 1334 imitatus
1322 1287 1397 1334 est
1425 1285 1622 1347 Iovem,
1662 1285 1750 1348 qui
1787 1302 1899 1334 eum

200 1359 417 1410 stimulis
448 1359 576 1407 haut
604 1359 838 1407 mollibus
871 1359 1079 1408 exclusit
1108 1359 1161 1407 in
1201 1375 1453 1422 campum3
1492 1375 1609 1407 nam
1639 1361 1746 1423 ipse
1779 1375 1898 1423 quo-
1930 1373 1971 1406 15

201 1450 295 1499 que
350 1434 543 1482 acriora
596 1434 700 1482 suis
754 1432 979 1497 ingessit.
1056 1433 1188 1495 quis,
1241 1433 1431 1496 inquit,
1491 1437 1652 1482 metus
1706 1436 1896 1483 vestras

198 1511 388 1557 mentes
418 1510 720 1571 pectoraque
751 1503 1009 1570 possedit?
1053 1507 1176 1570 quid
1204 1508 1332 1556 tales
1373 1508 1607 1569 existitis,
1646 1510 1704 1556 ut
1735 1507 1897 1556 dolere

199 1598 287 1632 vos
328 1581 577 1630 existimet
613 1580 818 1630 nullus?
869 1597 1123 1644 semperne
1169 1583 1380 1630 inertem
1423 1582 1612 1630 ducetis
1651 1581 1809 1630 vitam
1849 1583 1899 1630 et

199 1672 472 1718 numquam
517 1655 731 1704 tendetis
784 1656 848 1703 ad
902 1672 960 1704 ea
1011 1671 1138 1718 quae
1191 1657 1404 1704 strenuis
1457 1658 1507 1704 et
1555 1655 1735 1704 virtuti
1785 1670 1896 1704 con·

200 1729 437 1779 veniant?
491 1746 578 1778 cur
614 1729 818 1794 ignavi?
873 1745 961 1777 cur
997 1728 1198 1778 miseri?
1251 1729 1361 1792 quis
1400 1730 1493 1778 hoc
1529 1730 1720 1778 malum
1757 1729 1896 1779 vobis
1928 1743 1971 1775 20

199 1805 430 1853 inimicus
468 1803 691 1853 invexit?
746 1803 909 1867 coepit
945 1803 1047 1851 iam
1081 1805 1304 1868 ipsorum
1343 1820 1628 1852 enumerare
1665 1803 1897 1865 ludibria,

199 1881 259 1927 ut
296 1878 486 1941 pudore
537 1877 731 1927 confusi
767 1878 970 1926 tandem
1009 1893 1059 1940 se
1105 1878 1450 1942 intellegerent
1487 1878 1635 1927 viros.
1711 1879 1899 1937 femina

191 1953 417 2013 palantis
460 1953 582 2013 aqit:
619 1968 744 2014 una,
773 1953 962 2014 inquit,
994 1953 1204 2000 femina:
1243 1951 1655 2001 obtrectationem
1687 1952 1899 2015 sumpsit

201 2042 231 2075 a
269 2042 471 2074 numero
513 2028 562 2074 et
600 2042 732 2075 sexu,
797 2026 992 2074 addidit
1030 2030 1171 2086 atque
1207 2027 1325 2075 haec
1363 2027 1563 2087 aqmina
1599 2026 1762 2074 vertit:
1817 2025 1896 2073 de-

199 2100 526 2149 monstrantis
563 2101 656 2149 hoc
696 2100 884 2149 dictum
923 2103 1166 2163 quantum
1206 2100 1545 2164 obiurgationi
1573 2099 1674 2163 ipsi
1703 2099 1897 2162 pondus
1927 2113 1970 2146 25

202 2175 402 2224 adiecit!
455 2176 665 2237 quanto,
696 2174 883 2238 inquit,
924 2175 1120 2238 agmine
1159 2174 1270 2223 sitis
1309 2175 1597 2238 congregati
1634 2173 1898 2222 intuemini

202 2249 358 2297 oculis
398 2249 597 2309 vestris,
638 2251 687 2296 et
716 2251 883 2296 tamen
914 2265 1002 2298 vos
1034 2265 1136 2297 una
1168 2250 1277 2312 agit
1310 2249 1495 2297 femina
1526 2250 1576 2297 et
1607 2248 1723 2296 dare
1754 2250 1896 2311 terga

201 2323 451 2385 conpellit.
503 2323 700 2386 signato
740 2338 859 2371 usus
899 2324 973 2371 est
1011 2323 1160 2372 verbo
1201 2323 1329 2387 agit3
1370 2323 1455 2386 agi
1493 2322 1623 2371 enim
1663 2321 1897 2369 dicuntur

199 2397 383 2446 inertia
429 2397 690 2456 animalia,
742 2398 971 2458 quotiens
1018 2397 1077 2445 de
1115 2398 1224 2445 loco
1272 2397 1335 2445 ad
1381 2398 1596 2445 alterum
1646 2395 1897 2446 ducuntur

202 2474 290 2520 aut
325 2471 378 2519 in
416 2469 764 2519 venationibus
806 2470 869 2518 ad
900 2471 1207 2533 voluptatem
1238 2472 1467 2519 venantis
1497 2468 1766 2518 terroribus
1804 2469 1895 2515 mi·
1926 2481 1969 2513 30

100 2554 183 2594 735
200 2561 343 2593 nores
375 2545 509 2593 ferae
548 2561 637 2607 per
667 2543 863 2593 diversa
893 2545 1160 2593 iactantur.
1215 2559 1305 2604 quo
1343 2545 1532 2604 ferrum
1571 2543 1743 2603 quidve
1779 2542 1896 2590 haec

323 2706 346 2743 1
380 2701 474 2744 alio
497 2699 538 2743 V
570 2701 662 2744 alto
695 2699 766 2743 ed.
890 2704 913 2742 3
949 2701 1255 2756 cedentiatque
1277 2699 1332 2744 V.
1379 2700 1382 2758 Ι
1429 2700 1724 2754 variisque—
1743 2702 1770 2740 4
1794 2698 1896 2742 alas

202 2760 334 2804 deest
363 2759 413 2802 in
436 2759 491 2812 V,
525 2759 607 2802 sed
640 2758 912 2815 explicatur.
1035 2763 1060 2801 5
1094 2765 1137 2804 et
1166 2773 1276 2816 equo
1299 2758 1342 2802 V
1372 2764 1414 2803 et
1445 2772 1532 2802 om.
1559 2757 1630 2801 ed.
1755 2760 1807 2799 10
1841 2770 1895 2800 eae

201 2819 432 2874 aliquibus
462 2819 599 2871 factis
625 2817 668 2861 V
699 2819 755 2862 ab
787 2833 829 2862 α.
861 2819 975 2872 fatis
1010 2818 1079 2861 ed.
1205 2823 1258 2861 11
1293 2817 1478 2873 profuit
1506 2815 1547 2859 V
1579 2816 1739 2872 posuit
1776 2815 1892 2859 edF.

204 2883 256 2920 12
290 2878 453 2933 quanti
476 2877 518 2919 V
543 2877 612 2920 ed.
647 2882 901 2932 quantum?
952 2877 956 2935 1
1011 2879 1085 2920 sui
1119 2876 1161 2919 V
1193 2877 1377 2933 proprii
1415 2875 1484 2920 ed.
1615 2879 1670 2917 13
1709 2888 1892 2930 quae—

204 2942 258 2979 14
301 2938 423 2980 venit
465 2936 596 2979 deest
626 2936 676 2979 in
710 2935 766 2990 V,
807 2936 887 2979 sed
932 2935 1204 2991 explicatur.
1329 2940 1382 2978 17
1423 2934 1636 2979 dolendos
1666 2932 1708 2977 V
1748 2933 1895 2977 dolere

201 3009 277 3039 vos
308 3009 391 3038 nos
423 2995 646 3039 dolituros
675 3009 714 3039 v.
749 2994 820 3039 ed.
938 2999 992 3038 19
1026 2995 1212 3039 tenditis
1235 2993 1277 3038 V
1303 3007 1415 3037 corr.
1443 2993 1514 3038 ed.
1629 2997 1682 3035 31
1717 2993 1893 3037 iactam-
