2078 3260
67 690 86 722 5

42 1061 85 1092 10

40 1432 82 1465 15

38 1804 81 1836 20

37 2174 80 2206 25

38 2544 81 2576 30

759 238 1063 285 AnNnmos
1094 239 1180 283 ΧΠ
1622 291 1625 294 Α
1707 244 1817 298 599

122 381 172 428 et
208 378 261 427 in
300 379 440 428 aliud
476 381 671 442 tempus
712 379 918 429 differre.
988 379 1166 428 laudat
1202 379 1464 444 Iapygem,
1503 381 1638 442 quod
1675 398 1815 431 revo-

121 453 267 502 candi
302 454 462 517 patris
501 469 651 503 causa
687 455 816 503 hanc
855 456 1014 503 artem
1046 470 1198 517 quam
1234 457 1441 517 propter
1471 453 1595 503 alios
1634 456 1818 505 maluit

120 527 284 590 sequi,
314 528 439 577 scire
471 545 623 591 quam
654 529 754 578 vim
789 527 1013 592 sing-ulae
1044 528 1225 577 herbae
1254 528 1473 577 habeant
1502 531 1552 577 et
1583 530 1816 592 quemad-

117 601 323 650 modum
358 602 584 651 homines
623 605 873 651 curentur.
935 602 1172 666 quoniam
1210 603 1424 666 repetita
1462 603 1666 667 longam
1702 620 1813 652 nar-

118 677 364 724 rationem
394 676 605 739 faciunt,
643 678 773 726 mira
802 692 924 726 usus
957 679 1034 726 est
1063 679 1172 726 arte
1201 677 1461 739 referendi,
1491 680 1550 726 ut
1578 695 1816 742 magnum

119 749 296 798 vitium
321 750 604 799 declinaret.
653 751 854 800 induxit
875 752 1008 800 enim
1029 750 1318 815 Apollinem
1342 753 1639 816 magistrum
1662 752 1816 801 fuisse

116 823 346 889 Iapygis,
377 842 570 887 verum,
602 841 714 874 cum
744 825 931 874 artium
961 842 1143 890 genera
1172 828 1483 889 percurreret
1510 841 1638 889 quae
1669 826 1815 875 dilec-

115 897 310 948 tissimo
350 899 591 963 discipulo
629 899 980 962 tradebantur,
1026 916 1125 948 non
1164 901 1323 949 omnis
1363 900 1672 950 enumeravit
1710 916 1816 950 esse

115 973 421 1036 propositas,
475 990 559 1035 ne,
613 990 723 1023 cum
772 975 991 1023 venisset
1037 975 1101 1022 ad
1147 990 1230 1023 eas
1270 991 1396 1037 quas
1434 975 1594 1038 Iapyx
1639 975 1816 1024 ceteris

116 1048 378 1110 praetulit,
415 1063 610 1097 necesse
649 1051 779 1097 esset
815 1050 998 1097 iterum
1030 1064 1113 1097 eas
1145 1049 1317 1097 dicere.
1372 1049 1497 1098 alias
1529 1049 1685 1113 igitur
1713 1051 1816 1098 tra-

116 1121 246 1170 ditas
278 1121 418 1184 dixit,
457 1122 582 1171 alias
607 1138 723 1171 vero
754 1123 1004 1186 praelatas
1040 1122 1232 1185 ceteriS‚
1262 1125 1321 1172 ut
1351 1124 1633 1173 ostenderet
1663 1123 1817 1172 etiam

115 1196 252 1258 ipsas
290 1196 577 1260 Apollinem
616 1197 866 1260 docuisse3
919 1197 1079 1260 Iapyx
1123 1197 1253 1245 enim
1291 1198 1383 1247 has
1422 1214 1522 1246 non
1558 1197 1819 1247 habuisset

113 1269 432 1333 praecipuaS,
470 1270 568 1320 nisi
606 1272 726 1334 quia
765 1273 816 1320 et
852 1273 988 1335 ipsas
1019 1270 1220 1320 Phoebo
1257 1272 1461 1320 docente
1500 1275 1816 1336 cognoverat.

115 1346 314 1393 secutus
354 1347 430 1394 est
466 1362 584 1410 ergo
622 1362 723 1395 non
759 1346 851 1394 illa
882 1362 1009 1409 quae
1047 1346 1242 1408 placere
1282 1346 1485 1396 auribus
1524 1349 1730 1410 possent
1766 1349 1818 1395 et

114 1419 411 1467 chordarum
449 1419 582 1468 sonis
621 1421 836 1468 mulcere
875 1420 1068 1469 animos
1106 1420 1247 1485 vulgi
1283 1421 1364 1469 vel
1403 1437 1532 1483 quae
1571 1421 1816 1469 bellorum

113 1493 346 1556 periculis
397 1493 725 1543 miscerentur
774 1496 864 1542 aut
913 1494 1084 1543 futura
1132 1485 1493 1557 praedicerent,
1544 1495 1630 1543 sed
1681 1495 1816 1558 quod

111 1567 344 1630 prodesse
375 1571 544 1630 posset
573 1569 829 1617 morituris
862 1571 953 1617 aut
982 1570 1190 1618 mortuis
1223 1570 1274 1616 et
1301 1569 1562 1618 subvenire
1586 1569 1816 1618 laboran-

111 1641 260 1690 tibus
311 1642 512 1705 maluit,
552 1643 739 1705 inquit,
778 1643 868 1691 has
902 1643 1023 1692 artis
1064 1644 1168 1691 sine
1199 1644 1418 1706 periculo
1450 1645 1595 1706 sequi
1625 1644 1817 1692 nullam

113 1715 351 1779 adpetens
390 1733 448 1764 ex
478 1717 738 1766 inutilibus
771 1717 995 1781 gloriam.
1050 1719 1215 1766 mutas
1254 1717 1378 1766 artis
1409 1717 1536 1765 dixit
1568 1733 1691 1781 quas
1729 1717 1816 1766 ille

110 1789 290 1838 habuit
326 1791 576 1853 praelatas
607 1794 814 1855 propter
849 1791 965 1840 illas
1003 1793 1057 1839 in
1098 1792 1276 1854 quibus
1308 1807 1404 1841 vox
1443 1795 1698 1855 spectatur
1729 1795 1818 1840 aut

112 1879 277 1912 sonus.
330 1865 497 1914 valere
530 1868 697 1914 autem
726 1865 1010 1930 proferendi
1040 1866 1135 1914 fati
1165 1867 1324 1914 artem
1362 1882 1461 1914 non
1491 1867 1585 1915 hoc
1614 1867 1816 1915 tantum

111 1938 221 1987 loco
260 1938 515 2004 Vergilius
554 1940 796 2002 adseruit,
839 1940 926 1989 sed
965 1939 1087 1988 alibi
1124 1940 1284 1989 multo
1323 1940 1524 2003 melius3
1577 1956 1694 1988 nam
1732 1939 1814 1989 hic

112 2011 238 2060 dixit
274 2029 418 2075 posse
458 2013 586 2075 fieri,
635 2013 689 2062 in
739 2015 949 2077 septimo
1001 2016 1168 2062 autem
1206 2015 1334 2063 libro
1374 2015 1562 2064 factum
1613 2030 1718 2063 esse
1766 2017 1817 2063 et

110 2086 357 2149 profuisse
406 2088 669 2151 perscribit
719 2088 885 2137 dicens
936 2081 1094 2155 (765)
1151 2098 1404 2152 „namque
1457 2089 1627 2138 ferunt
1679 2090 1815 2138 fama

110 2160 466 2224 Hippolytum,
503 2165 774 2225 postquam
812 2165 918 2210 arte
958 2178 1195 2211 novercae
1236 2163 1486 2211 occiderat
1519 2164 1814 2226 patriasque

112 2235 336 2298 explorat
366 2237 609 2300 sanguine
633 2252 819 2299 poenas
843 2236 1060 2285 turbatis
1085 2236 1351 2286 distractus
1377 2237 1534 2300 equis,
1563 2237 1626 2286 ad
1651 2237 1814 2285 sidera

110 2325 283 2358 rursus
323 2310 545 2359 aetheria
583 2312 633 2359 et
664 2326 867 2373 superas
901 2311 1026 2359 caeli
1056 2313 1248 2360 venisse
1281 2312 1371 2361 sub
1404 2327 1550 2361 auras
1582 2311 1812 2359 Paeoniis

109 2385 400 2432 revocatum
430 2384 594 2433 herbis
629 2387 679 2433 et
710 2400 875 2432 amore
900 2384 1093 2433 Dianae
1103 2383 1144 2434 “.
1194 2387 1357 2434 stabat
1386 2387 1561 2434 acerba
1584 2388 1810 2445 fremens,

110 2458 348 2518 inqentem
386 2459 535 2506 nixus
571 2459 626 2506 in
663 2459 856 2507 hastam
885 2458 1102 2516 Aeneas,
1140 2475 1317 2522 mayno
1348 2462 1578 2508 iuvenum
1610 2462 1652 2506 et
1681 2473 1811 2506 mae-

110 2532 262 2579 rentis
276 2531 382 2579 Iuli
406 2546 656 2589 concursu,
674 2533 891 2581 lacrimis
910 2533 1181 2582 inmobilis:
1202 2534 1353 2583 rediit
1373 2534 1436 2582 ad
1457 2532 1809 2594 narrationem,
1830 2539 1916 2579 400

232 2707 257 2746 3
289 2703 513 2748 habebant
544 2702 627 2747 ΗΟ
652 2703 724 2747 ed.
854 2709 880 2748 6
911 2704 1161 2749 declinaret
1186 2704 1228 2748 V
1258 2706 1422 2749 vitaret
1453 2704 1526 2748 ed.
1652 2708 1678 2747 8
1718 2704 1810 2748 dis-

112 2762 264 2818 cipulo
301 2761 344 2805 V
389 2763 486 2817 filio
534 2762 605 2807 ed.
661 2761 930 2819 (Garcilassi
977 2769 1147 2807 causa?
1202 2764 1259 2808 cf.
1307 2763 1453 2819 praef.
1501 2778 1545 2819 p.
1586 2761 1808 2818 XXXIX).

114 2825 139 2863 9
170 2834 252 2866 nee
274 2820 316 2865 V
346 2835 403 2866 ne
435 2821 506 2865 ed.
631 2826 683 2865 12
714 2823 798 2867 has
823 2821 867 2865 V
896 2836 973 2867 eas
1004 2823 1075 2867 ed.
1199 2827 1253 2866 13
1286 2824 1566 2878 praecipuas
1596 2822 1638 2866 V
1673 2836 1803 2878 prae-

112 2879 263 2925 claras
294 2880 364 2924 ed.
452 2885 507 2924 16
538 2882 830 2926 miscerentur
851 2880 894 2925 V
917 2882 987 2926 ed.
1020 2883 1329 2926 discerentur?
1421 2885 1474 2924 1-9
1507 2895 1561 2925 ae
1583 2886 1743 2937 petens
1766 2880 1809 2924 V

38 2980 41 2981 ⁷
108 2943 265 2994 petens
287 2939 360 2983 ed.
385 2939 600 2996 adpetens
622 2954 718 2984 nos.
794 2941 961 2985 multas
976 2940 1019 2984 V
1036 2941 1107 2985 ed.
1133 2946 1283 2985 mutas
1307 2940 1378 2984 ed.
1396 2942 1515 2996 post.
1594 2945 1650 2984 20
1668 2954 1808 2996 prae-

115 2997 292 3042 latasV
311 2999 579 3054 praeclaras
601 2999 716 3043 edF.
787 3005 976 3056 propter
991 2999 1034 3043 V
1050 3000 1120 3044 ed.
1140 3005 1325 3056 praeter
1349 2999 1419 3043 ed.
1438 3001 1557 3055 post.
1597 3002 1599 3050 j
1635 3004 1808 3055 speeta-

114 3061 191 3101 tur
220 3055 263 3100 V
302 3063 562 3114 expectatur
600 3058 672 3103 ed.
794 3063 848 3102 27
888 3060 1101 3104 aetherea,
1131 3059 1200 3103 ed.
1326 3063 1381 3102 30
1418 3060 1704 3115 lacrimisque
1736 3058 1806 3101 ed.
