2050 3226
763 168 1069 241 AENEIDOS
1093 196 1180 241 vn
1749 199 1821 253 35

124 335 323 384 nomine
361 336 611 399 Dardani,
657 353 805 401 quem
842 335 1054 385 Latinus
1100 338 1325 385 veterum
1370 336 1554 385 fabulis
1601 337 1821 400 recogni-

123 413 232 459 tum
268 410 499 460 habuisse
537 413 748 460 testatus
787 413 884 473 est,
923 410 1009 459 sed
1047 411 1260 459 strictim
1296 410 1493 460 transit.
1563 426 1675 459 cum
1703 427 1821 459 vero

123 484 341 533 venisset
386 486 451 533 ad
496 501 677 533 nomen
720 485 851 550 regis
898 485 999 546 sui,
1046 501 1194 547 quem
1239 485 1415 547 procul
1458 485 1610 533 dubio
1649 485 1822 534 ceteris

122 558 377 608 meliorem
413 558 589 608 debuit
623 559 984 621 demonstrare,
1025 560 1103 608 ait
1138 575 1224 608 rex
1260 560 1367 622 ipse
1405 559 1538 608 Iovis
1579 559 1638 607 de
1676 562 1823 623 gente

73 650 94 684 5
124 648 377 696 suprema:
454 649 736 698 supremam
790 634 861 682 sic
911 634 1058 695 dixit,
1119 634 1368 697 quomodo
1423 635 1499 682 ait
1552 627 1673 699 (49)
1728 635 1823 695 „tu

124 708 382 772 sanguinis
455 709 663 757 ultimus
734 711 908 757 auctor
917 706 960 770 “,
1022 711 1079 756 ut
1138 708 1508 756 enumeratione
1576 707 1823 756 maiorum

120 782 228 845 ipse
277 782 509 832 videatur
558 782 613 830 in
662 782 774 830 fine.
850 782 1202 845 pron‘miorem
1243 785 1413 830 tamen
1452 782 1582 830 dixit
1617 781 1822 830 Aenean

121 855 232 905 Iovi
269 872 421 919 quam
469 859 681 918 ceterOS,
728 857 965 918 quoniam
1010 872 1164 919 nepos
1210 856 1322 904 fuit.
1402 857 1581 904 Troius
1625 855 1822 904 Aeneas

121 934 209 979 tua
245 945 335 979 nos
374 931 441 979 ad
479 931 654 979 limina
690 931 851 979 misit:
904 930 1075 979 debuit
1110 932 1204 979 hoc
1242 931 1351 979 loco
1391 929 1627 995 subiungi
1672 946 1822 979 causa

49 1022 92 1054 10
121 1006 326 1068 propter
363 1021 518 1068 quam
547 1005 689 1054 missi
726 1004 1046 1066 videbantur,
1086 1006 1171 1054 sed
1210 1021 1410 1053 causam
1444 1020 1623 1054 causae
1660 1005 1820 1067 primo

121 1078 351 1141 subiecit,
400 1082 460 1128 ut
503 1081 771 1142 procurata
816 1079 1134 1128 miseratione
1180 1079 1378 1127 facilius
1428 1079 1562 1141 quod
1613 1078 1822 1141 optabat

121 1154 330 1202 eliceret.
405 1154 589 1202 idcirco
644 1153 805 1202 dilata
857 1155 1100 1216 petitione
1155 1153 1422 1202 subnexuit
1504 1157 1690 1212 quanta
1730 1168 1822 1213 per

120 1228 301 1275 Idaeos
332 1228 493 1276 saevis
524 1229 682 1287 effusa
712 1228 938 1289 Mycenis
969 1231 1225 1288 tempestas
1254 1229 1365 1275 ierit
1395 1242 1612 1287 eamp08‚
1646 1228 1821 1286 quibus

122 1305 258 1350 aetus
294 1305 492 1362 uterque
528 1302 765 1362 Europae
803 1305 945 1362 atque
982 1300 1138 1350 Asiae
1182 1303 1303 1362 fatis
1350 1303 1646 1350 concurrerit
1689 1302 1821 1350 orbis

47 1391 90 1424 15
121 1376 280 1424 audiit
317 1379 361 1423 et
395 1377 582 1436 siquem
625 1376 766 1424 tellus
813 1379 1026 1424 extrema
1069 1377 1234 1436 refuso
1281 1378 1527 1424 submovet
1563 1389 1740 1423 oceano
1780 1379 1822 1422 et
1837 1386 1924 1426 225

119 1451 303 1510 siquem
322 1453 511 1498 eoetenta
548 1450 820 1511 playarum
870 1454 1096 1510 quattuor
1139 1451 1195 1498 in
1239 1451 1396 1498 medio
1441 1451 1629 1498 dirimit
1666 1450 1822 1510 playa

118 1523 246 1572 Solis
290 1525 474 1584 iniqui:
521 1539 648 1586 quae
690 1525 950 1573 calamitas
998 1525 1247 1588 oppressit
1292 1525 1495 1572 Troiam
1541 1541 1599 1572 ex
1649 1523 1819 1572 ordine

119 1598 287 1646 fuerat
321 1599 656 1660 referendum,
693 1601 752 1646 ut
788 1602 959 1662 posset
997 1615 1057 1647 ex
1095 1598 1232 1647 duris
1270 1598 1592 1661 adversisque
1630 1599 1822 1647 moveri

119 1672 388 1734 miseratio,
421 1672 507 1721 sed
536 1673 862 1722 removendae
894 1674 1095 1721 fuerant
1126 1689 1309 1735 morae,
1340 1674 1398 1721 ut
1427 1675 1621 1721 mature
1651 1674 1821 1735 posset

121 1747 322 1795 effectus
344 1747 609 1811 legationis
632 1747 830 1811 inpleri.
867 1750 1132 1810 utramque
1156 1747 1313 1812 igitur
1341 1749 1588 1810 temperat
1610 1749 1818 1809 partem,

119 1823 178 1869 ut
221 1823 403 1884 tangat
444 1822 568 1870 haec
613 1838 704 1870 nec
749 1824 920 1870 tamen
963 1822 1018 1869 in
1063 1823 1187 1884 ipsis
1235 1821 1426 1870 diutius
1474 1823 1818 1882 commoretur,

119 1910 241 1944 usus
281 1896 554 1958 conpendio
592 1895 851 1945 relationis
890 1898 940 1944 et
977 1912 1034 1944 eo
1075 1912 1174 1959 quo
1212 1897 1454 1944 maiorem
1483 1895 1817 1943 miserationis

119 1971 339 2017 moveret
377 1970 647 2031 adfectum3
688 1970 926 2033 quicquid
965 1972 1098 2018 enim
1135 1987 1236 2019 non
1273 1972 1409 2018 tacet
1437 1970 1574 2018 fama
1605 1972 1655 2018 et
1686 1970 1821 2031 quod

120 2043 184 2091 ad
208 2043 333 2092 caeli
361 2059 520 2106 usque
550 2046 710 2107 partis
741 2046 792 2093 et
827 2046 964 2093 ultra
1001 2060 1240 2093 oceanum
1268 2044 1457 2108 perfert
1487 2046 1685 2093 constat
1714 2059 1818 2092 esse

120 2117 462 2180 durissimum3
507 2118 640 2167 bona
687 2119 874 2181 quippe
920 2119 1000 2167 vel
1050 2120 1261 2168 adversa
1306 2135 1397 2181 pro
1446 2119 1691 2181 qualitate
1740 2119 1818 2166 sui

117 2191 304 2240 habent
355 2192 543 2240 famam
595 2195 646 2241 et
697 2194 861 2257 magis
915 2194 1050 2241 mala
1076 2186 1080 2190 ⁴
1105 2209 1255 2257 quam
1308 2193 1453 2240 bona.
1530 2193 1605 2240 ait
1657 2193 1818 2256 igitur

117 2265 338 2314 Ilioneus
389 2266 510 2328 quid
559 2270 782 2329 repetam
827 2269 1111 2316 nostrorum
1148 2268 1395 2316 malorum
1441 2269 1657 2327 textum,
1704 2282 1815 2314 cum

118 2341 430 2403 tempestatis
496 2340 634 2389 illius
701 2340 995 2390 violentiam
1067 2341 1486 2403 acerbitatemque
1557 2341 1816 2388 infandam

118 2413 253 2461 fama
282 2414 524 2463 referente
555 2415 798 2463 confidam
838 2416 939 2463 tuis
979 2416 1182 2464 auribus
1223 2416 1496 2480 cognitam,
1538 2430 1650 2462 cum
1687 2415 1815 2461 hanc

37 2501 41 2526 ἵ
119 2487 183 2535 ad
220 2488 367 2536 finem
415 2504 611 2551 quoque
660 2490 834 2537 mundi
880 2491 931 2538 et
974 2490 1109 2538 ultra
1155 2489 1373 2538 siderum
1418 2492 1576 2537 metas
1617 2489 1814 2536 credam

43 2711 45 2713 ¹
237 2663 264 2703 8
295 2673 433 2715 nepos
454 2659 497 2703 V
520 2660 647 2704 Iovis
667 2674 713 2703 rt.
740 2660 810 2704 ed.
910 2664 964 2704 10
995 2661 1268 2705 videbantur
1290 2659 1332 2702 V
1362 2660 1550 2714 fuerant
1572 2658 1711 2702 HOU
1740 2658 1812 2702 ed.

121 2722 175 2760 12
207 2719 392 2776 eleyeret
412 2718 455 2762 V
487 2720 667 2775 eliyeret
698 2719 768 2763 ed.
802 2721 976 2764 eliceret
1006 2733 1102 2763 nos.
1190 2724 1246 2763 15
1277 2721 1472 2775 siequem
1506 2720 1570 2774 (et
1593 2718 1734 2771 infra)
1757 2717 1812 2762 V.

34 2805 37 2810 ·
121 2781 174 2820 17
207 2779 428 2833 oppressit
448 2777 492 2821 V
523 2780 794 2834 oppresserit
823 2778 894 2823 ed.
990 2783 1045 2822 18
1068 2781 1216 2835 possit
1242 2777 1278 2821 V
1302 2784 1457 2834 posset
1487 2778 1557 2820 ed.
1650 2781 1708 2820 24
1738 2791 1814 2821 us-

119 2849 203 2892 que
233 2836 276 2879 V
305 2837 375 2881 vel
406 2837 486 2892 qui
515 2836 659 2881 HOU
691 2851 778 2881 om.
806 2838 877 2881 ed
914 2836 919 2896 Ι
950 2840 1124 2894 perfert
1145 2837 1188 2881 V
1210 2840 1446 2894 perfertur
1477 2836 1547 2879 ed.
1642 2839 1697 2879 25
1730 2837 1814 2880 du-

8 2869 34 2965 '3
118 2895 349 2939 rissimum
380 2895 421 2939 V
451 2897 762 2951 firmissimum
802 2897 873 2940 ed.
925 2896 930 2954 Ι
979 2898 1054 2941 sui
1083 2896 1126 2941 V
1164 2911 1252 2941 sua
1287 2897 1357 2940 ed.
1480 2900 1535 2938 27
1569 2900 1741 2939 textum
1771 2895 1814 2939 V

16 2970 33 3041 ³,
121 2959 375 3056 {tuolrligexggm
418 2956 488 3011 (ut
525 2954 660 3011 solet)
705 2955 777 3000 ed.
900 2959 955 2999 29
999 2970 1101 3001 cum
1138 2957 1257 3000 hanc
1296 2956 1359 2999 ad
1391 2956 1527 3009 finem
1557 2953 1600 2997 V
1638 2956 1813 2998 temere

1488 3100 1545 3144 3*
