<?xml version="1.0" encoding="UTF-8"?>
<!DOCTYPE html PUBLIC "-//W3C//DTD XHTML 1.0 Transitional//EN"
    "http://www.w3.org/TR/xhtml1/DTD/xhtml1-transitional.dtd">
<html xmlns="http://www.w3.org/1999/xhtml" xml:lang="en" lang="en">
 <head>
  <title>
</title>
<meta http-equiv="Content-Type" content="text/html;charset=utf-8" />
  <meta name='ocr-system' content='tesseract 3.04.00' />
  <meta name='ocr-capabilities' content='ocr_page ocr_carea ocr_par ocr_line ocrx_word'/>
</head>
<body>
  <div class='ocr_page' id='page_1' title='image "./interpretationes02donauoft_0367.png"; bbox 0 0 2050 3226; ppageno 0'>
   <div class='ocr_carea' id='block_1_1' title="bbox 0 0 99 171">
    <p class='ocr_par' dir='ltr' id='par_1_1' title="bbox 0 0 99 171">
     <span class='ocr_line' id='line_1_1' title="bbox 0 0 99 171; baseline 0 -138"><span class='ocrx_word' id='word_1_1' title='bbox 0 0 33 171; x_wconf 44' lang='lat' dir='ltr'>f</span> <span class='ocrx_word' id='word_1_2' title='bbox 94 0 99 33; x_wconf 20' lang='grc' dir='ltr'>ψ</span> 
     </span>
    </p>
   </div>
   <div class='ocr_carea' id='block_1_2' title="bbox 89 317 1835 899">
    <p class='ocr_par' dir='ltr' id='par_1_2' title="bbox 89 317 1835 899">
     <span class='ocr_line' id='line_1_2' title="bbox 142 317 1833 384; baseline -0.001 -16"><span class='ocrx_word' id='word_1_3' title='bbox 142 319 312 370; x_wconf 86' lang='lat' dir='ltr'><strong>ditate</strong></span> <span class='ocrx_word' id='word_1_4' title='bbox 329 321 587 384; x_wconf 83' lang='lat' dir='ltr'><strong>quaestuS,</strong></span> <span class='ocrx_word' id='word_1_5' title='bbox 618 318 704 368; x_wconf 89' lang='lat' dir='ltr'><strong>sed</strong></span> <span class='ocrx_word' id='word_1_6' title='bbox 733 321 793 368; x_wconf 88' lang='lat' dir='ltr'><strong>ut</strong></span> <span class='ocrx_word' id='word_1_7' title='bbox 821 319 996 380; x_wconf 88' lang='lat' dir='ltr'><strong>Marti,</strong></span> <span class='ocrx_word' id='word_1_8' title='bbox 1025 317 1269 367; x_wconf 90' lang='lat' dir='ltr'><strong>bellorum</strong></span> <span class='ocrx_word' id='word_1_9' title='bbox 1301 317 1414 380; x_wconf 90' lang='lat' dir='ltr'><strong>de0‚</strong></span> <span class='ocrx_word' id='word_1_10' title='bbox 1446 319 1650 382; x_wconf 7' lang='lat' dir='ltr'><strong>tropaei?</strong></span> <span class='ocrx_word' id='word_1_11' title='bbox 1673 321 1833 368; x_wconf 86' lang='lat' dir='ltr'><strong>osten·</strong></span> 
     </span>
     <span class='ocr_line' id='line_1_3' title="bbox 138 392 1832 457; baseline -0.001 -15"><span class='ocrx_word' id='word_1_12' title='bbox 138 395 331 444; x_wconf 87' lang='lat' dir='ltr'><strong>tatione</strong></span> <span class='ocrx_word' id='word_1_13' title='bbox 360 396 601 456; x_wconf 87' lang='lat' dir='ltr'><strong>sacraret,</strong></span> <span class='ocrx_word' id='word_1_14' title='bbox 638 395 814 457; x_wconf 85' lang='lat' dir='ltr'><strong>utpote</strong></span> <span class='ocrx_word' id='word_1_15' title='bbox 845 394 964 456; x_wconf 89' lang='lat' dir='ltr'><strong>quia</strong></span> <span class='ocrx_word' id='word_1_16' title='bbox 1001 407 1153 455; x_wconf 85' lang='lat' dir='ltr'><strong>supra</strong></span> <span class='ocrx_word' id='word_1_17' title='bbox 1182 392 1371 442; x_wconf 90' lang='lat' dir='ltr'><strong>dictum</strong></span> <span class='ocrx_word' id='word_1_18' title='bbox 1401 395 1478 442; x_wconf 91' lang='lat' dir='ltr'><strong>est</strong></span> <span class='ocrx_word' id='word_1_19' title='bbox 1514 394 1680 455; x_wconf 87' lang='lat' dir='ltr'><strong>„totus</strong></span> <span class='ocrx_word' id='word_1_20' title='bbox 1721 408 1832 441; x_wconf 89' lang='lat' dir='ltr'><strong>con-</strong></span> 
     </span>
     <span class='ocr_line' id='line_1_4' title="bbox 138 465 1833 533; baseline 0 -17"><span class='ocrx_word' id='word_1_21' title='bbox 138 469 308 518; x_wconf 82' lang='lat' dir='ltr'><strong>lucens</strong></span> <span class='ocrx_word' id='word_1_22' title='bbox 335 470 471 518; x_wconf 81' lang='lat' dir='ltr'><strong>veste</strong></span> <span class='ocrx_word' id='word_1_23' title='bbox 496 469 647 531; x_wconf 90' lang='lat' dir='ltr'><strong>atque</strong></span> <span class='ocrx_word' id='word_1_24' title='bbox 670 467 950 533; x_wconf 85' lang='lat' dir='ltr'><strong>insignibus</strong></span> <span class='ocrx_word' id='word_1_25' title='bbox 975 465 1178 528; x_wconf 87' lang='lat' dir='ltr'><strong>armis“‚</strong></span> <span class='ocrx_word' id='word_1_26' title='bbox 1201 466 1503 530; x_wconf 84' lang='lat' dir='ltr'><strong>perindeque</strong></span> <span class='ocrx_word' id='word_1_27' title='bbox 1527 468 1681 532; x_wconf 76' lang='lat' dir='ltr'><strong>dig-na</strong></span> <span class='ocrx_word' id='word_1_28' title='bbox 1705 483 1833 529; x_wconf 84' lang='lat' dir='ltr'><strong>quae</strong></span> 
     </span>
     <span class='ocr_line' id='line_1_5' title="bbox 138 541 1835 606; baseline -0.001 -14"><span class='ocrx_word' id='word_1_29' title='bbox 138 543 424 592; x_wconf 85' lang='lat' dir='ltr'><strong>viderentur</strong></span> <span class='ocrx_word' id='word_1_30' title='bbox 458 543 512 591; x_wconf 92' lang='lat' dir='ltr'><strong>in</strong></span> <span class='ocrx_word' id='word_1_31' title='bbox 549 543 759 606; x_wconf 81' lang='lat' dir='ltr'><strong>temp103</strong></span> <span class='ocrx_word' id='word_1_32' title='bbox 806 544 958 605; x_wconf 87' lang='lat' dir='ltr'><strong>atque</strong></span> <span class='ocrx_word' id='word_1_33' title='bbox 994 541 1071 590; x_wconf 89' lang='lat' dir='ltr'><strong>ita</strong></span> <span class='ocrx_word' id='word_1_34' title='bbox 1106 542 1424 603; x_wconf 89' lang='lat' dir='ltr'><strong>temerarius,</strong></span> <span class='ocrx_word' id='word_1_35' title='bbox 1462 541 1552 604; x_wconf 91' lang='lat' dir='ltr'><strong>qui</strong></span> <span class='ocrx_word' id='word_1_36' title='bbox 1594 541 1835 590; x_wconf 89' lang='lat' dir='ltr'><strong>inmemor</strong></span> 
     </span>
     <span class='ocr_line' id='line_1_6' title="bbox 89 615 1834 679; baseline -0.003 -10"><span class='ocrx_word' id='word_1_37' title='bbox 89 637 108 670; x_wconf 78' lang='lat'><strong>5</strong></span> <span class='ocrx_word' id='word_1_38' title='bbox 139 617 292 666; x_wconf 89' lang='lat' dir='ltr'><strong>officii</strong></span> <span class='ocrx_word' id='word_1_39' title='bbox 321 617 402 666; x_wconf 83' lang='lat' dir='ltr'><strong>sui</strong></span> <span class='ocrx_word' id='word_1_40' title='bbox 427 615 713 679; x_wconf 83' lang='lat' dir='ltr'><strong>Apollinem</strong></span> <span class='ocrx_word' id='word_1_41' title='bbox 743 616 1057 679; x_wconf 81' lang='lat' dir='ltr'><strong>Dianamque</strong></span> <span class='ocrx_word' id='word_1_42' title='bbox 1087 615 1312 665; x_wconf 88' lang='lat' dir='ltr'><strong>deserens</strong></span> <span class='ocrx_word' id='word_1_43' title='bbox 1350 616 1591 678; x_wconf 90' lang='lat' dir='ltr'><strong>processit</strong></span> <span class='ocrx_word' id='word_1_44' title='bbox 1619 615 1674 664; x_wconf 91' lang='lat' dir='ltr'><strong>in</strong></span> <span class='ocrx_word' id='word_1_45' title='bbox 1706 631 1834 664; x_wconf 89' lang='lat' dir='ltr'><strong>cam-</strong></span> 
     </span>
     <span class='ocr_line' id='line_1_7' title="bbox 138 689 1833 755; baseline -0.001 -15"><span class='ocrx_word' id='word_1_46' title='bbox 138 708 282 755; x_wconf 89' lang='lat' dir='ltr'><strong>pum,</strong></span> <span class='ocrx_word' id='word_1_47' title='bbox 319 693 478 740; x_wconf 84' lang='lat' dir='ltr'><strong>morte</strong></span> <span class='ocrx_word' id='word_1_48' title='bbox 507 706 693 754; x_wconf 87' lang='lat' dir='ltr'><strong>poenas</strong></span> <span class='ocrx_word' id='word_1_49' title='bbox 734 691 921 740; x_wconf 85' lang='lat' dir='ltr'><strong>exolvit</strong></span> <span class='ocrx_word' id='word_1_50' title='bbox 958 692 1009 738; x_wconf 90' lang='lat' dir='ltr'><strong>et</strong></span> <span class='ocrx_word' id='word_1_51' title='bbox 1039 690 1280 753; x_wconf 91' lang='lat' dir='ltr'><strong>templum</strong></span> <span class='ocrx_word' id='word_1_52' title='bbox 1318 689 1400 738; x_wconf 90' lang='lat' dir='ltr'><strong>dei</strong></span> <span class='ocrx_word' id='word_1_53' title='bbox 1437 690 1692 740; x_wconf 86' lang='lat' dir='ltr'><strong>bellatoris</strong></span> <span class='ocrx_word' id='word_1_54' title='bbox 1731 689 1833 739; x_wconf 87' lang='lat' dir='ltr'><strong>suis</strong></span> 
     </span>
     <span class='ocr_line' id='line_1_8' title="bbox 138 765 564 830; baseline -0.007 -14"><span class='ocrx_word' id='word_1_55' title='bbox 138 766 312 830; x_wconf 91' lang='lat' dir='ltr'><strong>spoliis</strong></span> <span class='ocrx_word' id='word_1_56' title='bbox 351 765 564 815; x_wconf 87' lang='lat' dir='ltr'><strong>ornavit.</strong></span> 
     </span>
     <span class='ocr_line' id='line_1_9' title="bbox 248 837 1834 899; baseline -0.001 -11"><span class='ocrx_word' id='word_1_57' title='bbox 248 840 546 888; x_wconf 77' lang='lat' dir='ltr'><strong>Instaurant</strong></span> <span class='ocrx_word' id='word_1_58' title='bbox 575 839 704 888; x_wconf 86' lang='lat' dir='ltr'><strong>acies</strong></span> <span class='ocrx_word' id='word_1_59' title='bbox 732 839 942 888; x_wconf 77' lang='lat' dir='ltr'><strong>Vulcani</strong></span> <span class='ocrx_word' id='word_1_60' title='bbox 967 839 1116 899; x_wconf 78' lang='lat' dir='ltr'><strong>stirpe</strong></span> <span class='ocrx_word' id='word_1_61' title='bbox 1147 842 1337 888; x_wconf 87' lang='lat' dir='ltr'><strong>creatus</strong></span> <span class='ocrx_word' id='word_1_62' title='bbox 1363 837 1601 888; x_wconf 82' lang='lat' dir='ltr'><strong>Caeculus</strong></span> <span class='ocrx_word' id='word_1_63' title='bbox 1632 842 1676 887; x_wconf 92' lang='lat' dir='ltr'><strong>et</strong></span> <span class='ocrx_word' id='word_1_64' title='bbox 1702 840 1834 887; x_wconf 82' lang='lat' dir='ltr'><strong>veni-</strong></span> 
     </span>
    </p>
   </div>
   <div class='ocr_carea' id='block_1_3' title="bbox 797 177 1833 233">
    <p class='ocr_par' dir='ltr' id='par_1_3' title="bbox 797 177 1833 233">
     <span class='ocr_line' id='line_1_10' title="bbox 797 177 1833 233; baseline 0.011 -10"><span class='ocrx_word' id='word_1_65' title='bbox 797 177 1102 224; x_wconf 77' lang='lat' dir='ltr'><strong>AENEIDOS</strong></span> <span class='ocrx_word' id='word_1_66' title='bbox 1132 177 1175 221; x_wconf 91' lang='lat' dir='ltr'>X</span> <span class='ocrx_word' id='word_1_67' title='bbox 1725 180 1833 233; x_wconf 84' lang='lat'><strong>363</strong></span> 
     </span>
    </p>
   </div>
   <div class='ocr_carea' id='block_1_4' title="bbox 37 912 1834 1050">
    <p class='ocr_par' dir='ltr' id='par_1_4' title="bbox 37 912 1834 1050">
     <span class='ocr_line' id='line_1_11' title="bbox 138 912 1834 975; baseline -0.001 -12"><span class='ocrx_word' id='word_1_68' title='bbox 138 929 224 963; x_wconf 90' lang='lat' dir='ltr'><strong>ens</strong></span> <span class='ocrx_word' id='word_1_69' title='bbox 264 914 552 963; x_wconf 85' lang='lat' dir='ltr'><strong>Marsorum</strong></span> <span class='ocrx_word' id='word_1_70' title='bbox 600 914 844 962; x_wconf 86' lang='lat' dir='ltr'><strong>montibus</strong></span> <span class='ocrx_word' id='word_1_71' title='bbox 890 913 1099 962; x_wconf 87' lang='lat' dir='ltr'><strong>Umbro:</strong></span> <span class='ocrx_word' id='word_1_72' title='bbox 1144 913 1243 962; x_wconf 91' lang='lat' dir='ltr'><strong>duo</strong></span> <span class='ocrx_word' id='word_1_73' title='bbox 1284 912 1392 975; x_wconf 87' lang='lat' dir='ltr'><strong>isti,</strong></span> <span class='ocrx_word' id='word_1_74' title='bbox 1446 929 1559 962; x_wconf 91' lang='lat' dir='ltr'><strong>cum</strong></span> <span class='ocrx_word' id='word_1_75' title='bbox 1607 912 1834 962; x_wconf 86' lang='lat' dir='ltr'><strong>viderent</strong></span> 
     </span>
     <span class='ocr_line' id='line_1_12' title="bbox 37 978 1832 1050; baseline -0.001 -11"><span class='ocrx_word' id='word_1_76' title='bbox 37 978 107 1041; x_wconf 45' lang='lat' dir='ltr'><strong>f&#39;io</strong></span> <span class='ocrx_word' id='word_1_77' title='bbox 136 989 341 1037; x_wconf 88' lang='lat' dir='ltr'><strong>Aenean</strong></span> <span class='ocrx_word' id='word_1_78' title='bbox 372 988 441 1037; x_wconf 91' lang='lat' dir='ltr'><strong>sic</strong></span> <span class='ocrx_word' id='word_1_79' title='bbox 470 987 662 1037; x_wconf 86' lang='lat' dir='ltr'><strong>saevire</strong></span> <span class='ocrx_word' id='word_1_80' title='bbox 691 987 746 1036; x_wconf 93' lang='lat' dir='ltr'><strong>in</strong></span> <span class='ocrx_word' id='word_1_81' title='bbox 783 988 1055 1036; x_wconf 87' lang='lat' dir='ltr'><strong>multorum</strong></span> <span class='ocrx_word' id='word_1_82' title='bbox 1083 1003 1274 1049; x_wconf 84' lang='lat' dir='ltr'><strong>necem,</strong></span> <span class='ocrx_word' id='word_1_83' title='bbox 1303 987 1654 1036; x_wconf 75' lang='lat' dir='ltr'><strong>instaurabant</strong></span> <span class='ocrx_word' id='word_1_84' title='bbox 1688 989 1832 1050; x_wconf 85' lang='lat' dir='ltr'><strong>acieS‚</strong></span> 
     </span>
    </p>
   </div>
   <div class='ocr_carea' id='block_1_5' title="bbox 137 1061 1935 1126">
    <p class='ocr_par' dir='ltr' id='par_1_5' title="bbox 137 1061 1935 1126">
     <span class='ocr_line' id='line_1_13' title="bbox 137 1061 1935 1126; baseline 0.002 -15"><span class='ocrx_word' id='word_1_85' title='bbox 137 1078 264 1126; x_wconf 86' lang='lat' dir='ltr'><strong>quae</strong></span> <span class='ocrx_word' id='word_1_86' title='bbox 295 1063 496 1111; x_wconf 84' lang='lat' dir='ltr'><strong>fuerant</strong></span> <span class='ocrx_word' id='word_1_87' title='bbox 531 1062 702 1111; x_wconf 85' lang='lat' dir='ltr'><strong>Aenea</strong></span> <span class='ocrx_word' id='word_1_88' title='bbox 732 1061 965 1110; x_wconf 76' lang='lat' dir='ltr'><strong>turbante</strong></span> <span class='ocrx_word' id='word_1_89' title='bbox 1004 1062 1253 1110; x_wconf 82' lang='lat' dir='ltr'><strong>confusae.</strong></span> <span class='ocrx_word' id='word_1_90' title='bbox 1305 1062 1628 1110; x_wconf 79' lang='lat' dir='ltr'><strong>Dardanides</strong></span> <span class='ocrx_word' id='word_1_91' title='bbox 1666 1066 1832 1112; x_wconf 86' lang='lat' dir='ltr'><strong>contra</strong></span> <span class='ocrx_word' id='word_1_92' title='bbox 1849 1075 1935 1115; x_wconf 83' lang='lat'><strong>545</strong></span> 
     </span>
    </p>
   </div>
   <div class='ocr_carea' id='block_1_6' title="bbox 42 1135 1835 2016">
    <p class='ocr_par' dir='ltr' id='par_1_6' title="bbox 42 1135 1835 2016">
     <span class='ocr_line' id='line_1_14' title="bbox 135 1135 1835 1200; baseline 0 -15"><span class='ocrx_word' id='word_1_93' title='bbox 135 1139 282 1198; x_wconf 81' lang='lat' dir='ltr'><strong>furit:</strong></span> <span class='ocrx_word' id='word_1_94' title='bbox 332 1137 444 1200; x_wconf 84' lang='lat' dir='ltr'><strong>quis</strong></span> <span class='ocrx_word' id='word_1_95' title='bbox 491 1137 624 1184; x_wconf 88' lang='lat' dir='ltr'><strong>enim</strong></span> <span class='ocrx_word' id='word_1_96' title='bbox 664 1152 765 1185; x_wconf 93' lang='lat' dir='ltr'><strong>non</strong></span> <span class='ocrx_word' id='word_1_97' title='bbox 802 1137 1086 1185; x_wconf 83' lang='lat' dir='ltr'><strong>moveretur</strong></span> <span class='ocrx_word' id='word_1_98' title='bbox 1128 1137 1182 1184; x_wconf 95' lang='lat' dir='ltr'><strong>in</strong></span> <span class='ocrx_word' id='word_1_99' title='bbox 1228 1136 1505 1185; x_wconf 91' lang='lat' dir='ltr'><strong>inmensum</strong></span> <span class='ocrx_word' id='word_1_100' title='bbox 1535 1135 1741 1185; x_wconf 92' lang='lat' dir='ltr'><strong>modum</strong></span> <span class='ocrx_word' id='word_1_101' title='bbox 1770 1137 1835 1185; x_wconf 90' lang='lat' dir='ltr'><strong>iri</strong></span> 
     </span>
     <span class='ocr_line' id='line_1_15' title="bbox 137 1208 1832 1271; baseline -0.001 -10"><span class='ocrx_word' id='word_1_102' title='bbox 137 1211 338 1261; x_wconf 85' lang='lat' dir='ltr'><strong>obviam</strong></span> <span class='ocrx_word' id='word_1_103' title='bbox 375 1210 564 1259; x_wconf 86' lang='lat' dir='ltr'><strong>nisibus</strong></span> <span class='ocrx_word' id='word_1_104' title='bbox 604 1209 742 1260; x_wconf 79' lang='lat' dir='ltr'><strong>suis?</strong></span> <span class='ocrx_word' id='word_1_105' title='bbox 801 1208 1024 1271; x_wconf 74' lang='lat' dir='ltr'><strong>Anxyris</strong></span> <span class='ocrx_word' id='word_1_106' title='bbox 1062 1224 1173 1258; x_wconf 91' lang='lat' dir='ltr'><strong>ense</strong></span> <span class='ocrx_word' id='word_1_107' title='bbox 1206 1211 1460 1259; x_wconf 78' lang='lat' dir='ltr'><strong>sinistram</strong></span> <span class='ocrx_word' id='word_1_108' title='bbox 1498 1213 1542 1258; x_wconf 91' lang='lat' dir='ltr'><strong>et</strong></span> <span class='ocrx_word' id='word_1_109' title='bbox 1570 1213 1719 1259; x_wconf 86' lang='lat' dir='ltr'><strong>totum</strong></span> <span class='ocrx_word' id='word_1_110' title='bbox 1751 1212 1832 1260; x_wconf 83' lang='lat' dir='ltr'><strong>cli·</strong></span> 
     </span>
     <span class='ocr_line' id='line_1_16' title="bbox 129 1283 1832 1348; baseline 0 -14"><span class='ocrx_word' id='word_1_111' title='bbox 129 1286 215 1347; x_wconf 78' lang='lat' dir='ltr'><strong>pei</strong></span> <span class='ocrx_word' id='word_1_112' title='bbox 251 1287 383 1346; x_wconf 83' lang='lat' dir='ltr'><strong>ferro</strong></span> <span class='ocrx_word' id='word_1_113' title='bbox 422 1285 658 1333; x_wconf 87' lang='lat' dir='ltr'><strong>deiecerat</strong></span> <span class='ocrx_word' id='word_1_114' title='bbox 692 1285 878 1333; x_wconf 86' lang='lat' dir='ltr'><strong>orbem:</strong></span> <span class='ocrx_word' id='word_1_115' title='bbox 930 1283 1126 1334; x_wconf 87' lang='lat' dir='ltr'><strong>Aeneas</strong></span> <span class='ocrx_word' id='word_1_116' title='bbox 1163 1284 1258 1332; x_wconf 91' lang='lat' dir='ltr'><strong>hoc</strong></span> <span class='ocrx_word' id='word_1_117' title='bbox 1295 1283 1426 1346; x_wconf 83' lang='lat' dir='ltr'><strong>viso,</strong></span> <span class='ocrx_word' id='word_1_118' title='bbox 1472 1300 1586 1334; x_wconf 91' lang='lat' dir='ltr'><strong>cum</strong></span> <span class='ocrx_word' id='word_1_119' title='bbox 1631 1285 1832 1348; x_wconf 88' lang='lat' dir='ltr'><strong>fureret,</strong></span> 
     </span>
     <span class='ocr_line' id='line_1_17' title="bbox 42 1352 1834 1423; baseline -0.001 -13"><span class='ocrx_word' id='word_1_120' title='bbox 42 1352 104 1411; x_wconf 48' lang='grc' dir='ltr'><strong>ἰε</strong></span> <span class='ocrx_word' id='word_1_121' title='bbox 136 1359 354 1423; x_wconf 80' lang='lat' dir='ltr'><strong>Anxyris</strong></span> <span class='ocrx_word' id='word_1_122' title='bbox 385 1359 638 1408; x_wconf 86' lang='lat' dir='ltr'><strong>sinistram</strong></span> <span class='ocrx_word' id='word_1_123' title='bbox 668 1375 875 1408; x_wconf 89' lang='lat' dir='ltr'><strong>manum</strong></span> <span class='ocrx_word' id='word_1_124' title='bbox 921 1359 1206 1421; x_wconf 87' lang='lat' dir='ltr'><strong>amputavit</strong></span> <span class='ocrx_word' id='word_1_125' title='bbox 1242 1358 1435 1423; x_wconf 78' lang='lat' dir='ltr'><strong>gladio,</strong></span> <span class='ocrx_word' id='word_1_126' title='bbox 1473 1374 1601 1422; x_wconf 89' lang='lat' dir='ltr'><strong>quae</strong></span> <span class='ocrx_word' id='word_1_127' title='bbox 1640 1359 1834 1409; x_wconf 90' lang='lat' dir='ltr'><strong>abscisa</strong></span> 
     </span>
     <span class='ocr_line' id='line_1_18' title="bbox 137 1432 1834 1497; baseline 0 -15"><span class='ocrx_word' id='word_1_128' title='bbox 137 1450 250 1482; x_wconf 92' lang='lat' dir='ltr'><strong>cum</strong></span> <span class='ocrx_word' id='word_1_129' title='bbox 279 1435 390 1496; x_wconf 91' lang='lat' dir='ltr'><strong>ipso</strong></span> <span class='ocrx_word' id='word_1_130' title='bbox 423 1433 557 1496; x_wconf 91' lang='lat' dir='ltr'><strong>quod</strong></span> <span class='ocrx_word' id='word_1_131' title='bbox 587 1432 818 1497; x_wconf 87' lang='lat' dir='ltr'><strong>gestabat</strong></span> <span class='ocrx_word' id='word_1_132' title='bbox 847 1432 1064 1482; x_wconf 84' lang='lat' dir='ltr'><strong>concidit</strong></span> <span class='ocrx_word' id='word_1_133' title='bbox 1093 1434 1249 1482; x_wconf 87' lang='lat' dir='ltr'><strong>scuto.</strong></span> <span class='ocrx_word' id='word_1_134' title='bbox 1307 1433 1499 1481; x_wconf 75' lang='lat' dir='ltr'><strong>dixerat</strong></span> <span class='ocrx_word' id='word_1_135' title='bbox 1534 1434 1615 1482; x_wconf 83' lang='lat' dir='ltr'><strong>ille</strong></span> <span class='ocrx_word' id='word_1_136' title='bbox 1646 1434 1834 1495; x_wconf 83' lang='lat' dir='ltr'><strong>aliquid</strong></span> 
     </span>
     <span class='ocr_line' id='line_1_19' title="bbox 133 1507 1833 1570; baseline 0 -14"><span class='ocrx_word' id='word_1_137' title='bbox 133 1523 368 1570; x_wconf 72' lang='lat' dir='ltr'><strong>maynum</strong></span> <span class='ocrx_word' id='word_1_138' title='bbox 412 1509 604 1568; x_wconf 84' lang='lat' dir='ltr'><strong>vimque</strong></span> <span class='ocrx_word' id='word_1_139' title='bbox 642 1507 814 1568; x_wconf 83' lang='lat' dir='ltr'><strong>adfore</strong></span> <span class='ocrx_word' id='word_1_140' title='bbox 850 1508 993 1556; x_wconf 83' lang='lat' dir='ltr'><strong>verbo</strong></span> <span class='ocrx_word' id='word_1_141' title='bbox 1032 1507 1303 1556; x_wconf 85' lang='lat' dir='ltr'><strong>crediderat</strong></span> <span class='ocrx_word' id='word_1_142' title='bbox 1344 1508 1565 1569; x_wconf 82' lang='lat' dir='ltr'><strong>caeloque</strong></span> <span class='ocrx_word' id='word_1_143' title='bbox 1611 1509 1833 1557; x_wconf 83' lang='lat' dir='ltr'><strong>animum</strong></span> 
     </span>
     <span class='ocr_line' id='line_1_20' title="bbox 133 1582 1832 1643; baseline -0.001 -12"><span class='ocrx_word' id='word_1_144' title='bbox 133 1584 343 1642; x_wconf 81' lang='lat' dir='ltr'><strong>fortasse</strong></span> <span class='ocrx_word' id='word_1_145' title='bbox 370 1583 559 1642; x_wconf 83' lang='lat' dir='ltr'><strong>ferebat</strong></span> <span class='ocrx_word' id='word_1_146' title='bbox 587 1583 905 1641; x_wconf 79' lang='lat' dir='ltr'><strong>canitiemque</strong></span> <span class='ocrx_word' id='word_1_147' title='bbox 934 1582 1030 1630; x_wconf 87' lang='lat' dir='ltr'><strong>sibi</strong></span> <span class='ocrx_word' id='word_1_148' title='bbox 1060 1585 1103 1630; x_wconf 84' lang='lat' dir='ltr'><strong>et</strong></span> <span class='ocrx_word' id='word_1_149' title='bbox 1134 1582 1299 1643; x_wconf 79' lang='lat' dir='ltr'><strong>lonqos</strong></span> <span class='ocrx_word' id='word_1_150' title='bbox 1325 1583 1619 1642; x_wconf 78' lang='lat' dir='ltr'><strong>promiserat</strong></span> <span class='ocrx_word' id='word_1_151' title='bbox 1649 1597 1832 1631; x_wconf 87' lang='lat' dir='ltr'><strong>annos:</strong></span> 
     </span>
     <span class='ocr_line' id='line_1_21' title="bbox 133 1656 1831 1721; baseline 0.001 -17"><span class='ocrx_word' id='word_1_152' title='bbox 133 1656 451 1720; x_wconf 86' lang='lat' dir='ltr'><strong>reprehendit</strong></span> <span class='ocrx_word' id='word_1_153' title='bbox 494 1657 627 1705; x_wconf 92' lang='lat' dir='ltr'><strong>hunc</strong></span> <span class='ocrx_word' id='word_1_154' title='bbox 664 1656 942 1720; x_wconf 86' lang='lat' dir='ltr'><strong>Vergilius,</strong></span> <span class='ocrx_word' id='word_1_155' title='bbox 989 1656 1108 1718; x_wconf 90' lang='lat' dir='ltr'><strong>quia</strong></span> <span class='ocrx_word' id='word_1_156' title='bbox 1147 1658 1320 1705; x_wconf 90' lang='lat' dir='ltr'><strong>contra</strong></span> <span class='ocrx_word' id='word_1_157' title='bbox 1366 1656 1704 1705; x_wconf 85' lang='lat' dir='ltr'><strong>condicionem</strong></span> <span class='ocrx_word' id='word_1_158' title='bbox 1749 1673 1831 1721; x_wconf 88' lang='lat' dir='ltr'><strong>ge-</strong></span> 
     </span>
     <span class='ocr_line' id='line_1_22' title="bbox 61 1729 1830 1794; baseline -0.001 -13"><span class='ocrx_word' id='word_1_159' title='bbox 61 1749 104 1782; x_wconf 73' lang='lat'><strong>20</strong></span> <span class='ocrx_word' id='word_1_160' title='bbox 135 1730 265 1779; x_wconf 88' lang='lat' dir='ltr'><strong>neris</strong></span> <span class='ocrx_word' id='word_1_161' title='bbox 303 1730 533 1792; x_wconf 87' lang='lat' dir='ltr'><strong>humani,</strong></span> <span class='ocrx_word' id='word_1_162' title='bbox 577 1731 711 1794; x_wconf 92' lang='lat' dir='ltr'><strong>quod</strong></span> <span class='ocrx_word' id='word_1_163' title='bbox 755 1731 1041 1779; x_wconf 86' lang='lat' dir='ltr'><strong>futurorum</strong></span> <span class='ocrx_word' id='word_1_164' title='bbox 1087 1733 1164 1780; x_wconf 90' lang='lat' dir='ltr'><strong>est</strong></span> <span class='ocrx_word' id='word_1_165' title='bbox 1207 1729 1450 1792; x_wconf 85' lang='lat' dir='ltr'><strong>nescium,</strong></span> <span class='ocrx_word' id='word_1_166' title='bbox 1495 1730 1681 1779; x_wconf 87' lang='lat' dir='ltr'><strong>fidebat</strong></span> <span class='ocrx_word' id='word_1_167' title='bbox 1718 1747 1830 1794; x_wconf 94' lang='lat' dir='ltr'><strong>pro-</strong></span> 
     </span>
     <span class='ocr_line' id='line_1_23' title="bbox 134 1804 1830 1869; baseline 0.001 -16"><span class='ocrx_word' id='word_1_168' title='bbox 134 1806 275 1854; x_wconf 89' lang='lat' dir='ltr'><strong>missi</strong></span> <span class='ocrx_word' id='word_1_169' title='bbox 299 1821 384 1869; x_wconf 92' lang='lat' dir='ltr'><strong>spe</strong></span> <span class='ocrx_word' id='word_1_170' title='bbox 416 1804 610 1868; x_wconf 87' lang='lat' dir='ltr'><strong>sibique</strong></span> <span class='ocrx_word' id='word_1_171' title='bbox 641 1820 892 1854; x_wconf 89' lang='lat' dir='ltr'><strong>cessurum</strong></span> <span class='ocrx_word' id='word_1_172' title='bbox 917 1805 1144 1853; x_wconf 89' lang='lat' dir='ltr'><strong>effectum</strong></span> <span class='ocrx_word' id='word_1_173' title='bbox 1172 1804 1423 1868; x_wconf 87' lang='lat' dir='ltr'><strong>credebat,</strong></span> <span class='ocrx_word' id='word_1_174' title='bbox 1450 1804 1584 1868; x_wconf 92' lang='lat' dir='ltr'><strong>quod</strong></span> <span class='ocrx_word' id='word_1_175' title='bbox 1608 1805 1674 1854; x_wconf 89' lang='lat' dir='ltr'><strong>ad</strong></span> <span class='ocrx_word' id='word_1_176' title='bbox 1696 1807 1830 1854; x_wconf 88' lang='lat' dir='ltr'><strong>cani-</strong></span> 
     </span>
     <span class='ocr_line' id='line_1_24' title="bbox 133 1878 1831 1944; baseline 0.001 -17"><span class='ocrx_word' id='word_1_177' title='bbox 133 1879 256 1927; x_wconf 87' lang='lat' dir='ltr'><strong>tiem</strong></span> <span class='ocrx_word' id='word_1_178' title='bbox 288 1883 338 1928; x_wconf 89' lang='lat' dir='ltr'><strong>et</strong></span> <span class='ocrx_word' id='word_1_179' title='bbox 368 1880 545 1944; x_wconf 90' lang='lat' dir='ltr'><strong>longos</strong></span> <span class='ocrx_word' id='word_1_180' title='bbox 577 1895 732 1929; x_wconf 87' lang='lat' dir='ltr'><strong>annos</strong></span> <span class='ocrx_word' id='word_1_181' title='bbox 764 1880 1022 1942; x_wconf 82' lang='lat' dir='ltr'><strong>pervenire</strong></span> <span class='ocrx_word' id='word_1_182' title='bbox 1048 1879 1311 1942; x_wconf 87' lang='lat' dir='ltr'><strong>potuisset.</strong></span> <span class='ocrx_word' id='word_1_183' title='bbox 1370 1878 1423 1927; x_wconf 93' lang='lat' dir='ltr'><strong>in</strong></span> <span class='ocrx_word' id='word_1_184' title='bbox 1463 1894 1520 1928; x_wconf 94' lang='lat' dir='ltr'><strong>eo</strong></span> <span class='ocrx_word' id='word_1_185' title='bbox 1560 1882 1727 1928; x_wconf 90' lang='lat' dir='ltr'><strong>autem</strong></span> <span class='ocrx_word' id='word_1_186' title='bbox 1767 1880 1831 1928; x_wconf 85' lang='lat' dir='ltr'><strong>ad</strong></span> 
     </span>
     <span class='ocr_line' id='line_1_25' title="bbox 134 1953 1830 2016; baseline 0.001 -15"><span class='ocrx_word' id='word_1_187' title='bbox 134 1954 326 2001; x_wconf 87' lang='lat' dir='ltr'><strong>caelum</strong></span> <span class='ocrx_word' id='word_1_188' title='bbox 364 1954 555 2002; x_wconf 90' lang='lat' dir='ltr'><strong>ferebat</strong></span> <span class='ocrx_word' id='word_1_189' title='bbox 593 1955 807 2016; x_wconf 65' lang='lat' dir='ltr'><strong>animm,</strong></span> <span class='ocrx_word' id='word_1_190' title='bbox 847 1954 980 2016; x_wconf 92' lang='lat' dir='ltr'><strong>quod</strong></span> <span class='ocrx_word' id='word_1_191' title='bbox 1018 1954 1154 2002; x_wconf 91' lang='lat' dir='ltr'><strong>solus</strong></span> <span class='ocrx_word' id='word_1_192' title='bbox 1188 1956 1317 2002; x_wconf 89' lang='lat' dir='ltr'><strong>esset</strong></span> <span class='ocrx_word' id='word_1_193' title='bbox 1353 1953 1540 2002; x_wconf 90' lang='lat' dir='ltr'><strong>maiore</strong></span> <span class='ocrx_word' id='word_1_194' title='bbox 1579 1957 1830 2003; x_wconf 87' lang='lat' dir='ltr'><strong>senectute</strong></span> 
     </span>
    </p>
   </div>
   <div class='ocr_carea' id='block_1_7' title="bbox 21 2083 1831 2590">
    <p class='ocr_par' dir='ltr' id='par_1_7' title="bbox 24 2083 1831 2438">
     <span class='ocr_line' id='line_1_26' title="bbox 24 2083 1831 2164; baseline 0 -13"><span class='ocrx_word' id='word_1_195' title='bbox 24 2083 39 2151; x_wconf 64' lang='grc' dir='ltr'>Ἰ</span> <span class='ocrx_word' id='word_1_196' title='bbox 60 2118 103 2152; x_wconf 72' lang='lat'><strong>2⁶</strong></span> <span class='ocrx_word' id='word_1_197' title='bbox 133 2102 316 2150; x_wconf 85' lang='lat' dir='ltr'><strong>vicolae</strong></span> <span class='ocrx_word' id='word_1_198' title='bbox 343 2102 525 2150; x_wconf 85' lang='lat' dir='ltr'><strong>Fauno</strong></span> <span class='ocrx_word' id='word_1_199' title='bbox 551 2102 750 2164; x_wconf 75' lang='lat' dir='ltr'><strong>Dryope</strong></span> <span class='ocrx_word' id='word_1_200' title='bbox 780 2117 919 2163; x_wconf 84' lang='lat' dir='ltr'><strong>quem</strong></span> <span class='ocrx_word' id='word_1_201' title='bbox 947 2102 1163 2163; x_wconf 75' lang='lat' dir='ltr'><strong>nympha</strong></span> <span class='ocrx_word' id='word_1_202' title='bbox 1194 2105 1404 2159; x_wconf 89' lang='lat' dir='ltr'><strong>crearat,</strong></span> <span class='ocrx_word' id='word_1_203' title='bbox 1438 2103 1608 2151; x_wconf 81' lang='lat' dir='ltr'><strong>obvius</strong></span> <span class='ocrx_word' id='word_1_204' title='bbox 1639 2103 1831 2151; x_wconf 86' lang='lat' dir='ltr'><strong>ardenti</strong></span> 
     </span>
     <span class='ocr_line' id='line_1_27' title="bbox 133 2175 1829 2240; baseline 0.001 -16"><span class='ocrx_word' id='word_1_205' title='bbox 133 2190 236 2224; x_wconf 88' lang='lat' dir='ltr'><strong>sese</strong></span> <span class='ocrx_word' id='word_1_206' title='bbox 266 2176 456 2224; x_wconf 89' lang='lat' dir='ltr'><strong>obtulit:</strong></span> <span class='ocrx_word' id='word_1_207' title='bbox 492 2176 640 2225; x_wconf 91' lang='lat' dir='ltr'><strong>huius</strong></span> <span class='ocrx_word' id='word_1_208' title='bbox 671 2192 851 2225; x_wconf 88' lang='lat' dir='ltr'><strong>nomen</strong></span> <span class='ocrx_word' id='word_1_209' title='bbox 890 2175 1017 2224; x_wconf 86' lang='lat' dir='ltr'><strong>dixit</strong></span> <span class='ocrx_word' id='word_1_210' title='bbox 1047 2179 1097 2225; x_wconf 88' lang='lat' dir='ltr'><strong>et</strong></span> <span class='ocrx_word' id='word_1_211' title='bbox 1135 2192 1289 2240; x_wconf 89' lang='lat' dir='ltr'><strong>genus</strong></span> <span class='ocrx_word' id='word_1_212' title='bbox 1328 2177 1379 2225; x_wconf 89' lang='lat' dir='ltr'><strong>et</strong></span> <span class='ocrx_word' id='word_1_213' title='bbox 1410 2177 1829 2240; x_wconf 87' lang='lat' dir='ltr'><strong>quemadmodum</strong></span> 
     </span>
     <span class='ocr_line' id='line_1_28' title="bbox 132 2249 1829 2315; baseline 0.001 -17"><span class='ocrx_word' id='word_1_214' title='bbox 132 2250 350 2314; x_wconf 88' lang='lat' dir='ltr'><strong>ingentis</strong></span> <span class='ocrx_word' id='word_1_215' title='bbox 399 2249 590 2299; x_wconf 87' lang='lat' dir='ltr'><strong>animos</strong></span> <span class='ocrx_word' id='word_1_216' title='bbox 644 2265 818 2315; x_wconf 88' lang='lat' dir='ltr'><strong>gerens</strong></span> <span class='ocrx_word' id='word_1_217' title='bbox 871 2251 1004 2299; x_wconf 85' lang='lat' dir='ltr'><strong>ultro</strong></span> <span class='ocrx_word' id='word_1_218' title='bbox 1052 2265 1156 2299; x_wconf 87' lang='lat' dir='ltr'><strong>sese</strong></span> <span class='ocrx_word' id='word_1_219' title='bbox 1204 2250 1389 2299; x_wconf 90' lang='lat' dir='ltr'><strong>obtulit</strong></span> <span class='ocrx_word' id='word_1_220' title='bbox 1441 2251 1636 2299; x_wconf 88' lang='lat' dir='ltr'><strong>ardenti</strong></span> <span class='ocrx_word' id='word_1_221' title='bbox 1683 2253 1829 2313; x_wconf 88' lang='lat' dir='ltr'><strong>quasi</strong></span> 
     </span>
     <span class='ocr_line' id='line_1_29' title="bbox 31 2315 1828 2438; baseline 0.001 -67"><span class='ocrx_word' id='word_1_222' title='bbox 31 2315 38 2438; x_wconf 48' lang='lat' dir='ltr'><em>l</em></span> <span class='ocrx_word' id='word_1_223' title='bbox 133 2324 336 2372; x_wconf 84' lang='lat' dir='ltr'><strong>Aenean</strong></span> <span class='ocrx_word' id='word_1_224' title='bbox 374 2325 640 2373; x_wconf 85' lang='lat' dir='ltr'><strong>certamine</strong></span> <span class='ocrx_word' id='word_1_225' title='bbox 680 2326 1017 2387; x_wconf 85' lang='lat' dir='ltr'><strong>superaturus.</strong></span> <span class='ocrx_word' id='word_1_226' title='bbox 1081 2324 1163 2373; x_wconf 84' lang='lat' dir='ltr'><strong>ille</strong></span> <span class='ocrx_word' id='word_1_227' title='bbox 1199 2325 1400 2374; x_wconf 89' lang='lat' dir='ltr'><strong>reducta</strong></span> <span class='ocrx_word' id='word_1_228' title='bbox 1430 2326 1631 2374; x_wconf 84' lang='lat' dir='ltr'><strong>loricam</strong></span> <span class='ocrx_word' id='word_1_229' title='bbox 1670 2326 1828 2385; x_wconf 76' lang='lat' dir='ltr'><strong>clipei-</strong></span> 
     </span>
    </p>

    <p class='ocr_par' dir='ltr' id='par_1_8' title="bbox 21 2398 1827 2590">
     <span class='ocr_line' id='line_1_30' title="bbox 135 2398 1827 2460; baseline 0.001 -14"><span class='ocrx_word' id='word_1_230' title='bbox 135 2412 224 2459; x_wconf 89' lang='lat' dir='ltr'><strong>que</strong></span> <span class='ocrx_word' id='word_1_231' title='bbox 260 2399 431 2459; x_wconf 81' lang='lat' dir='ltr'><strong>inqens</strong></span> <span class='ocrx_word' id='word_1_232' title='bbox 476 2413 600 2446; x_wconf 89' lang='lat' dir='ltr'><strong>onus</strong></span> <span class='ocrx_word' id='word_1_233' title='bbox 636 2398 822 2458; x_wconf 85' lang='lat' dir='ltr'><strong>inpedit</strong></span> <span class='ocrx_word' id='word_1_234' title='bbox 856 2399 1024 2447; x_wconf 79' lang='lat' dir='ltr'><strong>hasta:</strong></span> <span class='ocrx_word' id='word_1_235' title='bbox 1067 2399 1176 2460; x_wconf 84' lang='lat' dir='ltr'><strong>isse,</strong></span> <span class='ocrx_word' id='word_1_236' title='bbox 1223 2398 1356 2447; x_wconf 87' lang='lat' dir='ltr'><strong>idem</strong></span> <span class='ocrx_word' id='word_1_237' title='bbox 1394 2399 1610 2460; x_wconf 80' lang='lat' dir='ltr'><strong>AeneaS,</strong></span> <span class='ocrx_word' id='word_1_238' title='bbox 1648 2403 1827 2447; x_wconf 87' lang='lat' dir='ltr'><strong>retror-</strong></span> 
     </span>
     <span class='ocr_line' id='line_1_31' title="bbox 21 2442 1826 2590; baseline -0.001 -68"><span class='ocrx_word' id='word_1_239' title='bbox 21 2442 105 2590; x_wconf 53' lang='lat' dir='ltr'><strong>im</strong></span> <span class='ocrx_word' id='word_1_240' title='bbox 134 2487 244 2520; x_wconf 90' lang='lat' dir='ltr'><strong>sum</strong></span> <span class='ocrx_word' id='word_1_241' title='bbox 282 2471 434 2521; x_wconf 89' lang='lat' dir='ltr'><strong>ducta</strong></span> <span class='ocrx_word' id='word_1_242' title='bbox 470 2473 617 2522; x_wconf 88' lang='lat' dir='ltr'><strong>hasta</strong></span> <span class='ocrx_word' id='word_1_243' title='bbox 656 2472 814 2535; x_wconf 89' lang='lat' dir='ltr'><strong>clipeo</strong></span> <span class='ocrx_word' id='word_1_244' title='bbox 853 2475 903 2521; x_wconf 90' lang='lat' dir='ltr'><strong>et</strong></span> <span class='ocrx_word' id='word_1_245' title='bbox 940 2473 1097 2521; x_wconf 88' lang='lat' dir='ltr'><strong>lorica</strong></span> <span class='ocrx_word' id='word_1_246' title='bbox 1134 2472 1524 2536; x_wconf 82' lang='lat' dir='ltr'><strong>inpedientibuS‚</strong></span> <span class='ocrx_word' id='word_1_247' title='bbox 1575 2489 1686 2521; x_wconf 91' lang='lat' dir='ltr'><strong>cum</strong></span> <span class='ocrx_word' id='word_1_248' title='bbox 1725 2489 1826 2521; x_wconf 90' lang='lat' dir='ltr'><strong>cor·</strong></span> 
     </span>
    </p>
   </div>
   <div class='ocr_carea' id='block_1_8' title="bbox 22 2583 1826 3055">
    <p class='ocr_par' dir='ltr' id='par_1_9' title="bbox 23 2583 1825 2646">
     <span class='ocr_line' id='line_1_32' title="bbox 23 2583 1825 2646; baseline 0.001 -19"><span class='ocrx_word' id='word_1_249' title='bbox 23 2600 28 2646; x_wconf 69' lang='lat'><em>5</em></span> <span class='ocrx_word' id='word_1_250' title='bbox 255 2589 277 2627; x_wconf 95' lang='lat'>1</span> <span class='ocrx_word' id='word_1_251' title='bbox 311 2586 451 2630; x_wconf 87' lang='lat' dir='ltr'><strong>marti</strong></span> <span class='ocrx_word' id='word_1_252' title='bbox 474 2584 559 2628; x_wconf 98' lang='lat' dir='ltr'><strong>VR</strong></span> <span class='ocrx_word' id='word_1_253' title='bbox 589 2585 760 2629; x_wconf 86' lang='lat' dir='ltr'><strong>armati</strong></span> <span class='ocrx_word' id='word_1_254' title='bbox 790 2584 862 2628; x_wconf 88' lang='lat' dir='ltr'><strong>ed.</strong></span> <span class='ocrx_word' id='word_1_255' title='bbox 898 2584 903 2642; x_wconf 87' lang='grc' dir='ltr'>Ι</span> <span class='ocrx_word' id='word_1_256' title='bbox 940 2585 1115 2640; x_wconf 79' lang='lat' dir='ltr'><strong>trophei</strong></span> <span class='ocrx_word' id='word_1_257' title='bbox 1136 2583 1232 2629; x_wconf 88' lang='lat' dir='ltr'><strong>VR.</strong></span> <span class='ocrx_word' id='word_1_258' title='bbox 1327 2589 1353 2628; x_wconf 87' lang='grc'>6</span> <span class='ocrx_word' id='word_1_259' title='bbox 1385 2586 1482 2629; x_wconf 87' lang='lat' dir='ltr'><strong>suis</strong></span> <span class='ocrx_word' id='word_1_260' title='bbox 1504 2584 1546 2627; x_wconf 90' lang='lat' dir='ltr'>R</span> <span class='ocrx_word' id='word_1_261' title='bbox 1573 2584 1644 2628; x_wconf 89' lang='lat' dir='ltr'><strong>ed.</strong></span> <span class='ocrx_word' id='word_1_262' title='bbox 1672 2586 1748 2628; x_wconf 83' lang='lat' dir='ltr'><strong>sui</strong></span> <span class='ocrx_word' id='word_1_263' title='bbox 1770 2583 1825 2628; x_wconf 90' lang='lat' dir='ltr'><strong>V.</strong></span> 
     </span>
    </p>

    <p class='ocr_par' dir='ltr' id='par_1_10' title="bbox 22 2643 1826 3055">
     <span class='ocr_line' id='line_1_33' title="bbox 22 2643 1825 2700; baseline 0.001 -14"><span class='ocrx_word' id='word_1_264' title='bbox 22 2676 25 2683; x_wconf 88' lang='lat'>.</span> <span class='ocrx_word' id='word_1_265' title='bbox 136 2647 160 2686; x_wconf 82' lang='grc'><strong>’1</strong></span> <span class='ocrx_word' id='word_1_266' title='bbox 193 2644 384 2699; x_wconf 79' lang='lat' dir='ltr'><strong>expoliis</strong></span> <span class='ocrx_word' id='word_1_267' title='bbox 405 2643 491 2688; x_wconf 89' lang='lat' dir='ltr'><strong>VR</strong></span> <span class='ocrx_word' id='word_1_268' title='bbox 521 2644 683 2700; x_wconf 80' lang='lat' dir='ltr'><strong>spoliis</strong></span> <span class='ocrx_word' id='word_1_269' title='bbox 704 2657 738 2686; x_wconf 90' lang='lat' dir='ltr'><strong>r.</strong></span> <span class='ocrx_word' id='word_1_270' title='bbox 764 2644 908 2700; x_wconf 89' lang='lat' dir='ltr'><strong>(recte</strong></span> <span class='ocrx_word' id='word_1_271' title='bbox 933 2643 991 2688; x_wconf 89' lang='lat' dir='ltr'><strong>cf.</strong></span> <span class='ocrx_word' id='word_1_272' title='bbox 1018 2648 1058 2698; x_wconf 85' lang='grc'><strong>’1,</strong></span> <span class='ocrx_word' id='word_1_273' title='bbox 1075 2648 1160 2687; x_wconf 79' lang='lat'><strong>427</strong></span> <span class='ocrx_word' id='word_1_274' title='bbox 1186 2644 1464 2699; x_wconf 76' lang='lat' dir='ltr'><strong>expeciebus)</strong></span> <span class='ocrx_word' id='word_1_275' title='bbox 1493 2657 1549 2687; x_wconf 80' lang='lat' dir='ltr'><strong>ex</strong></span> <span class='ocrx_word' id='word_1_276' title='bbox 1569 2645 1731 2699; x_wconf 80' lang='lat' dir='ltr'><strong>spoliis</strong></span> <span class='ocrx_word' id='word_1_277' title='bbox 1754 2644 1825 2687; x_wconf 90' lang='lat' dir='ltr'><strong>ed.</strong></span> 
     </span>
     <span class='ocr_line' id='line_1_34' title="bbox 137 2702 1824 2747; baseline 0.001 -2"><span class='ocrx_word' id='word_1_278' title='bbox 137 2707 191 2745; x_wconf 85' lang='lat'><strong>14</strong></span> <span class='ocrx_word' id='word_1_279' title='bbox 228 2704 330 2747; x_wconf 87' lang='lat' dir='ltr'><strong>visu</strong></span> <span class='ocrx_word' id='word_1_280' title='bbox 368 2703 423 2747; x_wconf 89' lang='lat' dir='ltr'><strong>R.</strong></span> <span class='ocrx_word' id='word_1_281' title='bbox 547 2707 601 2747; x_wconf 84' lang='lat'><strong>15</strong></span> <span class='ocrx_word' id='word_1_282' title='bbox 640 2704 841 2747; x_wconf 86' lang='lat' dir='ltr'><strong>abscissa</strong></span> <span class='ocrx_word' id='word_1_283' title='bbox 875 2702 947 2747; x_wconf 90' lang='lat' dir='ltr'><strong>ed.</strong></span> <span class='ocrx_word' id='word_1_284' title='bbox 1071 2706 1125 2746; x_wconf 87' lang='grc'><strong>19</strong></span> <span class='ocrx_word' id='word_1_285' title='bbox 1157 2708 1317 2747; x_wconf 89' lang='lat' dir='ltr'><strong>contra</strong></span> <span class='ocrx_word' id='word_1_286' title='bbox 1348 2703 1649 2747; x_wconf 82' lang='lat' dir='ltr'><strong>conditionem</strong></span> <span class='ocrx_word' id='word_1_287' title='bbox 1681 2702 1722 2745; x_wconf 83' lang='lat' dir='ltr'>R</span> <span class='ocrx_word' id='word_1_288' title='bbox 1753 2703 1824 2747; x_wconf 89' lang='lat' dir='ltr'><strong>ed.</strong></span> 
     </span>
     <span class='ocr_line' id='line_1_35' title="bbox 134 2761 1824 2818; baseline 0.001 -13"><span class='ocrx_word' id='word_1_289' title='bbox 134 2762 515 2807; x_wconf 79' lang='lat' dir='ltr'><strong>contradicionem</strong></span> <span class='ocrx_word' id='word_1_290' title='bbox 545 2762 599 2806; x_wconf 93' lang='lat' dir='ltr'><strong>V.</strong></span> <span class='ocrx_word' id='word_1_291' title='bbox 723 2766 777 2805; x_wconf 86' lang='lat'><strong>21</strong></span> <span class='ocrx_word' id='word_1_292' title='bbox 817 2775 895 2818; x_wconf 80' lang='lat' dir='ltr'><strong>spe</strong></span> <span class='ocrx_word' id='word_1_293' title='bbox 931 2763 1106 2818; x_wconf 80' lang='lat' dir='ltr'><strong>sibique</strong></span> <span class='ocrx_word' id='word_1_294' title='bbox 1135 2762 1178 2805; x_wconf 88' lang='lat' dir='ltr'><strong>R</strong></span> <span class='ocrx_word' id='word_1_295' title='bbox 1214 2776 1316 2818; x_wconf 78' lang='lat' dir='ltr'><strong>spes</strong></span> <span class='ocrx_word' id='word_1_296' title='bbox 1348 2762 1498 2817; x_wconf 82' lang='lat' dir='ltr'><strong>ibique</strong></span> <span class='ocrx_word' id='word_1_297' title='bbox 1522 2761 1563 2804; x_wconf 90' lang='lat' dir='ltr'><strong>V</strong></span> <span class='ocrx_word' id='word_1_298' title='bbox 1593 2763 1690 2817; x_wconf 80' lang='lat' dir='ltr'><strong>spei</strong></span> <span class='ocrx_word' id='word_1_299' title='bbox 1718 2763 1824 2806; x_wconf 85' lang='lat' dir='ltr'><strong>sibi-</strong></span> 
     </span>
     <span class='ocr_line' id='line_1_36' title="bbox 134 2820 1826 2879; baseline 0.001 -15"><span class='ocrx_word' id='word_1_300' title='bbox 134 2834 218 2875; x_wconf 88' lang='lat' dir='ltr'><strong>que</strong></span> <span class='ocrx_word' id='word_1_301' title='bbox 249 2820 321 2865; x_wconf 91' lang='lat' dir='ltr'><strong>ed.</strong></span> <span class='ocrx_word' id='word_1_302' title='bbox 425 2826 479 2865; x_wconf 84' lang='lat'><strong>27</strong></span> <span class='ocrx_word' id='word_1_303' title='bbox 511 2823 735 2879; x_wconf 81' lang='lat' dir='ltr'><strong>inqentem</strong></span> <span class='ocrx_word' id='word_1_304' title='bbox 766 2823 971 2866; x_wconf 86' lang='lat' dir='ltr'><strong>animum</strong></span> <span class='ocrx_word' id='word_1_305' title='bbox 1002 2821 1074 2866; x_wconf 91' lang='lat' dir='ltr'><strong>ed.</strong></span> <span class='ocrx_word' id='word_1_306' title='bbox 1113 2822 1116 2878; x_wconf 63' lang='lat' dir='ltr'>j</span> <span class='ocrx_word' id='word_1_307' title='bbox 1159 2821 1282 2865; x_wconf 80' lang='lat' dir='ltr'><strong>ultro</strong></span> <span class='ocrx_word' id='word_1_308' title='bbox 1313 2834 1401 2864; x_wconf 91' lang='lat' dir='ltr'><strong>om.</strong></span> <span class='ocrx_word' id='word_1_309' title='bbox 1428 2820 1498 2864; x_wconf 91' lang='lat' dir='ltr'><strong>ed.</strong></span> <span class='ocrx_word' id='word_1_310' title='bbox 1599 2824 1655 2864; x_wconf 83' lang='lat'><strong>28</strong></span> <span class='ocrx_word' id='word_1_311' title='bbox 1687 2835 1826 2865; x_wconf 88' lang='lat' dir='ltr'><strong>aenea</strong></span> 
     </span>
     <span class='ocr_line' id='line_1_37' title="bbox 134 2877 1826 2937; baseline 0.002 -16"><span class='ocrx_word' id='word_1_312' title='bbox 134 2877 188 2922; x_wconf 89' lang='lat' dir='ltr'><strong>R.</strong></span> <span class='ocrx_word' id='word_1_313' title='bbox 216 2879 220 2937; x_wconf 92' lang='grc' dir='ltr'>Ι</span> <span class='ocrx_word' id='word_1_314' title='bbox 249 2879 482 2925; x_wconf 86' lang='lat' dir='ltr'><strong>reductam</strong></span> <span class='ocrx_word' id='word_1_315' title='bbox 506 2881 699 2925; x_wconf 84' lang='lat' dir='ltr'><strong>luricam</strong></span> <span class='ocrx_word' id='word_1_316' title='bbox 715 2879 812 2924; x_wconf 89' lang='lat' dir='ltr'><strong>VR.</strong></span> <span class='ocrx_word' id='word_1_317' title='bbox 900 2884 954 2923; x_wconf 84' lang='lat'><strong>29</strong></span> <span class='ocrx_word' id='word_1_318' title='bbox 979 2881 1124 2925; x_wconf 80' lang='lat' dir='ltr'><strong>ille—</strong></span> <span class='ocrx_word' id='word_1_319' title='bbox 1142 2884 1198 2923; x_wconf 88' lang='lat'><strong>30</strong></span> <span class='ocrx_word' id='word_1_320' title='bbox 1222 2881 1354 2923; x_wconf 83' lang='lat' dir='ltr'><strong>hasta</strong></span> <span class='ocrx_word' id='word_1_321' title='bbox 1379 2893 1467 2923; x_wconf 91' lang='lat' dir='ltr'><strong>om.</strong></span> <span class='ocrx_word' id='word_1_322' title='bbox 1487 2879 1557 2923; x_wconf 90' lang='lat' dir='ltr'><strong>ed.</strong></span> <span class='ocrx_word' id='word_1_323' title='bbox 1644 2883 1700 2923; x_wconf 85' lang='lat'><strong>30</strong></span> <span class='ocrx_word' id='word_1_324' title='bbox 1724 2894 1826 2925; x_wconf 87' lang='lat' dir='ltr'><strong>cum</strong></span> 
     </span>
     <span class='ocr_line' id='line_1_38' title="bbox 135 2936 1826 2995; baseline 0.001 -14"><span class='ocrx_word' id='word_1_325' title='bbox 135 2936 220 2981; x_wconf 89' lang='lat' dir='ltr'><strong>VR</strong></span> <span class='ocrx_word' id='word_1_326' title='bbox 249 2952 378 2984; x_wconf 88' lang='lat' dir='ltr'><strong>omne</strong></span> <span class='ocrx_word' id='word_1_327' title='bbox 401 2953 539 2995; x_wconf 87' lang='lat' dir='ltr'><strong>quum</strong></span> <span class='ocrx_word' id='word_1_328' title='bbox 570 2940 664 2984; x_wconf 88' lang='lat' dir='ltr'><strong>ed.:</strong></span> <span class='ocrx_word' id='word_1_329' title='bbox 695 2940 886 2994; x_wconf 85' lang='lat' dir='ltr'><strong>interpr.</strong></span> <span class='ocrx_word' id='word_1_330' title='bbox 910 2939 1027 2983; x_wconf 88' lang='lat' dir='ltr'><strong>Don.</strong></span> <span class='ocrx_word' id='word_1_331' title='bbox 1054 2938 1402 2992; x_wconf 84' lang='lat' dir='ltr'><strong>obscurissima,</strong></span> <span class='ocrx_word' id='word_1_332' title='bbox 1428 2938 1520 2982; x_wconf 88' lang='lat' dir='ltr'><strong>nisi</strong></span> <span class='ocrx_word' id='word_1_333' title='bbox 1543 2938 1662 2983; x_wconf 82' lang='lat' dir='ltr'><strong>forte</strong></span> <span class='ocrx_word' id='word_1_334' title='bbox 1684 2939 1826 2984; x_wconf 86' lang='lat' dir='ltr'><strong>lorica</strong></span> 
     </span>
     <span class='ocr_line' id='line_1_39' title="bbox 135 2995 1407 3055; baseline 0.003 -17"><span class='ocrx_word' id='word_1_335' title='bbox 135 2995 252 3053; x_wconf 86' lang='lat' dir='ltr'><strong>legit</strong></span> <span class='ocrx_word' id='word_1_336' title='bbox 284 2999 331 3042; x_wconf 90' lang='lat' dir='ltr'><strong>et</strong></span> <span class='ocrx_word' id='word_1_337' title='bbox 362 2999 569 3043; x_wconf 83' lang='lat' dir='ltr'><strong>lorica—</strong></span> <span class='ocrx_word' id='word_1_338' title='bbox 588 2999 766 3055; x_wconf 74' lang='lat' dir='ltr'><strong>inpedit</strong></span> <span class='ocrx_word' id='word_1_339' title='bbox 794 3011 878 3054; x_wconf 92' lang='lat' dir='ltr'><strong>pro</strong></span> <span class='ocrx_word' id='word_1_340' title='bbox 910 2998 1180 3054; x_wconf 84' lang='lat' dir='ltr'><strong>parenthesi</strong></span> <span class='ocrx_word' id='word_1_341' title='bbox 1213 2998 1407 3053; x_wconf 86' lang='lat' dir='ltr'><strong>accepit.</strong></span> 
     </span>
    </p>
   </div>
   <div class='ocr_carea' id='block_1_9' title="bbox 134 2551 489 2556">
    <p class='ocr_par' dir='ltr' id='par_1_11' title="bbox 134 2551 489 2556">
     <span class='ocr_line' id='line_1_40' title="bbox 134 2551 489 2556; baseline 0 0"><span class='ocrx_word' id='word_1_342' title='bbox 134 2551 489 2556; x_wconf 95' lang='lat' dir='ltr'><strong> </strong></span> 
     </span>
    </p>
   </div>
   <div class='ocr_carea' id='block_1_10' title="bbox 133 2028 1932 2088">
    <p class='ocr_par' dir='ltr' id='par_1_12' title="bbox 133 2028 1932 2088">
     <span class='ocr_line' id='line_1_41' title="bbox 133 2028 1932 2088; baseline 0.002 -13"><span class='ocrx_word' id='word_1_343' title='bbox 133 2029 370 2077; x_wconf 84' lang='lat' dir='ltr'><strong>victurus.</strong></span> <span class='ocrx_word' id='word_1_344' title='bbox 441 2029 708 2088; x_wconf 85' lang='lat' dir='ltr'><strong>Tarquitus</strong></span> <span class='ocrx_word' id='word_1_345' title='bbox 749 2028 973 2076; x_wconf 78' lang='lat' dir='ltr'><strong>exultans</strong></span> <span class='ocrx_word' id='word_1_346' title='bbox 1004 2031 1172 2076; x_wconf 86' lang='lat' dir='ltr'><strong>contra</strong></span> <span class='ocrx_word' id='word_1_347' title='bbox 1201 2028 1498 2088; x_wconf 78' lang='lat' dir='ltr'><strong>fulqentibus</strong></span> <span class='ocrx_word' id='word_1_348' title='bbox 1529 2029 1707 2085; x_wconf 84' lang='lat' dir='ltr'><strong>armis,</strong></span> <span class='ocrx_word' id='word_1_349' title='bbox 1747 2030 1830 2077; x_wconf 80' lang='lat' dir='ltr'><strong>sil·</strong></span> <span class='ocrx_word' id='word_1_350' title='bbox 1847 2038 1932 2079; x_wconf 85' lang='grc'><strong>550</strong></span> 
     </span>
    </p>
   </div>
  </div>
 </body>
</html>
