2050 3226
235 148 343 202 478
710 145 944 191 DONATI
973 147 1254 191 INTERPR.
1279 147 1458 192 VERG.

233 287 407 350 magni
443 285 602 349 patris
634 286 922 335 inrisionem
952 286 1149 335 induxit
1181 286 1458 349 obliquam,
1498 287 1641 350 quasi
1671 287 1715 350 si
1744 287 1928 337 diceret

235 361 398 423 qualis
436 364 580 424 pater
619 359 698 422 es,
732 361 820 424 qui
857 377 956 409 non
987 362 1117 409 recte
1150 361 1366 409 consulis
1396 361 1528 410 filiae
1558 361 1709 410 tuae?
1755 362 1925 424 qualis

232 436 397 497 pater,
430 435 511 483 eui
541 451 744 484 suasum
775 436 850 483 est
880 434 1027 482 facile
1058 436 1118 482 ut
1141 435 1324 483 omissa
1348 434 1603 484 adfinitate
1629 435 1750 485 civis
1778 437 1926 498 nudo,

231 508 517 573 peregrine,
555 509 799 573 naufrago
829 509 983 556 filiam
1021 511 1162 556 tuam
1201 509 1316 557 dare
1354 509 1594 558 festines?
1654 511 1698 558 si
1735 511 1927 558 nullam

231 585 411 631 nostris
447 584 581 632 ultra
626 597 759 643 spem
797 583 945 642 ponis
982 583 1035 630 in
1084 584 1258 640 armiS,
1308 583 1354 630 si
1391 586 1488 631 tam
1538 585 1711 632 deserti
1756 599 1927 632 sumus
1980 596 2001 630 5

233 661 276 705 et
312 657 456 705 semel
494 658 686 718 aymiue
722 670 859 704 verso
897 657 1124 716 funditus
1169 658 1430 706 occidimus
1466 671 1617 717 neque
1654 658 1796 706 habet
1826 659 1928 718 for-

231 734 354 779 tuna
402 745 696 791 reyresswm:
747 731 986 792 quattuor
1033 730 1202 793 posuit
1251 746 1362 779 cum
1410 732 1653 781 varietate
1702 732 1926 794 mirifica,

173 818 177 821 ’
233 820 358 867 quae
396 807 564 853 tamen
603 804 773 853 Latini
819 805 868 852 et
914 806 1188 853 ceterorum
1235 805 1629 868 desperationem
1675 805 1926 855 destruere

229 880 521 941 potuissent.
577 878 634 940 si,
664 879 843 942 inquit,
869 880 1019 927 armis
1051 878 1235 928 nostris
1267 895 1377 942 spes
1408 881 1548 928 nulla
1572 882 1661 942 est,
1692 880 1735 929 si
1759 881 1926 928 omnia

229 968 319 1002 nos
359 953 575 1001 secunda
613 953 850 1001 deficiunt
896 955 946 1001 et
996 953 1066 1002 sic
1113 953 1435 1016 concidimus,
1480 956 1540 1003 ut
1578 954 1814 1019 surgendi
1852 955 1926 1003 fa-
1958 967 2000 999 1⁰

230 1028 391 1075 cultas
437 1028 647 1076 ulterius
695 1043 795 1075 non
841 1026 929 1089 sit,
985 1029 1034 1076 et
1083 1028 1287 1076 fortuna
1336 1030 1507 1076 nostra
1554 1028 1624 1077 sic
1671 1029 1817 1090 abiit,
1866 1031 1926 1077 ut

228 1116 445 1149 remeare
490 1117 591 1149 non
637 1102 798 1164 possit
851 1103 941 1149 aut
992 1102 1144 1163 nolit,
1189 1116 1380 1150 oremus
1417 1116 1590 1162 pacem
1642 1106 1685 1150 et
1729 1103 1925 1151 dextras

228 1176 483 1224 tendamus
521 1173 713 1232 inertie,
755 1191 950 1224 oremus
982 1177 1244 1239 indignum
1276 1177 1326 1223 et
1358 1176 1594 1239 depositis
1636 1177 1783 1225 armis
1818 1178 1924 1224 ten-

229 1250 404 1299 damus
435 1265 619 1299 vacuas
657 1265 851 1298 manus.
912 1251 1033 1298 haec
1070 1267 1170 1299 non
1209 1251 1279 1299 sic
1308 1252 1651 1314 prosequitur,
1689 1253 1750 1299 ut
1785 1250 1924 1312 fiant,

228 1324 311 1372 sed
351 1326 410 1372 ut
455 1321 686 1372 ostendat
731 1324 926 1372 consilii
971 1325 1108 1372 illius
1161 1326 1305 1388 quasi
1350 1326 1561 1373 inertem
1599 1325 1751 1374 fuisse
1796 1326 1924 1373 trac·
1956 1337 1998 1370 ιε

226 1400 405 1447 tatum.
467 1397 693 1460 disputat
732 1398 916 1460 quippe
954 1398 1166 1460 repetito
1211 1399 1478 1447 certamine
1518 1399 1742 1462 superari
1778 1415 1923 1461 posse

228 1473 491 1521 contraria.
542 1489 642 1521 non
674 1474 758 1534 sic,
788 1472 968 1534 inquit,
1000 1475 1282 1536 pugnatum
1313 1475 1402 1535 est,
1433 1475 1493 1521 ut
1523 1474 1732 1522 defectio
1757 1474 1922 1537 gravis

226 1545 455 1595 videatur
486 1547 729 1608 extitisse,
767 1561 857 1594 nec
889 1549 959 1595 sic
991 1547 1208 1595 concidit
1238 1547 1570 1596 dimicationis
1603 1549 1828 1609 eventus,
1864 1550 1924 1595 ut

227 1620 404 1669 debeat
441 1622 650 1684 urgente
683 1620 1026 1683 desperatione
1062 1621 1327 1669 succumbi.
1373 1620 1548 1684 'potest
1577 1622 1759 1670 iterum
1789 1620 1921 1669 unde

227 1694 353 1743 abiit
402 1695 522 1743 felix
570 1694 731 1743 redire
780 1695 996 1744 fortuna.
1082 1695 1320 1743 orandam
1368 1695 1600 1744 videlicet
1648 1710 1822 1758 pacem
1873 1697 1923 1743 et
1953 1709 2022 1740 2⁰2·-

225 1768 399 1817 inertis
455 1769 681 1817 dexteras
736 1784 839 1817 esse
890 1769 1162 1817 tendendas
1215 1768 1427 1818 ironicos
1482 1769 1723 1832 positum,
1778 1769 1923 1831 quasi

225 1859 397 1891 revera
437 1843 624 1891 oranda
663 1845 792 1892 esset
821 1859 919 1905 pax
958 1846 1007 1892 et
1039 1844 1311 1891 addicenda
1342 1844 1420 1891 his
1453 1843 1715 1907 generibus
1747 1844 1921 1905 virtus,

225 1919 284 1965 ut
322 1933 449 1979 quae
479 1917 532 1964 in
563 1917 721 1966 hostis
751 1918 979 1981 iugulum
1010 1919 1231 1966 armatae
1266 1917 1403 1965 tendi
1434 1917 1708 1966 debuerant
1737 1918 1922 1966 inertes

123 1995 208 2034 415
228 1991 292 2039 ad
329 2007 498 2039 eorum
537 2008 700 2055 genua
739 1991 967 2040 dexterae
1005 1994 1326 2040 verterentur.
1382 2007 1678 2052 quamquam
1715 2006 1741 2040 o
1773 1992 1817 2040 si
1846 2006 1920 2039 80-

227 2065 339 2113 litae
378 2066 632 2124 quiequam
670 2067 863 2114 virtutis
901 2066 1114 2114 adesset!
1161 2066 1242 2113 ille
1286 2066 1406 2113 mihi
1451 2070 1563 2114 aute
1608 2067 1731 2114 alios
1767 2067 1919 2125 fortu-
1952 2079 1999 2112 95ι

225 2142 464 2198 natusque
495 2139 716 2187 taborum
741 2141 1047 2202 eyreyiusque
1072 2141 1228 2188 animi
1251 2141 1352 2200 qui,
1386 2155 1446 2188 ue
1470 2140 1587 2199 quid
1609 2140 1704 2188 tale
1725 2140 1918 2196 videret,

221 2213 478 2273 procubuit
529 2215 740 2261 morieris
790 2218 832 2261 et
879 2215 1080 2262 humum
1132 2214 1277 2262 semel
1321 2228 1402 2262 ore
1445 2214 1723 2262 momordit:
1771 2213 1921 2260 multi

225 2289 390 2335 totum
427 2288 662 2350 iungunt,
703 2290 753 2335 et
792 2289 924 2350 quod
957 2289 1255 2352 generaliter
1286 2289 1483 2350 optavit
1513 2291 1563 2336 et
1594 2288 1726 2350 quod
1757 2287 1920 2350 coepit

226 2362 422 2425 signare
461 2377 550 2423 per
588 2362 795 2424 species:
846 2363 978 2423 quod
1015 2362 1123 2410 fieri
1163 2362 1393 2410 dictionis
1431 2363 1614 2410 natura
1652 2377 1750 2409 non
1788 2362 1916 2424 pati-

347 2493 369 2531 1
403 2489 444 2532 si
475 2501 563 2531 om.
590 2487 661 2531 ed.
785 2492 809 2530 2
850 2489 1005 2543 quales
1036 2488 1090 2532 V.
1139 2488 1143 2546 1
1194 2490 1397 2534 eonsules
1431 2487 1485 2532 V.
1608 2492 1633 2531 3
1675 2484 1841 2532 omissa
1877 2486 1918 2529 V

224 2548 364 2590 missa
388 2546 460 2590 ed.
547 2551 600 2589 11
633 2546 779 2590 habiit
801 2545 855 2590 V.
945 2551 997 2590 13
1030 2548 1195 2592 inertes
1227 2547 1363 2605 (infra
1387 2548 1560 2603 inertis)
1585 2547 1640 2591 V.
1726 2550 1779 2589 15
1812 2559 1916 2591 cori-

225 2606 323 2650 cilii
346 2604 387 2647 V
412 2606 482 2649 ed.
535 2605 539 2663 Ι
589 2607 776 2650 inertem
804 2606 965 2660 suisset
994 2607 1219 2660 factatum
1242 2606 1285 2650 V
1315 2608 1437 2651 iners
1465 2607 1607 2661 fuisse
1637 2606 1810 2660 factum
1843 2605 1913 2648 ed.

228 2669 281 2707 18
314 2670 556 2710 conventus
578 2663 621 2708 V
645 2664 716 2708 ed.
825 2668 879 2706 19
913 2666 1146 2709 exebiatur
1174 2672 1302 2723 yeme
1323 2666 1367 2710 V
1397 2666 1601 2710 exhibeat
1629 2669 1811 2721 uryeute
1842 2664 1913 2707 ed.

226 2725 378 2780 eoeiyat
414 2738 459 2767 u.
501 2724 572 2768 ed.
611 2725 731 2779 post.
764 2723 922 2768 debeat
958 2738 1002 2767 u.
1044 2738 1139 2768 nos,
1263 2730 1319 2768 20
1361 2725 1536 2769 eredere
1569 2723 1612 2767 V
1653 2723 1799 2768 redire
1841 2723 1913 2766 ed.

227 2787 280 2826 21
324 2784 514 2828 inermes
556 2783 626 2826 ed.
675 2783 679 2842 Ι
728 2783 954 2827 hironicos
991 2782 1044 2826 V.
1169 2788 1223 2826 22
1263 2784 1520 2828 addicenda
1559 2782 1633 2840 (cf.
1671 2786 1711 2836 9,
1737 2783 1839 2837 599)
1871 2781 1914 2824 V

225 2842 489 2897 adjicienda
520 2843 592 2886 ed.
640 2842 644 2899 fl
693 2842 765 2886 his
793 2842 1030 2899 generibus
1053 2841 1094 2885 V
1125 2844 1307 2899 iynavis
1334 2843 1542 2900 yentibus
1573 2841 1687 2886 edF.
1782 2845 1836 2883 23
1873 2846 1916 2885 et

225 2900 267 2943 V
303 2900 373 2944 ed.
417 2907 468 2945 ut
510 2915 593 2945 nos
635 2902 828 2957 propter
867 2901 939 2944 his
979 2903 1215 2957 ⁸uerter-ibus
1261 2904 1309 2946 et
1348 2903 1540 2957 propter
1580 2905 1866 2946 verterentur.
1904 2900 1908 2958 Ι

225 2961 415 3004 inermes
447 2960 516 3005 ed.
1564 2961 1569 2980 ³
