2050 3226
45 992 88 1042 {0

46 1362 87 1395 15

774 168 1079 217 AENEIDos
1110 169 1152 212 x
1704 171 1813 227 365

120 310 322 367 arsisse,
359 309 498 358 Iovis
535 323 643 358 eum
673 309 888 369 fulmina
919 311 1087 358 eontra
1124 312 1190 357 tot
1216 309 1430 370 paribus
1467 312 1695 370 streperet
1731 310 1814 359 eli-

111 385 243 444 peiS,
274 387 340 432 tot
367 384 621 445 strinyeret
650 397 809 432 enses:
846 399 1034 432 morem
1063 398 1213 432 suum
1239 382 1392 432 etiam
1413 383 1508 432 hoe
1531 384 1640 432 loco
1664 386 1815 447 poeta

118 458 354 520 servavit,
404 460 464 507 ut
502 457 635 521 quod
678 457 968 506 incredibile
1005 457 1170 507 fuerat
1213 459 1264 506 et
1300 457 1586 506 fabulosum
1624 473 1723 506 non
1762 474 1813 506 se

117 532 362 594 proferret
384 534 600 582 auctore.
654 532 836 594 qualis,
858 532 1040 595 inquit,
1061 531 1298 596 Aegaeon
1329 531 1480 581 fuisse
1511 531 1814 594 perhibetur,

119 621 266 668 quem
311 605 486 654 dicunt
534 607 732 656 centum
770 606 975 655 brachia
1010 605 1244 655 habuisse
1291 609 1341 655 et
1377 605 1589 656 totidem
1636 621 1813 655 manus

118 675 345 746 (brachia
375 682 427 729 et
462 695 641 729 manus
678 695 778 728 non
815 697 972 728 unum
1003 682 1155 743 atque
1184 680 1318 728 idem
1350 681 1658 744 significant3
1697 697 1815 729 nam

116 753 321 803 brachia
350 755 461 803 vult
491 770 595 804 esse
627 754 690 804 ab
727 755 911 803 umeris
935 770 1095 818 usque
1133 754 1198 803 ad
1229 770 1340 803 eam
1368 757 1563 819 partem
1602 771 1729 818 quae
1760 756 1814 802 in

117 827 302 892 digitos
342 828 608 891 dividitur,
652 844 829 878 manus
876 845 993 878 vero
1033 829 1218 894 digitos
1257 824 1439 894 ipsos),
1487 845 1576 878 ora
1615 845 1812 892 quoque

118 902 508 968 quinquaginta,
560 903 787 952 omnibus
833 903 1041 952 solitum
1084 903 1316 952 incendia
1359 904 1581 966 mittere,
1636 904 1813 952 arsisse

118 978 285 1025 autem
313 978 681 1042 quinquaginta
710 977 994 1041 pectoribus
1025 977 1160 1029 Iovis
1191 977 1456 1040 incendiis,
1495 994 1607 1026 cum
1639 979 1814 1027 contra

118 1051 435 1100 contenderet
480 1052 848 1116 quinquaginta
893 1052 1076 1116 gladiis
1132 1054 1182 1100 et
1227 1053 1381 1102 scutis
1429 1051 1811 1117 quinquaginta.

118 1124 291 1174 dicunt
329 1126 394 1174 ad
424 1127 592 1174 omnia
629 1127 868 1190 pertinet,
905 1125 1112 1189 proinde
1144 1141 1243 1174 non
1282 1127 1433 1174 semel
1472 1125 1814 1189 accipiendum

118 1202 214 1261 est,
244 1201 304 1248 ut
335 1200 421 1250 sit:
451 1199 686 1264 Aegaeon
712 1199 899 1263 qualis,
922 1202 1124 1249 centum
1154 1201 1237 1249 cui
1265 1200 1469 1249 brachia
1500 1200 1674 1249 dicunt
1705 1216 1813 1248 cen-

116 1276 358 1337 tenasque
396 1290 573 1323 manus
607 1275 797 1336 dicunt,
838 1274 1207 1339 quinquaginta
1237 1274 1405 1323 oribus
1436 1274 1604 1339 ignem
1643 1275 1815 1323 dicunt
1844 1296 1846 1301 ·

118 1348 498 1411 pectoribusque
556 1350 734 1398 arsisse
781 1348 975 1411 dicunt,
1020 1351 1100 1398 tot
1144 1349 1348 1411 paribus
1398 1349 1569 1412 clipeis
1610 1348 1812 1413 gladiis-

119 1438 213 1484 que
259 1423 432 1471 contra
472 1422 606 1472 Iovis
653 1423 865 1472 fulmina
904 1425 1117 1472 certasse
1149 1422 1333 1471 dicunt.
1388 1424 1460 1472 sie
1495 1426 1588 1471 toto
1617 1422 1814 1471 Aeneas

117 1496 330 1545 desaevit
357 1497 413 1544 iu
447 1511 651 1558 aequore
679 1498 850 1554 vietor,
878 1501 934 1545 ut
961 1498 1106 1546 semel
1136 1498 1341 1558 intepuit
1361 1512 1527 1546 mucro
1536 1515 1552 1545 .·
1583 1498 1814 1560 conpleta
1830 1503 1916 1542 570

118 1574 194 1620 est
230 1570 472 1634 parabola
501 1587 590 1634 per
613 1571 811 1620 Aeneae
848 1587 1135 1634 personam,
1175 1572 1293 1620 dum
1325 1571 1447 1620 dicit
1494 1588 1607 1620 eum
1652 1572 1723 1620 sic
1759 1571 1813 1618 in

116 1645 284 1694 hostes
316 1646 530 1694 saevisse
554 1661 643 1709 per
673 1661 873 1710 campos
905 1648 956 1694 et
983 1645 1037 1694 in
1064 1648 1209 1694 tanta
1237 1645 1559 1694 multitudine
1591 1644 1812 1694 extitisse

117 1720 378 1782 victorem,
411 1721 558 1782 quasi
585 1719 840 1769 habuisset
870 1722 1069 1768 centum
1093 1720 1295 1768 brachia
1322 1722 1372 1769 et
1397 1735 1576 1769 manus
1601 1721 1813 1781 centum,

119 1792 313 1856 gladios
354 1793 721 1858 quinquaginta
752 1796 803 1843 et
839 1796 981 1843 scuta
1016 1796 1382 1859 quinquaginta
1422 1796 1473 1843 et
1504 1780 1675 1858 ignem
1716 1809 1813 1856 quo

121 1869 323 1916 cunctos
369 1867 673 1931 incenderet3
711 1870 911 1917 tantum
950 1871 1116 1917 autem
1155 1884 1413 1917 caesorum
1453 1868 1676 1917 adseruit
1721 1885 1812 1916 nu·

46 1966 49 1996 ,ι
119 1957 308 1989 merum
332 1941 585 2004 cecidisse,
622 1945 681 1991 ut
707 1943 903 2007 gladius
936 1944 1042 1992 eius
1073 1943 1331 2007 sanguinis
1363 1943 1524 1991 calore
1556 1943 1812 2006 tepuisset.

44 2019 47 2071 ’ς
120 2015 238 2076 quin
276 2029 376 2064 eece
406 2017 621 2077 Niphaei
654 2018 961 2078 quadriiuyis
990 2018 1045 2065 iu
1076 2031 1218 2078 equos
1257 2018 1557 2078 adversaque
1588 2017 1814 2066 bracchia

120 2090 293 2137 tendit:
331 2090 383 2137 in
415 2106 567 2152 equos
598 2090 815 2153 Niphaei
845 2091 1055 2140 adversa
1084 2090 1245 2140 tendit
1272 2091 1497 2153 brachia,
1537 2092 1725 2140 scilicet
1755 2092 1814 2138 ut

118 2164 252 2212 hunc
289 2179 403 2213 cum
442 2165 579 2226 equis
620 2165 888 2228 adpeteret.
966 2169 1106 2226 atque
1143 2165 1218 2213 illi
1256 2165 1391 2227 louye
1426 2166 1726 2227 yradieutem
1773 2168 1815 2212 et

119 2237 232 2286 dira
261 2240 540 2298 frementem
570 2242 625 2286 ut
651 2239 834 2296 videre,
869 2243 999 2287 metu
1026 2240 1155 2288 versi
1187 2243 1404 2302 retroque
1436 2243 1629 2288 ruentes
1660 2241 1813 2299 effun-

120 2311 330 2373 duntque
368 2313 537 2361 ducem
573 2313 866 2374 rapiuntque
912 2314 979 2362 ad
1024 2314 1168 2362 litora
1205 2328 1404 2365 currus:
1450 2315 1587 2376 equi,
1632 2312 1812 2375 inquit,

119 2387 178 2434 ut
210 2385 414 2435 Aenean
453 2387 687 2436 viderunt
724 2387 794 2435 sic
831 2387 1143 2450 frementem,
1180 2389 1237 2436 ut
1275 2387 1402 2436 nihil
1439 2389 1486 2436 ei
1523 2389 1691 2450 posset
1729 2386 1810 2434 ob—

122 2461 277 2522 stare,
325 2462 550 2524 quamvis
598 2463 761 2510 essent
804 2463 947 2510 muta
978 2461 1236 2524 animalia,
1275 2462 1422 2526 longe
1461 2462 1813 2510 intellexerunt

240 2635 266 2674 3
298 2632 416 2687 quod
438 2631 524 2675 VR
561 2633 660 2676 eius
690 2632 809 2687 quod
846 2631 918 2676 ed.
1039 2638 1067 2677 4
1105 2638 1331 2679 auctorem
1367 2633 1438 2676 ed.
1487 2633 1492 2690 Ι
1542 2645 1682 2676 αεεοπ
1711 2630 1808 2674 VR.

122 2694 147 2732 6
191 2695 325 2746 atque
365 2691 484 2735 idem
518 2690 604 2734 VR
644 2691 848 2746 idemque
889 2691 961 2736 ed.
1095 2697 1120 2736 '7
1162 2693 1360 2738 humeris
1394 2691 1479 2734 VR
1521 2690 1811 2747 (plerumque

120 2751 295 2805 umeri).
418 2754 443 2793 9
483 2750 691 2794 omuibus
722 2749 806 2793 VR
844 2764 900 2794 ae
932 2764 988 2795 ex
1017 2764 1055 2796 ο.
1090 2752 1161 2795 ed.
1286 2756 1339 2795 12
1380 2751 1540 2795 dieunt
1570 2749 1654 2792 VR
1692 2749 1811 2806 quod

121 2807 242 2852 dixit
283 2822 387 2852 cum
428 2823 572 2864 prava
614 2809 915 2853 distinctione
958 2810 1029 2854 ed.
1162 2814 1215 2854 13
1255 2824 1356 2854 cum
1390 2809 1476 2852 VR
1518 2811 1676 2865 (supra
1717 2810 1809 2864 eui)

122 2868 197 2910 eui
226 2883 262 2911 r.
355 2871 409 2910 15
442 2873 506 2912 tot
528 2867 613 2912 VR
643 2874 775 2924 atque
805 2873 835 2913 t.
869 2869 941 2913 ed.
1035 2873 1090 2913 18
1115 2870 1350 2926 pao-abula
1373 2868 1458 2911 VR
1490 2869 1559 2923 (ut
1590 2867 1770 2923 solent).
1801 2871 1804 2919 1

39 2949 46 2953 -
122 2939 263 2970 aenea
285 2925 340 2970 V.
433 2931 490 2970 24
521 2927 707 2972 brachia
730 2927 814 2971 VR
845 2928 916 2972 ed.
944 2934 1130 2985 pectora
1152 2928 1291 2984 Verg.
1316 2927 1445 2981 libri,
1472 2941 1554 2983 que
1578 2926 1809 2982 quomodo

122 2982 238 3029 Don.
272 2985 473 3041 explicet
504 2985 748 3030 obscurum
783 2988 865 3032 est.
989 2992 1045 3031 26
1077 2993 1118 3032 et
1149 2988 1255 3032 dira
1279 2986 1363 3030 VR
1394 2992 1436 3031 et
1466 3000 1553 3030 om.
1581 2986 1653 3030 ed.
