2050 3226
0 998 72 1045 ⁴10

743 189 1049 236 Annssmos
1072 189 1159 235 vn
1730 194 1802 248 33

104 331 305 380 fuerant
330 330 555 394 petituri,
585 333 753 380 tamen
775 329 1175 393 respondendum
1198 328 1427 379 omnibus
1451 329 1564 380 fuit.
1617 330 1803 381 idcirco

103 404 322 454 Ilioneus
374 405 497 454 haec
542 407 658 468 post
707 403 881 454 Latini
925 403 1062 453 dicta
1105 406 1396 467 prosecutus
1443 406 1519 453 est
1565 406 1637 467 et,
1684 407 1804 468 quia

103 478 464 542 principiorum
512 478 822 528 sollemnitas
874 494 976 527 non
1030 477 1153 527 adeo
1206 479 1487 527 necessaria
1538 478 1807 528 videbatur

103 554 155 602 in
193 569 253 602 ea
290 568 441 602 causa
477 554 532 601 in
570 569 671 616 qua
707 553 920 602 Latinus
958 553 1067 615 ipse
1097 552 1386 602 benivolum
1415 568 1466 601 se
1498 553 1803 602 demonstra·

102 630 246 676 verat
285 629 336 676 et
364 627 477 690 plus
511 643 663 690 quam
693 627 858 691 optari
887 628 1134 690 potuisset
1162 627 1267 674 iam
1297 628 1474 690 sponte
1509 628 1804 690 contulerat,

102 704 270 750 tamen
308 717 409 750 non
446 702 719 751 intermisit
755 701 1116 765 principiorum
1159 701 1375 749 formam
1412 716 1502 750 nec
1538 701 1593 750 in
1637 703 1805 750 totum

102 778 392 839 prosecutus
447 777 536 825 est.
621 776 695 824 ait
746 777 879 824 enim
934 789 1041 832 rex,
1101 788 1256 836 yenus
1310 776 1553 836 eyreyium
1603 776 1777 824 Fauni
1786 793 1805 835 ,-

100 851 196 898 hoc
233 852 309 899 est
346 850 478 898 enim
517 849 830 913 principium.
909 850 1042 912 quod
1073 851 1150 898 est
1178 849 1540 910 brevissimum,
1578 851 1623 899 si
1651 850 1804 900 verba

102 923 499 986 considerentur,
539 925 584 973 si
620 940 739 973 vero
771 924 1034 973 brevitatis
1073 923 1231 986 ipsius
1262 924 1574 972 intellectum
1605 925 1805 987 placeat

102 998 434 1060 considerare,
502 998 810 1047 inveniemus
868 999 970 1046 late
1026 997 1275 1047 diffusum.
1365 1014 1454 1046 rex
1512 998 1709 1061 inquit:
1772 1014 1803 1047 a

22 1075 28 1081 “
100 1073 306 1121 fortuna
342 1075 547 1135 sumpta
577 1073 826 1135 laudati03
865 1072 989 1135 quid
1020 1073 1152 1120 enim
1182 1071 1377 1121 felicius
1417 1088 1475 1120 eo
1516 1073 1604 1136 qui
1633 1075 1804 1122 teneat

26 1381 70 1415 15

100 1163 330 1211 regnum,
380 1149 470 1210 qui
519 1148 729 1210 populos
781 1152 948 1211 regat,
1003 1146 1091 1209 qui
1139 1145 1323 1196 condat
1359 1147 1517 1211 legeS,
1565 1148 1620 1195 in
1659 1148 1801 1196 cuius

100 1221 446 1270 incolumitate
507 1222 842 1270 constituatur
904 1221 1127 1270 omnium
1187 1221 1345 1282 salus,
1414 1222 1501 1284 qui
1559 1220 1804 1271 redundet

101 1295 292 1344 divitiis
332 1297 384 1343 et
422 1295 511 1358 qui
549 1295 709 1345 omnis
746 1297 931 1344 honore
972 1297 1125 1358 atque
1165 1294 1462 1344 auctoritate
1496 1295 1802 1357 praecellat?

99 1385 256 1433 genus
310 1370 589 1433 egregium:
641 1370 754 1432 plus
807 1370 973 1418 voluit
1028 1384 1134 1418 esse
1186 1369 1406 1418 nobilem
1458 1370 1598 1418 nasci
1651 1385 1803 1432 quam

98 1443 220 1491 fieri.
295 1443 460 1492 Fauni
503 1444 691 1507 inquit:
738 1443 891 1508 elegit
935 1460 1092 1492 unum
1131 1443 1191 1492 de
1235 1443 1464 1492 omnibus
1504 1442 1677 1492 Latini
1714 1461 1801 1507 pa-

98 1517 258 1566 tribus
297 1519 434 1566 cuius
473 1533 651 1567 nomen
688 1518 928 1566 insereret
965 1517 1126 1579 laudi,
1163 1517 1282 1566 licet
1310 1517 1614 1567 nominando
1645 1535 1802 1583 genus

11 1598 14 1601 ’
99 1593 356 1655 egregium
410 1593 569 1640 omnis
624 1592 730 1642 eius
784 1591 1011 1657 tetigerit
1069 1594 1202 1641 retro
1262 1592 1474 1641 maiores
1535 1593 1801 1656 ipsumque

98 1666 328 1714 Faunum
361 1668 449 1730 qui
478 1667 580 1715 fuit
610 1683 668 1715 ex
698 1667 836 1729 ipsis,
898 1666 1110 1715 forsitan
1135 1668 1407 1730 quaeratur
1427 1666 1558 1714 unde
1582 1666 1800 1716 Ilioneus

98 1755 264 1790 recens
305 1741 369 1789 ad
406 1740 610 1789 Italiam
659 1757 816 1805 genus
863 1740 1035 1789 Latini
1071 1744 1179 1789 tam
1225 1740 1324 1789 cito
1370 1756 1514 1790 nosse
1561 1742 1799 1804 potuerit.

98 1814 381 1863 mirandum
437 1831 537 1864 non
601 1817 676 1864 est
727 1815 782 1864 id
835 1815 982 1864 facile
1042 1830 1187 1864 nosse
1239 1815 1461 1877 potuisse
1532 1816 1667 1878 quod
1724 1815 1798 1863 in-

99 1904 327 1952 gressuro
366 1888 571 1938 domum
606 1890 737 1954 regis
775 1889 829 1937 in
867 1890 977 1952 ipso
1017 1889 1264 1938 vestibulo
1304 1892 1502 1938 constat
1529 1889 1798 1954 ingestum.

8 1998 16 2043 Ξ
97 1962 277 2026 incipit
327 1963 430 2011 iam
482 1966 599 2026 post
642 1964 1003 2027 principiorum
1051 1964 1351 2012 brevitatem
1402 1965 1629 2026 quaesita
1682 1966 1798 2013 ante

0 2103 66 2195 ÷=⁶

98 2053 323 2111 narrare,
374 2037 460 2086 sed
508 2054 608 2086 non
659 2037 831 2087 eodem
877 2038 1049 2086 ordine
1100 2054 1199 2100 quo
1246 2040 1366 2087 sunt
1414 2039 1695 2101 proposita,
1745 2039 1799 2086 in

98 2127 196 2173 quo
238 2111 434 2159 nullum
484 2114 560 2160 est
607 2112 810 2174 vitium3
858 2111 912 2160 in
960 2113 1039 2161 his
1088 2113 1221 2161 enim
1264 2113 1359 2160 hoc
1410 2112 1692 2174 quaeritur,
1741 2114 1800 2160 ut

98 2185 328 2234 omnibus
378 2187 499 2234 tunc
551 2188 742 2250 rogatis
794 2189 1036 2235 occurrat.
1113 2201 1201 2234 nec
1244 2187 1471 2244 fluetibus
1518 2190 1648 2235 actos
1687 2190 1799 2235 atra

96 2260 282 2320 subeyit
318 2260 469 2307 hiems
507 2261 679 2308 vestris
717 2261 967 2308 succedere
999 2261 1141 2308 terris
1177 2274 1265 2308 nec
1294 2261 1435 2309 sidus
1466 2261 1659 2321 reqione
1688 2262 1799 2309 viae
1815 2269 1900 2308 215

99 2333 270 2381 litusve
307 2334 502 2394 fefellit:
551 2349 703 2396 quam
742 2336 841 2383 cito
880 2336 931 2383 et
978 2351 1129 2397 quam
1173 2334 1391 2384 breviter
1435 2336 1600 2383 totum
1649 2334 1796 2383 dixit!

96 2407 341 2456 venientis
381 2407 444 2456 ad
482 2409 557 2469 te,
602 2408 793 2471 inquit,
842 2424 932 2456 nec
979 2409 1054 2458 vis
1100 2409 1263 2457 maior
1306 2410 1663 2470 tempestatum
1710 2411 1798 2457 aut

38 2547 39 2550 Ἴ
96 2481 313 2544 impetus
351 2481 504 2531 maris
543 2483 729 2531 invitos
766 2483 957 2545 inpulit
994 2498 1084 2531 nec
1130 2498 1267 2531 error
1310 2482 1521 2531 induxit.
1598 2483 1795 2531 consilio

217 2655 242 2694 9
276 2652 532 2697 brevitatem
563 2654 711 2708 ipsius
740 2654 993 2698 intellectus
1030 2653 1101 2698 ed.
1228 2658 1282 2696 14
1317 2654 1464 2697 omnis
1494 2652 1537 2695 V
1567 2653 1692 2696 omni
1722 2651 1793 2696 ed.

100 2714 152 2753 15
183 2711 383 2754 nubilem
416 2710 469 2756 V.
576 2717 628 2755 17
661 2714 857 2757 inserere
886 2712 929 2756 V
961 2726 1076 2757 corr.
1109 2712 1180 2757 ed.
1287 2716 1342 2755 18
1375 2713 1600 2769 eyreyium
1631 2710 1674 2754 V
1703 2724 1796 2755 om·

95 2770 226 2814 nium
264 2770 370 2813 add.
403 2770 475 2814 ed.
577 2775 631 2814 19
665 2773 902 2827 quaeritwr
932 2771 1004 2816 ed.
1102 2775 1159 2815 20
1189 2785 1347 2829 regens
1376 2771 1440 2815 ad
1469 2770 1511 2813 V
1541 2783 1694 2815 recens
1723 2784 1795 2815 ve-

95 2829 227 2872 niens
257 2829 320 2872 ad
350 2829 421 2873 ed.
466 2829 472 2888 Ι
508 2833 710 2886 potuerit
740 2830 782 2874 V
813 2836 915 2875 -rat
946 2831 1017 2875 ed.
1111 2835 1166 2874 21
1199 2832 1458 2887 inyressuro
1489 2829 1530 2872 V
1561 2843 1690 2873 -sum
1721 2829 1793 2876 ed.

11 2889 29 2940 ’ξ
97 2900 173 2931 -so
211 2886 281 2930 ed.
314 2890 435 2943 post.
529 2893 584 2932 23
615 2890 711 2934 iam
742 2903 829 2933 om.
864 2890 935 2933 ed.
981 2891 985 2948 Ι
1032 2891 1209 2945 quaesit
1238 2894 1371 2934 tanta
1401 2888 1443 2930 V
1475 2889 1681 2944 quaesita
1720 2888 1791 2933 ed.

24 2976 26 2982 ,
97 2947 304 3000 quaesita
333 2952 440 2991 ante
469 2961 565 2990 nos.
690 2953 746 2992 24
776 2963 834 2992 ‘ne
865 2949 975 2993 adeo
1006 2948 1048 2992 V
1078 2962 1172 2993 non
1203 2962 1253 2992 eo
1285 2948 1356 2991 ed.
1389 2960 1483 2991 non
1514 2948 1664 2992 eodem
1694 2961 1791 2991 nos.

100 3007 153 3047 27
186 3005 321 3049 terris
348 3005 392 3049 V
422 3008 549 3050 tectis
580 3007 652 3050 ed.
775 3011 830 3050 29
864 3013 945 3052 aut
975 3007 1017 3050 V
1049 3021 1130 3052 nec
1161 3008 1232 3050 ed.

186 3093 284 3126 Don.
300 3093 458 3133 interpr.
470 3095 583 3136 Verg.
607 3096 682 3128 vol.
698 3096 749 3127 Π.
1498 3099 1523 3137 3
