2050 3226
267 208 376 262 580
741 205 972 250 DONATI
1003 205 1283 249 INTERPR.
1307 204 1485 250 VERG.

265 347 472 395 simulac
507 346 725 394 Iuturna
762 359 900 393 soror
945 345 1235 392 crebrescere
1283 344 1401 392 vidit
1443 359 1710 392 sermonem
1748 347 1792 392 et
1826 345 1960 406 vulqi
2012 383 2013 386 η

264 421 463 469 variare
515 420 736 468 labantia
785 418 956 466 corda:
1013 433 1123 466 ecce
1168 417 1481 480 oportunitas
1533 418 1805 480 arripiendi
1851 434 1960 481 per·
2040 439 2043 444 ·

265 495 559 556 ficiendique
578 493 796 554 consilii3
819 491 907 538 ubi
931 492 1063 539 enim
1078 491 1207 540 vidit
1222 492 1435 540 Iuturna
1457 491 1597 540 utilis
1614 509 1702 555 per
1717 493 1961 555 populum

265 584 355 631 pro
370 569 535 616 Turno
560 568 804 615 tractatus
827 565 1096 617 increscere
1121 568 1172 614 et
1194 566 1447 615 nonnullis
1472 566 1723 615 contraria
1746 567 1959 614 sentien-
1983 629 1991 633 ἢ
2039 621 2050 631 ,.

265 643 397 691 tibus
436 640 720 704 proturbari
758 655 884 702 quae
923 639 1181 688 commoda
1220 639 1395 688 ceteris
1433 655 1537 689 esse
1567 640 1868 724 potuissent,
1906 641 1961 688 in
2012 700 2013 705 ¹

163 729 248 768 225
264 717 451 765 ‘medias
489 716 617 763 acies
652 714 866 774 formam
900 714 1201 762 adsimulata
1226 711 1458 771 Camerti,
1498 715 1577 763 cui
1603 729 1757 775 yenus
1788 730 1821 762 a
1842 728 1960 774 pro-

266 791 373 839 avis
411 791 580 850 inqens
619 789 898 848 clarumque
927 791 1168 848 paternae
1205 802 1380 836 nornen
1417 791 1521 836 erat
1557 789 1751 837 virtutis
1784 792 1828 836 et
1855 788 1962 848 ipse

266 864 532 913 acerrimus
563 863 738 919 arnn'S,
770 863 826 910 in
854 862 1042 910 ‘medias
1073 863 1158 910 dat
1186 876 1289 910 sese
1312 863 1440 910 acies
1462 862 1583 910 haut
1603 863 1768 910 nescia
1796 877 1963 910 rerwm
2012 855 2014 859 ’

264 951 573 998 rumoresque
618 937 734 984 serit
777 936 943 984 varios
997 951 1055 984 ac
1101 936 1223 984 talia
1267 937 1429 996 fatur:
1484 952 1545 983 ne
1603 937 1996 996 sententiarum⁴

265 1012 527 1060 diversitas
575 1013 624 1059 et
668 1011 722 1058 in
767 1012 1034 1073 utramque
1079 1012 1275 1072 partem
1318 1010 1479 1058 facilis
1529 1009 1781 1060 mobilitas
1821 1011 1962 1074 vulgi

265 1088 438 1134 eontra
466 1086 690 1132 Turnum
719 1085 1103 1144 convalesceret,
1134 1099 1226 1132 usa
1256 1085 1331 1132 est
1360 1083 1570 1132 Iuturna
1602 1083 1807 1132 consilio
1839 1083 1961 1132 satis
2016 1143 2017 1146 Ἴ

264 1159 479 1222 tempori
519 1161 822 1219 necessario,
871 1159 1024 1207 vertit
1073 1174 1124 1206 se
1168 1158 1222 1205 in
1262 1156 1501 1206 Camertis
1552 1158 1766 1206 formam
1813 1160 1962 1206 notae
2016 1162 2018 1186 ³

266 1233 541 1282 nobilitatis
581 1233 642 1282 ab
685 1232 791 1281 avis
839 1235 890 1280 et
926 1233 1128 1296 proavis
1176 1248 1233 1280 ac
1277 1234 1410 1280 retro
1455 1231 1748 1294 maioribus,
1798 1232 1964 1281 ornati
2016 1263 2018 1295 5

266 1308 486 1370 paternis
519 1323 715 1370 quoque
754 1307 943 1355 meritis
983 1322 1040 1355 ac
1070 1307 1188 1354 suis.
1242 1305 1515 1355 necessarie
1545 1307 1735 1368 posuit3
1775 1305 1963 1354 frustra
1987 1306 2018 1371 3³

266 1385 385 1430 sunt
434 1383 565 1429 enim
615 1383 907 1429 ornamenta
956 1381 1147 1444 generis
1162 1418 1174 1442 ,
1229 1380 1272 1428 si
1324 1382 1527 1443 propria
1577 1381 1962 1443 uniuscuiusque

268 1455 527 1504 defuerint.
582 1471 696 1503 oum
735 1456 903 1503 autem
934 1470 1033 1502 non
1065 1454 1266 1515 desunt,
1303 1456 1412 1502 tum
1443 1455 1762 1502 cumulantur
1796 1455 1964 1502 omnia
2016 1463 2046 1496 ’ω

268 1532 317 1579 et
341 1546 391 1578 se
414 1530 627 1579 invicem
649 1531 824 1577 mutuo
848 1529 1020 1577 decore
1045 1529 1363 1591 perfundunt.
1402 1529 1494 1576 hoc
1525 1529 1623 1576 fuit
1652 1529 1705 1576 in
1737 1527 1982 1576 Camerte‘
2016 1534 2018 1570 ἶ

268 1607 317 1653 et
354 1604 465 1652 ideo
506 1604 611 1652 eius
657 1605 885 1666 suscepta
922 1619 1134 1665 persona
1181 1604 1280 1663 est,
1326 1604 1384 1650 ut
1422 1602 1675 1650 suadentis
1715 1613 1873 1650 sermo
1914 1604 1964 1650 et
2016 1611 2045 1629 '¹

268 1679 460 1743 generis
494 1677 842 1726 auctoritatem
865 1677 1139 1739 praeferret
1169 1678 1219 1724 et
1250 1692 1406 1724 suam.
1462 1677 1504 1724 si
1535 1676 1667 1723 enim
1698 1676 1759 1724 ab
1791 1675 2017 1736 inbelli-1
2047 1676 2050 1684 “

266 1753 553 1815 procederet
581 1752 863 1800 istiusmodi
891 1752 1163 1813 persuasio,
1194 1749 1439 1799 diceretur
1469 1750 1516 1797 ei
1545 1749 1599 1797 in
1625 1751 1718 1798 hoc
1741 1751 1961 1812 periculo
1985 1812 1990 1816 ἢ
2016 1801 2019 1812 λ
2043 1805 2045 1810 Α

269 1828 503 1888 quoniam
535 1842 633 1874 non
663 1826 814 1875 habes
845 1827 1054 1888 partem,
1085 1841 1184 1873 non
1207 1827 1348 1886 potes
1375 1823 1636 1872 consilium
1661 1823 1793 1871 dare.
1844 1839 1960 1887 ergo
2016 1818 2019 1877 ξ
2043 1848 2045 1868 ι

270 1900 390 1962 quia
429 1904 478 1949 et
516 1916 690 1964 genere
728 1899 907 1948 nobilis
947 1900 1047 1947 fuit
1085 1901 1134 1947 et
1181 1901 1438 1962 praestans
1477 1898 1583 1961 ipse
1622 1897 1830 1959 virtute,
1877 1897 1961 1946 ad·
2016 1890 2017 1954 f
2047 1907 2050 1911 ·

270 1977 470 2037 sumpta
509 1977 584 2022 est
620 1990 831 2037 persona
867 1974 983 2022 talis
1023 1973 1235 2022 hominis
1274 1973 1361 2035 qui
1400 1973 1545 2020 facile
1580 1974 1748 2034 posset
1786 1971 1962 2020 audiri.
2016 1974 2045 2031 ᾖ

167 2058 253 2098 230
269 2063 368 2095 non
406 2048 577 2107 pudet,
630 2063 656 2095 o
704 2048 896 2104 Rutuli,
938 2062 1031 2108 pro
1078 2048 1261 2095 cunctis
1307 2047 1486 2095 talibus
1530 2061 1685 2094 unam
1730 2047 1963 2094 obiectare
1989 2083 2009 2109 ‚¹2

270 2122 522 2170 animam?
559 2136 820 2170 numerone
852 2137 919 2170 an
948 2122 1136 2169 viribus
1167 2122 1309 2182 aequi
1340 2135 1438 2168 non
1467 2121 1670 2168 sumus?
1710 2134 1769 2167 en
1799 2133 1962 2168 omnes

271 2199 313 2243 et
337 2196 486 2243 Troes
510 2199 552 2243 et
573 2194 793 2244 Arcades
816 2197 867 2243 hv:
889 2199 1003 2243 sunt
1023 2196 1294 2255 fatalesque
1315 2209 1508 2250 manua
1532 2195 1730 2253 infensa
1752 2193 1963 2242 Etruria
2015 2212 2017 2259 j

274 2270 462 2326 Turne,
502 2270 584 2316 vix
622 2270 820 2326 hostem,
862 2270 1038 2318 alterni
1074 2271 1119 2318 si
1158 2269 1541 2330 conyrediamur,
1580 2268 1835 2316 habemus:
1884 2283 1962 2315 ex·
2015 2288 2017 2300 Δ

271 2343 489 2392 hortatio
522 2345 597 2391 est
628 2359 740 2390 eum
777 2344 991 2405 quadam
1019 2343 1379 2406 obiurgatione,
1410 2343 1463 2390 in
1488 2357 1587 2405 qua
1617 2340 1819 2389 modum
1850 2356 1961 2390 oon-

273 2419 452 2479 servat‚
474 2434 535 2465 ne
566 2417 831 2478 imperiosa
855 2417 974 2466 satis
1000 2420 1088 2465 aut
1112 2418 1233 2466 satis
1257 2417 1500 2464 iniuriosa
1522 2414 1749 2463 turbaret
1773 2415 1963 2463 animos
1990 2456 1998 2476 ,
2047 2444 2050 2446 -

274 2491 412 2555 vulgi
443 2493 492 2539 et
523 2491 655 2554 quod
686 2494 948 2552 coeperant
978 2492 1102 2540 velle
1135 2507 1233 2538 non
1261 2491 1493 2539 facerent.
1546 2490 1662 2537 licet
1693 2488 1823 2536 enim
1854 2504 1961 2550 per·
2007 2487 2010 2490 ’

393 2607 419 2645 2
451 2602 652 2646 labentia
674 2601 717 2644 V
742 2602 812 2645 ed.
846 2603 1007 2645 contra
1038 2604 1237 2646 metrum
1271 2603 1318 2645 et
1346 2602 1538 2656 interpr.
1571 2603 1633 2655 (p.
1660 2604 1759 2655 581,
1779 2604 1804 2642 6
1830 2600 1960 2655 sqq.).

275 2667 302 2704 4
338 2675 421 2716 pro
464 2667 599 2706 turno
634 2661 673 2704 V
711 2662 764 2705 in
807 2662 1011 2705 Turnum
1055 2662 1125 2705 ed.
1177 2661 1181 2719 Ι
1231 2662 1548 2705 increbrescere
1588 2659 1658 2703 ed.
1791 2662 1817 2701 5
1855 2673 1963 2714 per-

275 2722 453 2765 turbari
485 2721 556 2763 ed.
679 2724 703 2763 6
735 2721 919 2776 aprovis
946 2720 1000 2764 V.
1124 2725 1176 2763 11
1211 2721 1529 2764 convalisceret
1551 2718 1605 2762 V.
1729 2722 1783 2761 14
1813 2731 1963 2762 neces-

275 2781 426 2823 sariae
461 2779 501 2822 V
549 2781 643 2824 -rio
690 2779 761 2823 ed.
809 2781 905 2823 -rie
950 2792 1034 2821 nos
1082 2793 1142 2822 an
1183 2780 1430 2823 necessarie
1474 2779 1612 2822 haec?
1758 2782 1812 2819 16
1854 2782 1963 2821 tunc

274 2844 470 2882 utuntur
500 2838 541 2881 V
573 2839 643 2881 ed.
684 2844 780 2883 tum
817 2839 1112 2882 cumulantur
1150 2852 1246 2882 nos.
1299 2838 1302 2894 Ι
1361 2838 1516 2882 omnia
1546 2835 1587 2879 V
1625 2849 1663 2879 o.
1699 2836 1847 2892 yloria
1889 2835 1960 2879 ed.

278 2902 333 2940 20
365 2903 406 2941 et
432 2897 472 2940 V
498 2898 567 2940 ed.
602 2900 643 2942 ei
673 2911 768 2941 nos.
892 2901 945 2939 21
980 2899 1195 2952 quoniam
1218 2897 1261 2939 V
1291 2911 1392 2940 cum
1424 2896 1495 2940 ed
1617 2899 1673 2937 23
1699 2907 1898 2949 persona
1920 2892 1961 2935 V

277 2962 317 3000 et
342 2970 390 3011 p.
424 2956 494 3000 ed.
546 2957 551 3014 Ι
601 2958 681 3012 qui
704 2956 745 2999 V
776 2957 886 3012 quia
916 2955 986 2998 ed.
1110 2961 1164 2998 26
1196 2961 1237 2999 et
1267 2956 1373 3010 post
1410 2956 1544 2999 Troes
1574 2967 1661 2997 om.
1685 2952 1739 2997 V.
1787 2953 1791 3010 Ι
1841 2954 1890 2996 hi
1920 2951 1961 2994 V
2039 2977 2043 2981 ·

278 3017 349 3058 hic
381 3015 451 3058 ed.
574 3019 629 3058 29
661 3017 774 3060 satis
804 3017 911 3070 post
942 3020 1026 3059 aut
1055 3027 1142 3058 om.
1168 3014 1251 3058 ΗΟ
1278 3013 1348 3057 ed.
