2050 3226
117 606 138 639 5

97 976 140 1009 10

97 1346 141 1380 15

99 1718 144 1750 80

102 2088 146 2120 25

106 2458 149 2490 30

812 155 1116 210 AENELDOS
1146 154 1210 200 XI
1748 159 1858 215 413

167 298 446 361 triumphos
500 312 637 346 meos
691 312 883 346 mecum
936 311 1036 348 non
1088 296 1303 359 potuisti
1356 295 1570 359 partiri?
1641 298 1683 344 si
1735 297 1860 349 mihi

168 373 370 423 fortuna
422 370 659 434 portabat
711 370 969 420 dimicanti
1025 369 1341 434 suffragium,
1403 386 1493 419 cur
1551 373 1710 419 morte
1770 374 1861 420 tua

168 445 405 495 foedabat
448 445 623 498 titulos
673 444 843 495 meos?
905 460 992 494 cur
1041 443 1433 508 gratulationem
1482 446 1678 494 tantam
1727 461 1860 498 rum·

168 520 320 584 pebat
356 519 571 568 luctibus
610 517 747 568 tuis?
809 518 969 568 amica
1006 518 1126 580 fuit,
1170 519 1230 568 ut
1268 517 1574 571 successibus
1612 517 1735 567 meis
1776 534 1860 580 op-

169 595 290 644 tatis
321 592 569 643 laetitiam
600 592 862 642 dimicanti
893 593 1160 654 conferret,
1199 608 1265 646 an
1294 594 1458 657 magis
1487 591 1712 656 inimica,
1745 592 1862 646 dum

168 669 327 729 favet,
371 668 486 731 ipsa
523 668 800 730 praestitit,
844 666 957 730 ipsa
994 682 1166 717 rursus
1203 665 1419 717 invidit?
1481 682 1570 720 cur
1606 669 1663 716 tu
1704 665 1861 715 obice·-

167 745 249 791 tus
283 757 334 791 es
366 741 618 805 perfidae?
678 757 767 790 cur
796 743 853 790 tu
895 742 1063 804 potius
1096 740 1356 790 occurristi
1385 739 1591 793 fallaci?
1651 756 1864 803 puerum

166 816 350 867 idcirco
395 815 706 880 intellegitur
751 814 956 877 dixisse,
1005 818 1064 864 ut
1100 814 1303 865 victoris
1342 815 1589 864 minueret
1627 815 1863 879 gloriam3

169 890 270 939 alio
311 890 442 939 enim
480 890 589 939 loco
628 889 859 939 iuvenem
898 889 1038 938 dixit.
1113 891 1280 953 ipsum
1320 905 1518 953 quoque
1556 889 1865 954 intellegitur

170 979 452 1025 excusasse,
499 965 646 1027 quasi
683 965 729 1012 si
766 962 953 1013 diceret
996 979 1096 1012 non
1134 978 1187 1013 se
1224 965 1380 1013 iactet
1425 965 1513 1026 qui
1557 965 1608 1012 te
1653 980 1865 1026 puerum

169 1038 305 1088 vicit.
365 1053 465 1088 nou
501 1038 619 1087 haec
655 1037 900 1086 Euandro
938 1038 998 1086 de
1035 1041 1078 1087 te
1107 1038 1358 1098 promissa
1384 1038 1586 1098 parenti
1616 1037 1865 1089 discedens

170 1113 421 1169 dederam,
470 1127 579 1160 cum
624 1126 700 1160 me
746 1112 1004 1172 conplexus
1050 1115 1239 1161 euntem
1282 1113 1486 1160 mitteret
1518 1113 1587 1163 Vin
1631 1127 1866 1174 maqnwm

171 1187 430 1248 imperium
475 1190 781 1246 metuensque
824 1189 1036 1238 moneret
1081 1186 1212 1241 acris
1250 1199 1351 1235 esse
1387 1187 1540 1243 viros,
1589 1200 1698 1234 cum
1737 1186 1866 1235 &ura

166 1261 359 1322 proelia
399 1264 560 1322 yeme:
611 1259 731 1322 quid
769 1259 952 1309 faciam
989 1261 1076 1308 tuo
1123 1260 1281 1323 pah-i,
1332 1259 1414 1311 cui
1462 1259 1717 1313 discedens
1766 1275 1865 1308 non

172 1334 361 1397 tristia,
401 1333 486 1383 sed
517 1334 690 1383 votiva
719 1332 962 1397 promisi?
1022 1334 1108 1382 ille
1142 1334 1397 1397 amplexus
1429 1336 1505 1383 est
1535 1333 1867 1383 discedentem

174 1408 350 1458 officiis
396 1407 638 1458 benivolis
685 1423 1011 1472 praemonens
1059 1410 1109 1456 et
1155 1409 1428 1457 cautiorem
1474 1408 1718 1458 monendo
1757 1424 1866 1471 per·

172 1483 356 1532 ficiens.
418 1483 537 1544 ibis,
574 1482 763 1545 inquit,
802 1484 856 1530 in
893 1481 1157 1546 imperium
1195 1498 1457 1546 magnum,
1495 1483 1589 1531 hoc
1628 1486 1703 1532 est
1734 1483 1867 1545 quod

172 1556 363 1606 viribus
411 1556 608 1621 magnis
659 1559 709 1607 et
756 1556 1046 1621 ingentibus
1096 1555 1298 1619 nititur,
1350 1556 1447 1605 ibis
1502 1558 1675 1606 contra
1723 1556 1868 1606 fortis

173 1631 437 1680 exercitus:
476 1634 582 1680 esto
622 1632 822 1692 cautuS,
862 1632 967 1680 esto
1007 1630 1243 1695 diligens,
1282 1633 1386 1679 esto
1419 1634 1690 1694 suspectus,
1746 1630 1867 1693 quid

174 1705 306 1754 enim
354 1705 441 1754 ille
491 1721 591 1754 non
639 1706 882 1754 metueret
933 1704 1019 1768 qui
1071 1707 1149 1754 tot
1201 1705 1345 1754 bellis
1401 1704 1593 1754 doctior
1644 1704 1868 1754 redditus

173 1797 273 1829 uno
311 1781 534 1843 tempore
571 1779 818 1829 bellorum
854 1778 1056 1828 incertis
1090 1778 1306 1828 amicum
1338 1779 1487 1827 simul
1525 1779 1871 1828 committebat

175 1856 226 1902 et
270 1853 429 1903 filium
475 1855 524 1902 et
569 1855 793 1903 metuens
840 1854 963 1902 haec
1010 1853 1236 1914 adderet,
1286 1852 1431 1902 fortis
1478 1868 1582 1903 esse
1621 1853 1780 1903 hostis
1820 1858 1870 1901 et

176 1944 289 1976 cum
329 1928 453 1978 dura
491 1929 637 1991 gente
667 1927 810 1977 nobis
842 1929 1090 1977 certamen
1121 1926 1383 1991 ingruere?
1451 1943 1555 1976 esse
1586 1944 1687 1977 non
1719 1929 1870 1977 semel

176 2000 519 2065 accipiendum
559 2004 655 2062 est,
693 2003 751 2050 ut
789 2001 856 2051 sit
887 2003 1014 2051 acris
1054 2017 1158 2051 esse
1196 2003 1353 2063 virOS,
1393 1999 1526 2064 [cum
1565 2002 1692 2052 dura
1729 2017 1869 2065 proe-

177 2077 248 2124 lia
286 2078 432 2140 gente
471 2091 596 2124 esse:
647 2076 774 2124 acris
814 2071 971 2141 viros]
1012 2075 1075 2124 ad
1121 2075 1358 2125 virtutem
1408 2076 1742 2126 revocandum
1781 2079 1871 2136 est,

178 2149 354 2199 duram
422 2151 621 2213 gentem
687 2149 914 2198 inmitem
973 2150 1386 2214 intellegendum,
1453 2151 1547 2200 hoc
1608 2153 1683 2199 est
1744 2166 1870 2213 quae

177 2223 400 2272 misereri
438 2223 649 2272 nesciret
685 2216 809 2289 (non
849 2225 981 2271 enim
1027 2224 1120 2272 hoc
1158 2223 1291 2273 idem
1328 2223 1405 2272 bis
1443 2224 1611 2287 potuit
1648 2224 1768 2285 dici,
1814 2227 1872 2271 ut

179 2298 332 2347 solius
386 2297 589 2347 virtutis
645 2298 780 2346 facta
833 2297 1100 2360 dupliciter
1148 2298 1549 2347 commemoratio
1603 2292 1871 2362 videatur),

179 2374 238 2419 ut
277 2373 375 2420 duo
413 2372 515 2420 illis
554 2371 689 2420 mala
728 2370 1003 2420 cavendum
1041 2387 1144 2422 esse
1183 2372 1513 2436 praediceret,
1560 2388 1687 2434 quae
1726 2373 1869 2420 vehe-

180 2450 369 2495 menter
406 2447 606 2494 fuerant
636 2445 914 2494 metuenda.
978 2445 1090 2509 quis
1130 2446 1261 2496 enim
1299 2447 1426 2496 feret
1456 2448 1647 2494 hostem
1686 2447 1738 2493 in
1771 2461 1870 2508 quo

299 2562 326 2600 4
357 2557 553 2602 luctibus
582 2558 675 2602 tuis
698 2555 739 2598 V
771 2562 848 2601 tuo
878 2558 1068 2603 interitu
1099 2558 1170 2602 ed.
1277 2564 1302 2602 6
1333 2557 1508 2602 invidet
1538 2557 1607 2601 ed.
1714 2561 1737 2599 7
1766 2570 1872 2612 per-

179 2616 272 2671 fido
295 2616 411 2660 edF.
505 2620 561 2659 10
591 2617 634 2661 si
664 2630 751 2661 om.
778 2615 849 2659 ed.
940 2622 991 2660 11
1025 2619 1135 2662 vicit
1157 2616 1199 2660 V
1230 2617 1344 2661 dicit
1366 2616 1482 2660 edF.
1570 2621 1624 2660 15
1655 2617 1807 2660 votiva
1830 2615 1872 2658 V

182 2676 301 2719 laeta
340 2675 411 2719 ed.
462 2675 468 2734 Ι
516 2677 594 2720 ille
616 2675 658 2718 V
687 2676 718 2719 i.
751 2689 820 2719 me
850 2675 921 2719 ed.
1048 2681 1100 2721 16
1133 2677 1348 2722 movendo
1371 2675 1412 2718 V
1445 2689 1559 2719 corr.
1593 2675 1663 2718 ed.
1718 2676 1721 2729 Ι
1766 2688 1872 2730 per-

180 2734 336 2788 ficiens
358 2734 400 2777 V
430 2735 622 2779 reddens
653 2734 724 2778 ed.
822 2738 875 2777 17
907 2735 976 2778 hii
997 2734 1039 2779 V
1069 2736 1118 2780 hi
1149 2736 1220 2780 ed.
1253 2736 1341 2779 ibis
1371 2748 1467 2778 noe.
1512 2734 1517 2792 Ι
1564 2735 1614 2778 iu
1638 2733 1679 2777 V
1710 2734 1875 2778 habeut

183 2793 255 2836 ed.
355 2797 410 2838 23
442 2799 667 2839 certamen
689 2795 916 2849 iuqrueret
939 2793 980 2837 V
1003 2795 1269 2840 certandum
1293 2808 1383 2838 esse
1408 2794 1478 2837 ed.
1517 2794 1520 2849 1
1557 2807 1647 2837 esse
1661 2818 1716 2824 —
1734 2797 1791 2836 24
1814 2795 1875 2837 sit

184 2865 270 2895 om.
305 2852 376 2897 ed.
498 2857 555 2896 24
593 2866 763 2897 cum—
782 2855 837 2894 25
869 2853 991 2898 viros
1029 2853 1160 2897 deest
1191 2854 1239 2897 in
1263 2852 1304 2895 V
1330 2853 1417 2905 ed.‚
1438 2851 1532 2895 sed
1563 2851 1874 2908 supplendum

184 2923 283 2954 esse
313 2913 457 2966 patet.
559 2916 614 2955 26
645 2911 993 2968 iutelleyeudum
1016 2911 1058 2956 V
1082 2915 1110 2957 i.
1138 2918 1202 2958 est
1224 2912 1294 2957 ed.
1398 2915 1452 2954 29
1484 2911 1579 2955 illis
1602 2911 1643 2954 V
1667 2912 1740 2955 illi
1763 2911 1835 2955 ed.
1865 2912 1869 2969 Ι

185 2971 431 3015 cavendum
463 2984 553 3015 esse
576 2970 619 3014 V
650 2970 851 3014 cavenda
882 2970 954 3014 ed.

1896 1051 1954 1091 45
