2050 3226
816 192 1122 238 AENEIDos
1153 192 1218 236 XI
1755 195 1864 250 523

167 333 372 384 transiit
400 334 512 397 plus
545 333 731 382 faciens
764 349 917 397 quam
947 332 992 382 si
1021 348 1251 382 aversum
1280 333 1540 382 stravisset
1572 333 1635 382 ad
1665 335 1866 384 terram.

169 409 379 471 denique
411 408 557 470 quasi
586 407 780 456 rediens
811 408 863 455 in
892 407 1073 456 faciem
1101 406 1340 472 fugientis
1371 408 1573 470 inpacta
1596 410 1673 456 est
1693 407 1864 470 ibique

167 483 371 532 retentis
410 482 586 543 frenis,
625 498 685 529 ne
724 497 919 530 rursum
961 481 1115 530 aliam
1152 483 1427 530 verteretur
1463 483 1517 529 in
1547 482 1721 546 fugam
1752 497 1863 531 con-

169 556 420 622 gressione
459 572 518 604 ex
558 558 730 619 aperto
768 556 991 619 perfecta
1027 571 1213 618 poenas
1252 556 1481 636 sumpsit
1537 572 1595 604 ex
1634 571 1691 604 eo
1721 572 1864 619 para-

119 646 139 678 5
167 632 284 680 bola
322 630 653 692 subnectitur,
700 631 760 678 ut
805 629 1064 694 egregium
1108 630 1299 679 factum
1343 626 1562 695 imagine
1607 629 1866 694 proposita

169 706 539 771 conpar-ationis
591 706 806 752 ornetur.
894 719 1042 765 quam
1089 705 1236 764 facile
1286 705 1514 764 accipiter
1558 718 1678 752 saxo
1729 719 1867 753 sacer

168 780 270 828 ales
308 780 371 828 ab
411 779 507 827 alto
539 779 844 839 consequitur
867 779 1041 838 pinnis
1071 779 1326 827 sublimem
1353 779 1409 827 in
1438 779 1566 827 nube
1595 779 1867 827 colwmbam

169 867 579 914 conprensamque
624 856 747 902 tenet
780 853 1085 912 pedibusque
1131 853 1364 902 eviscerat
1409 853 1575 901 uncis:
1625 851 1866 902 Camillae

166 928 371 977 laudem·
403 926 689 990 plenissime
726 926 781 974 in
818 926 946 975 libro
985 927 1199 989 septimo
1240 919 1372 994 (803
1405 920 1538 994 sqq.)
1576 929 1865 990 prosecutus

94 1021 138 1053 10
168 1004 264 1065 est,
303 1001 390 1051 sed
426 1002 555 1050 hanc
594 1001 729 1050 omni
768 1001 1024 1050 occasione
1063 1001 1370 1050 laudationis
1410 1002 1704 1050 accumulat.
1781 1002 1867 1062 sic,

166 1075 353 1140 inquit,
391 1076 483 1124 illa
521 1078 691 1125 secuta
729 1077 806 1124 est
843 1091 900 1124 ac
938 1074 1214 1139 fugientem
1251 1076 1454 1136 stravit,
1501 1075 1747 1137 quomodo
1787 1091 1866 1124 ac-

168 1151 346 1214 cipiter
384 1149 664 1198 columbam
701 1149 832 1198 inter
867 1149 1022 1198 nubes
1062 1149 1280 1212 positam
1310 1149 1667 1212 conprehendit
1697 1151 1748 1198 et
1777 1166 1867 1198 un-

168 1225 350 1310 guibus
389 1225 563 1273 laniat.
639 1239 824 1288 magna
863 1225 1030 1272 autem
1067 1223 1227 1272 virtus
1267 1226 1342 1272 est
1381 1223 1523 1287 sequi
1567 1223 1866 1288 fugientem3

169 1300 354 1363 quippe
405 1299 493 1361 qui
542 1299 768 1361 sequitur
816 1297 875 1346 de
923 1297 1197 1346 interstitio
1236 1298 1375 1346 venit
1412 1299 1462 1346 et
1501 1299 1590 1360 qui
1627 1298 1865 1362 fugiendo

94 1390 136 1423 15
167 1373 423 1436 praecedit
473 1388 531 1421 ac
581 1375 869 1435 sequentem
918 1373 1099 1420 metuit
1138 1371 1280 1420 addit
1317 1372 1468 1436 fugae
1505 1373 1746 1421 maiorem
1782 1388 1866 1421 ne·

168 1448 465 1509 cessitatem,
503 1448 564 1494 ut
601 1447 762 1510 possit
798 1445 1018 1495 evadere.
1094 1446 1302 1509 proinde
1341 1445 1623 1495 laudandus
1664 1448 1740 1495 est
1778 1446 1868 1511 qui

166 1522 310 1586 sequi
339 1520 564 1584 potuerit
593 1521 882 1585 fugientem,
905 1520 1018 1584 plus
1052 1519 1279 1582 Camilla,
1303 1536 1432 1583 quae
1455 1520 1659 1570 transiit
1682 1537 1867 1584 equum

166 1611 312 1645 cursu
362 1597 412 1643 et
461 1595 522 1643 de
571 1595 770 1643 inimico
816 1610 1002 1657 poenas
1042 1595 1220 1659 exegit.
1296 1598 1399 1642 tum
1437 1609 1581 1643 cruor
1618 1598 1662 1643 61
1695 1595 1867 1644 vulsae

166 1671 400 1719 labuntur
437 1671 500 1718 ab
541 1670 727 1718 aethere
756 1669 984 1730 plumae.-
1021 1669 1114 1717 hoc
1154 1669 1219 1717 ad
1257 1670 1490 1717 ornatum
1520 1668 1865 1733 descriptionis

93 1761 135 1793 20
165 1745 398 1808 pertinet,
422 1746 639 1793 ceterum
665 1742 905 1792 Camillae
935 1744 1069 1792 facto
1102 1742 1225 1791 satis
1256 1745 1505 1792 remotum
1535 1745 1622 1791 est.
1670 1759 1868 1793 sacrum

167 1819 294 1867 dixit
331 1819 503 1867 alitem
543 1819 632 1867 aut
669 1817 821 1867 sacris
860 1819 1065 1881 propter
1103 1818 1371 1882 augurium
1407 1818 1741 1866 necessarium
1780 1820 1868 1867 aut

167 1892 492 1941 execrabilem
531 1892 705 1942 avibus
747 1908 805 1941 ac
843 1892 966 1941 satis
1005 1892 1346 1953 metuendum,
1386 1892 1535 1940 sicuti
1573 1894 1624 1941 et
1662 1887 1737 1959 (3,
1771 1886 1866 1959 57)

168 1966 315 2028 „auri
352 1982 493 2015 sacra
531 1965 725 2015 fames“
765 1966 900 2015 dicta
939 1968 1034 2027 est,
1076 1966 1195 2029 quia
1231 1965 1390 2028 ipsius
1438 1981 1590 2014 causa
1636 1966 1865 2032 omnibus

168 2042 416 2104 oportuna
453 2041 796 2103 perpetrandis
836 2040 1100 2089 sceleribus
1138 2040 1221 2089 via
1259 2042 1347 2088 est.

93 2130 135 2163 25
284 2114 354 2163 At
391 2129 488 2163 non
530 2115 648 2163 haec
695 2115 847 2163 nullis
890 2115 1140 2162 hominum
1183 2117 1318 2162 sator
1362 2117 1504 2175 atque
1549 2114 1749 2162 deorum
1786 2115 1866 2162 ob·
1885 2120 1968 2160 725

166 2203 371 2237 servans
408 2189 560 2237 oculis
597 2204 785 2237 summo
816 2189 946 2236 sedet
975 2189 1105 2236 altus
1139 2187 1364 2249 Olympo:
1401 2189 1591 2237 interea
1621 2188 1866 2252 Iuppiter,

168 2263 233 2312 ad
279 2279 426 2326 quem
471 2278 589 2310 cura
634 2262 891 2311 hominum
937 2262 1238 2326 deorumque
1281 2262 1519 2326 pertinet,
1568 2278 1668 2311 non
1713 2262 1864 2311 nullis

169 2338 324 2386 oculis
350 2352 476 2400 quae
507 2339 796 2400 gererentur
818 2335 1079 2385 attendens
1105 2337 1410 2398 Tyrrhenum
1437 2338 1624 2398 96111101·
1656 2337 1866 2384 Tarcho-

167 2426 278 2459 nem
314 2413 370 2459 in
401 2411 592 2472 proelia
622 2425 772 2459 saeva
810 2411 1013 2459 suscitat
1050 2414 1094 2458 61
1129 2411 1340 2459 stimulis
1380 2412 1500 2459 haut
1536 2410 1762 2458 mollibus
1791 2411 1866 2458 in·

95 2500 138 2532 so
169 2486 284 2534 citat
327 2486 457 2533 iras:
506 2485 717 2533 suscitat
761 2484 966 2547 pulchre
1011 2486 1182 2547 posuit
1228 2486 1374 2547 quasi
1412 2501 1524 2534 cum
1563 2483 1667 2532 suis
1707 2483 1864 2533 otiose

168 2559 493 2627 dormientem
517 2559 630 2607 aliis
655 2559 777 2607 duro
802 2558 962 2607 Marte
985 2559 1341 2623 pugnantibus.
1388 2558 1726 2607 suscitabatur
1749 2574 1864 2623 ergo

289 2721 312 2759 1
358 2716 599 2760 adversum
642 2714 712 2758 ed.
768 2715 773 2772 Ι
831 2716 883 2759 111
924 2719 1091 2760 terram
1134 2715 1204 2760 ed.
1345 2719 1400 2757 10
1442 2715 1561 2758 hanc
1595 2713 1636 2754 V
1676 2715 1749 2758 hic
1792 2714 1865 2759 ed.

172 2779 224 2817 11
257 2788 313 2819 ac
345 2789 429 2818 om.
458 2774 499 2818 V
529 2774 637 2818 add.
666 2773 737 2817 ed.
862 2778 916 2818 14
947 2776 1111 2819 stravit
1141 2774 1328 2830 punctis
1361 2772 1667 2829 superpositis
1698 2774 1866 2830 quippe

170 2834 250 2889 qui
279 2834 534 2890 suppositis
558 2832 600 2876 V
623 2834 874 2888 utrumque
898 2834 1076 2890 recepit
1099 2833 1186 2886 ed.,
1212 2833 1293 2878 sed
1316 2834 1478 2877 stravit
1502 2831 1755 2875 absurdum
1780 2834 1863 2877 est.

173 2897 227 2935 18
258 2894 399 2950 exiyit
421 2892 463 2935 V
488 2907 601 2936 corr.
628 2892 700 2937 ed.
791 2897 845 2935 21
880 2898 964 2937 aut
992 2894 1137 2937 sacris
1159 2892 1201 2936 V
1233 2907 1274 2936 a.
1307 2905 1489 2936 sacrum
1519 2891 1590 2935 ed.
1684 2895 1739 2934 27
1771 2905 1865 2936 non

170 2952 265 2995 illis
294 2951 336 2995 V
369 2966 484 2996 corr.
521 2951 592 2995 ed.
716 2955 772 2994 28
810 2956 1020 3009 yerentur
1049 2951 1091 2995 V
1123 2966 1236 2995 corr.
1269 2951 1340 2995 ed.
1394 2952 1397 3009 Ι
1455 2951 1749 2996 Tarchontem
1792 2951 1862 2995 011.

174 3014 230 3053 29
262 3016 346 3056 aut
374 3025 459 3067 pro
490 3012 603 3055 haut
634 3012 698 3068 <et
727 3009 866 3066 infra)
892 3009 947 3055 V.
