2050 3226
50 1059 94 1092 10

50 1430 91 1463 15

49 2172 91 2205 25

771 236 1076 283 AENEIDOS
1106 236 1172 281 XI
1709 240 1817 294 469

128 383 274 441 caput
301 379 473 428 horwm
511 382 555 427 et
592 393 744 428 causa
781 379 1057 427 malorum?
1112 393 1350 442 magnum
1380 376 1579 425 factiosi
1606 377 1820 426 hominis

126 453 404 516 inventum,
454 456 514 502 ut
557 453 731 502 relicto
779 469 835 502 eo
881 453 969 516 qui
1015 468 1258 501 summam
1306 467 1473 500 rerum
1517 451 1720 500 tenebat
1757 453 1821 499 ad

127 544 240 576 eum
278 543 382 577 sese
421 529 731 576 converteret
769 544 916 591 quem
953 526 1152 576 volebat
1190 525 1483 590 opprimere.
1552 524 1693 588 quid,
1733 527 1820 587 ait,

125 601 356 651 miseros:
389 601 540 650 miser
570 604 646 651 est
678 601 786 664 qui,
818 617 930 650 cum
960 601 1027 650 sit
1054 600 1290 650 innocens
1321 601 1369 648 et
1401 599 1550 648 alieni
1580 599 1820 663 impetum

126 676 222 724 fati
258 677 419 739 possit
456 676 689 740 effugere,
729 675 924 740 cogitur
957 677 1126 724 tamen
1162 674 1375 723 infelicis
1411 673 1626 722 hominis
1666 676 1821 722 extre-

124 765 258 798 mam
286 750 648 799 communicare
678 750 945 798 fortunam.
1000 749 1135 812 quod
1171 764 1287 798 vero
1318 747 1502 797 totiens
1542 747 1690 811 dixit,
1728 749 1821 798 hoc

125 824 222 872 fuit
262 824 397 887 quod
434 825 538 873 iam
582 840 682 873 non
719 825 918 888 poterat
954 824 1182 885 tolerari,
1226 825 1287 871 ut
1326 823 1411 886 qui
1447 821 1632 871 iniuste
1670 824 1821 886 atque

124 898 430 948 incommode
484 914 708 964 pugnare
758 914 903 962 saepe
962 898 1225 960 conpulsus
1276 899 1352 946 est
1409 898 1460 944 et
1515 898 1820 946 contrarium

123 972 308 1022 meruit
359 981 557 1022 rursum
611 975 871 1037 cogeretur
924 973 1054 1020 exire
1107 970 1162 1019 in
1208 974 1383 1034 aperta
1432 971 1670 1034 pericula.
1746 974 1822 1021 est

125 1046 325 1110 quidem
355 1047 451 1097 viri
481 1047 624 1096 fortis
655 1048 902 1096 incertum
930 1062 1127 1111 pugnae
1151 1061 1251 1094 non
1282 1046 1477 1108 timere3
1510 1045 1660 1095 sicuti
1691 1045 1822 1094 enim

122 1122 177 1169 in
215 1137 272 1170 eo
311 1123 575 1185 sperantur
605 1122 835 1182 adversa,
872 1121 948 1170 ita
977 1121 1189 1184 possunt
1223 1120 1375 1168 etiam
1407 1120 1621 1169 secunda
1649 1121 1820 1168 melio-

122 1194 259 1244 ribus
297 1195 558 1260 provenire
598 1195 926 1257 successibuS,
974 1195 1029 1242 in
1074 1193 1296 1257 pericula
1342 1196 1510 1242 autem
1556 1193 1822 1243 manifesta

121 1287 526 1334 unumquemque
549 1269 887 1334 improvidum
908 1284 1050 1317 ruere
1073 1283 1266 1317 summa
1286 1267 1535 1317 dementia
1558 1271 1647 1317 est.
1687 1268 1822 1331 civis,

121 1345 310 1407 inquit,
355 1345 561 1407 proicis,
611 1360 790 1394 nomen
836 1344 1065 1392 sanctum
1106 1345 1156 1391 et
1203 1341 1516 1406 religiosum,
1564 1342 1697 1405 quod
1734 1342 1821 1392 isse

122 1418 299 1467 habuit
335 1419 434 1468 vile
473 1421 523 1467 et
561 1419 695 1480 quod
731 1434 831 1467 non
870 1417 1065 1467 sinebat
1096 1417 1304 1465 evadere
1335 1417 1521 1466 multos
1563 1432 1708 1480 saepe
1746 1417 1820 1464 in-

122 1508 452 1555 numerosque
482 1492 747 1556 perdendo.
808 1491 1135 1541 novissimum
1172 1491 1273 1539 fuit
1311 1490 1515 1553 proicis,
1555 1492 1690 1539 omni
1727 1492 1819 1540 sci·

121 1567 240 1616 licet
267 1566 536 1630 iniquitate
567 1567 805 1633 deterius3
836 1566 1078 1629 proicitur
1109 1565 1239 1613 enim
1264 1564 1396 1627 quod
1426 1565 1525 1613 vile
1557 1566 1654 1628 est,
1687 1566 1822 1628 quod

122 1641 455 1690 necessarium
499 1657 600 1690 non
647 1643 743 1703 est,
791 1640 925 1705 quod
972 1656 1086 1689 cum
1123 1639 1330 1702 perierit
1378 1655 1478 1687 non
1524 1639 1823 1689 adscribitur

121 1716 461 1765 incommodis.
537 1715 623 1765 sed
659 1717 755 1765 iste
793 1717 906 1779 plus
947 1715 1164 1764 sentitur
1194 1713 1394 1762 dixisse:
1434 1713 1638 1776 proicis,
1679 1715 1822 1776 quasi

48 1802 68 1834 ε
121 1790 242 1852 ipsis
267 1791 321 1838 in
351 1789 576 1853 pericula
604 1791 874 1839 manifesta
898 1789 1132 1838 coniectis
1157 1788 1356 1836 Turnus
1390 1789 1641 1850 spectator
1670 1789 1822 1837 alieni

121 1865 355 1913 interitus
403 1866 457 1912 in
515 1866 615 1914 otio
673 1879 926 1913 remanere
980 1865 1277 1912 consuesset.
1355 1862 1569 1926 erumpit
1617 1862 1719 1911 iam
1767 1864 1821 1910 in

123 1941 299 2001 aperta
345 1938 569 1987 convicia
613 1938 847 1988 fiduciam
894 1953 1068 2002 gerens
1115 1937 1336 1985 omnium
1381 1952 1504 1998 quos
1552 1936 1820 1986 artificiosa

123 2013 338 2061 dictione
375 2012 562 2061 fecerat
600 2029 735 2062 suos:
786 2029 814 2061 o
852 2011 1000 2061 Latio
1041 2013 1191 2074 caput
1227 2011 1406 2059 horum
1443 2012 1493 2059 et
1531 2026 1681 2060 causa
1717 2027 1820 2060 ma-

122 2088 306 2136 lorum:
352 2087 600 2135 malorum
645 2089 867 2135 omnium
906 2102 1035 2149 quae
1074 2084 1278 2133 Latium
1324 2087 1558 2147 premunt
1596 2101 1819 2149 quaeque

122 2162 496 2224 praecesserunt
532 2163 591 2209 tu
630 2177 702 2223 es,
741 2161 927 2224 inquit,
967 2161 1119 2222 caput
1149 2162 1198 2208 et
1229 2174 1393 2208 causa.
1446 2159 1540 2208 hoc
1577 2176 1691 2208 vere
1736 2160 1819 2207 ob-

122 2236 305 2284 iectum
330 2237 426 2297 est3
458 2251 546 2298 per
567 2237 735 2299 ipsum
758 2236 891 2283 enim
916 2234 1173 2283 turbatum
1204 2235 1279 2282 est
1309 2233 1442 2295 quod
1464 2232 1674 2282 Latinus
1707 2249 1819 2282 cum

125 2309 354 2358 Troianis
385 2310 550 2358 fuerat
580 2310 884 2358 conlocutus-
945 2308 1086 2356 nulla
1116 2307 1254 2356 salus
1286 2308 1429 2356 bello:
1466 2307 1510 2356 si
1539 2310 1819 2372 pugnatum

123 2384 335 2432 ulterius
380 2383 555 2445 fuerit,
605 2383 744 2432 nulla
793 2386 895 2431 iam
940 2382 1186 2446 speranda
1235 2383 1311 2430 est
1352 2382 1432 2431 vel
1469 2382 1672 2444 reliquis
1711 2381 1818 2430 vita

125 2461 196 2519 et,
243 2459 362 2521 quia
401 2458 464 2507 ad
502 2458 555 2505 id
594 2457 794 2506 deducti
832 2472 1024 2518 sumus,
1074 2458 1132 2504 ut
1177 2472 1290 2520 spes
1335 2456 1627 2505 remanserit
1665 2455 1818 2516 nulla,

49 2547 93 2578 so
115 2547 289 2592 pacem
335 2535 378 2580 te
415 2533 665 2592 poscimus
710 2545 893 2588 omne-9,
943 2532 1132 2579 Turne:
1188 2546 1356 2579 omnes
1402 2530 1588 2592 inquit,
1638 2545 1750 2577 cum
1789 2546 1818 2578 a

124 2607 229 2655 solo
271 2605 485 2667 dicatur,
535 2622 634 2655 non
682 2605 744 2654 ab
792 2604 1043 2667 omnibus3
1092 2621 1266 2668 pacem
1310 2607 1360 2653 te
1399 2605 1668 2666 poscimus,
1717 2619 1817 2651 non

122 2683 182 2728 ut
211 2681 339 2728 hanc
371 2679 534 2742 daret,
574 2680 659 2728 sed
690 2682 750 2728 ut
780 2679 994 2728 cedendo
1025 2681 1280 2742 pateretur
1310 2678 1387 2726 illi
1418 2678 1676 2741 coniugem
1709 2677 1818 2725 dari

125 2770 272 2816 quem
311 2755 572 2803 constabat
618 2769 722 2802 esse
767 2752 1024 2816 potiorem.
1101 2755 1247 2802 simul
1279 2753 1421 2814 pacis
1467 2752 1623 2799 solum
1664 2752 1817 2799 invio-

244 2886 269 2924 2
307 2895 459 2927 rerum
493 2880 536 2924 V
577 2881 799 2924 malorum
839 2879 911 2923 ed.
1032 2885 1059 2924 ὃ
1094 2885 1246 2936 posset
1288 2879 1475 2935 effuyire
1508 2876 1550 2920 V
1589 2891 1703 2921 corr.
1744 2877 1814 2921 ed.

125 2943 181 2982 20
225 2945 481 2996 expectator
517 2939 561 2983 V
602 2944 706 2983 -tur
749 2939 819 2983 ed.
867 2944 1089 2995 spectator
1131 2954 1227 2983 nos.
1280 2940 1283 2984 ἲ
1342 2937 1486 2981 alieni
1526 2938 1736 2982 interitus
1775 2935 1816 2978 V

66 3012 69 3014 ’
123 3001 297 3043 temere
329 3001 443 3043 mut.
469 2998 541 3043 ed.
634 3003 688 3041 26
720 2999 953 3043 turbatum
977 3003 1042 3043 est
1063 2998 1106 3041 V
1130 3005 1159 3043 t.
1187 3013 1219 3042 e.
1247 2987 1436 3042 Latium
1462 2996 1532 3039 ed.
1623 3001 1676 3039 27
1697 3010 1815 3053 puy-

123 3059 330 3102 nandum
362 3058 432 3103 ed.
557 3061 612 3101 28
644 3059 713 3102 vel
744 3070 831 3101 om.
857 3057 929 3101 ed
