2050 3226
115 645 175 684 40

205 201 315 254 412
682 199 914 244 DONATI
943 198 1224 244 INTERPR.
1249 199 1428 244 VERG.

207 340 371 388 luctus
411 340 664 403 inplesset.
724 341 915 404 regiam
952 341 1170 403 primum
1199 340 1450 403 ingressus
1491 341 1588 401 est3
1626 355 1742 388 nam
1783 352 1897 388 cum

206 412 379 462 Latini
407 413 713 463 vestibulum
751 413 1050 462 describeret
1087 406 1162 480 (7,
1190 406 1342 480 170),
1381 411 1451 462 sic
1489 412 1635 462 dixit:
1675 414 1899 474 „tectum

208 490 497 552 augustum,
558 489 755 551 ingens,
818 490 1012 536 centum
1069 487 1278 535 sublime
1332 486 1571 536 columnis
1626 487 1746 535 urbe
1798 486 1899 536 fuit

207 576 423 623 summa,
473 560 736 610 Laurentis
787 561 927 625 regia
972 561 1081 610 Pici
1090 560 1133 610 “.
1207 562 1312 622 ipse
1358 565 1504 621 caput
1547 561 1678 609 nivei
1718 560 1897 620 fulciam

206 635 452 684 Pallantis
488 639 530 683 et
567 649 657 683 ora
693 638 748 683 ut
776 635 921 684 vidit:
966 636 1153 683 mortui
1193 650 1370 698 corpus
1409 647 1541 683 nova
1580 637 1686 683 arte
1724 635 1898 683 lauda·
1953 652 1972 685 5

160 752 164 755 .
207 709 304 772 vit3
338 712 525 774 augent
549 710 679 757 enim
705 709 926 758 dolorem
950 724 1078 772 quae
1102 712 1314 772 possunt
1343 708 1396 756 in
1421 708 1654 758 defuncto
1686 708 1898 758 laudari.

206 786 399 844 tantae,
457 782 643 846 inquit,
710 782 879 832 Pallas
927 782 1312 847 pulchritudinis
1360 785 1488 844 erat,
1541 785 1600 832 ut
1649 800 1762 831 eum
1811 799 1900 831 nec

206 873 337 906 mors
391 857 503 920 ipsa
557 857 829 906 deformare
890 858 1119 906 valuerit.
1204 873 1304 906 non
1364 857 1586 920 pallebat
1645 857 1753 919 ille,
1814 857 1902 905 sed

206 933 382 981 niveus
415 931 534 993 fuit,
566 947 696 994 quae
734 948 811 981 res
843 932 1073 996 ¹augebat
1111 931 1332 981 dolorem
1368 930 1593 996 religiosi
1622 930 1742 993 viri,
1787 946 1900 980 cum

206 1006 258 1053 in
309 1022 410 1054 uno
461 1020 578 1054 casu
628 1006 791 1055 multa
839 1006 978 1055 fleret
1027 1005 1267 1068 extincta,
1321 1020 1459 1068 spem
1511 1005 1727 1090 iuvenis,
1782 1008 1902 1054 vota
1934 1021 1977 1057 ιο

206 1078 364 1143 patris
413 1081 462 1127 et
500 1079 925 1143 pulchritudinem
964 1079 1198 1143 corporis.
1275 1079 1459 1139 levique
1489 1082 1667 1140 pateus
1704 1080 1760 1127 in
1788 1093 1902 1139 pec-

206 1158 305 1202 tore
335 1153 515 1203 vulnus
547 1154 763 1214 cuspidis
786 1153 1063 1203 Ausoniae:
1100 1156 1158 1203 ut
1188 1153 1317 1203 vidit
1346 1170 1446 1202 non
1478 1153 1629 1202 semel
1660 1153 1901 1216 accipien-

206 1229 326 1276 dum
366 1231 461 1289 est,
500 1230 559 1275 ut
597 1229 664 1276 sit
701 1231 759 1277 ut
796 1228 925 1277 vidit
962 1231 1116 1291 caput
1153 1229 1340 1277 fultum
1371 1229 1506 1277 nivei
1535 1227 1805 1289 PallantiS,
1843 1230 1904 1276 ut

206 1301 335 1350 vidit
374 1317 481 1363 ora,
503 1305 578 1370 *ut
615 1302 745 1351 vidit
781 1303 881 1351 levi
918 1304 1095 1366 patens
1134 1304 1187 1351 in
1226 1304 1423 1365 pectore
1460 1302 1645 1351 vulnus
1684 1301 1902 1365 cuspidis

206 1375 475 1424 Ausoniae.
552 1392 651 1424 non
699 1379 847 1426 vacat
895 1378 1033 1426 locus
1083 1377 1178 1426 iste
1234 1392 1331 1440 quo
1385 1377 1539 1440 plaga
1593 1377 1742 1438 atque
1797 1375 1901 1425 eius
1935 1384 1977 1424 15'

207 1449 501 1514 magnitudo
553 1450 834 1515 significata
885 1453 982 1513 est,
1030 1467 1148 1499 nam
1195 1450 1250 1498 in
1296 1450 1531 1499 subiectis
1578 1466 1668 1513 pro
1717 1450 1901 1499 solacio

208 1525 461 1587 positurus
502 1526 577 1573 est
607 1525 751 1573 illum
783 1542 883 1574 non
915 1525 1146 1588 pudendo
1187 1525 1413 1586 vulnere,
1453 1524 1539 1573 sed
1578 1524 1796 1588 glorioso
1828 1524 1901 1572 in·

206 1599 397 1647 terisse.
482 1598 699 1647 lacrimis
747 1599 819 1648 ita
867 1600 1006 1659 fatur
1055 1599 1256 1648 obortis:
1314 1598 1400 1646 ubi
1449 1613 1592 1648 verus
1641 1600 1716 1646 est
1761 1598 1903 1646 dolor

207 1676 259 1721 et
319 1674 518 1735 penitus
588 1671 811 1722 sensibus
881 1675 1051 1722 manet
1110 1674 1342 1721 lacrimae
1411 1689 1510 1721 non
1579 1671 1902 1721 meditatione

208 1748 459 1810 plancturi
490 1750 737 1812 coguntur
767 1747 919 1809 exire,
959 1746 1045 1796 sed
1076 1749 1252 1810 sponte
1285 1748 1399 1795 ante
1431 1746 1582 1795 verba
1612 1747 1903 1796 funduntur.
1934 1761 1978 1794 20

207 1821 322 1869 inde
364 1821 561 1870 Aeneae
610 1821 827 1870 locuturi
872 1837 1043 1870 vocem
1089 1823 1454 1884 praevenerunt
1499 1821 1604 1870 veri
1650 1821 1796 1870 fletus
1855 1823 1905 1869 et

210 1896 453 1959 gemitum
505 1897 734 1958 copiosae
788 1897 1023 1944 lacrimae
1076 1896 1464 1959 praecesserunt.
1552 1899 1675 1951 teuc,
1731 1895 1902 1954 inquit,

207 1969 484 2017 miserande
520 1984 670 2029 puer,
719 1985 828 2019 cum
874 1970 1002 2018 laeta
1045 1970 1249 2025 veniret,
1296 1969 1473 2017 invidit
1519 1970 1720 2029 fortuna
1768 1969 1902 2025 mihi,

210 2057 271 2091 rie
319 2057 470 2104 regma
523 2043 710 2092 videres
763 2046 932 2092 nostra
983 2057 1135 2103 neque
1185 2044 1251 2092 ad
1300 2044 1435 2092 sedes
1484 2044 1634 2092 victor
1685 2042 1904 2091 veherere

202 2118 476 2176 paternas?
538 2118 672 2178 quod
711 2117 838 2166 dixit
875 2120 947 2179 te,
993 2119 1096 2166 vim
1142 2118 1401 2180 praemissi
1450 2115 1757 2180 pronominis
1796 2115 1903 2179 ipse
1934 2129 1977 2163 25

209 2205 377 2239 rursus
418 2190 666 2253 exposuit,
706 2194 777 2252 te,
822 2191 1009 2254 inquit,
1055 2191 1389 2241 miserabilem
1427 2207 1658 2255 puerum,
1703 2193 1776 2251 te,
1816 2191 1904 2253 qui

210 2266 376 2313 vivere
409 2263 645 2325 debuisti,
685 2268 742 2312 ut
772 2269 944 2314 nostra
975 2282 1129 2330 regna
1161 2265 1466 2329 conspiceres
1500 2259 1668 2332 (pleno
1702 2263 1904 2313 adfectu

210 2338 337 2387 dixit
374 2341 567 2399 nostra,
617 2340 762 2401 quasi
802 2342 1082 2388 communia
1122 2343 1250 2389 esset
1286 2340 1549 2388 habiturus
1590 2354 1701 2387 cum
1740 2353 1820 2399 e0,
1859 2339 1904 2386 si

210 2412 352 2461 illum
404 2413 701 2461 incolumem
751 2413 859 2461 fata
909 2408 1232 2481 servassent),
1287 2417 1358 2475 te,
1411 2429 1556 2476 quem
1606 2414 1904 2460 convenerat

212 2488 450 2550 sospitem
494 2486 629 2549 patri
682 2488 731 2533 et
780 2488 1021 2536 victorem
1070 2487 1291 2551 paternis
1343 2487 1538 2536 sedibus
1585 2485 1738 2534 reddi.
1816 2501 1903 2534 cur
1934 2499 1977 2531 30

332 2663 358 2700 4
388 2658 582 2714 recipiat
606 2658 705 2713 pici
733 2657 787 2700 V.
881 2662 906 2701 8
939 2659 1155 2703 valuisset
1177 2658 1250 2702 ed.
1340 2662 1364 2701 9
1395 2657 1491 2712 fuit
1512 2655 1555 2699 V
1577 2661 1769 2712 apparet
1793 2656 1863 2700 ed.
1893 2655 1898 2714 }

211 2716 410 2761 audebat
432 2716 474 2759 V
505 2717 701 2773 auqebat
730 2716 800 2760 ed.
926 2722 977 2759 11
1013 2718 1100 2762 levi
1130 2717 1229 2761 sine
1260 2731 1343 2773 que
1366 2715 1421 2759 V.
1473 2714 1479 2774 Ι
1529 2727 1709 2771 corpore
1739 2714 1782 2757 V
1815 2714 1901 2768 ed.

214 2776 295 2819 sed
334 2775 384 2818 in
422 2775 614 2831 interpr.
650 2781 826 2831 pectore
854 2775 895 2818 V
927 2776 1039 2820 item
1072 2776 1196 2819 infra
1228 2776 1290 2819 ad
1320 2790 1359 2819 v.
1386 2779 1456 2818 55
1579 2778 1632 2816 17
1667 2774 1903 2830 positurus

212 2840 276 2879 est
310 2833 352 2877 V
395 2839 459 2878 est
497 2836 674 2890 positus
717 2834 787 2878 ed.
918 2839 973 2877 20
1013 2841 1293 2892 coyeutur—
1307 2834 1567 2888 fundantur
1601 2831 1643 2874 V
1682 2846 1797 2876 corr.
1830 2832 1901 2875 ed.

215 2898 268 2936 21
302 2895 455 2949 flectus
478 2893 532 2936 V.
627 2898 682 2936 22
714 2893 888 2962 copiose
911 2893 954 2935 V
983 2896 1036 2936 ut
1068 2894 1253 2948 confuse
1282 2908 1322 2936 v.
1349 2897 1419 2946 26,
1450 2891 1530 2936 sed
1554 2890 1631 2934 hic
1654 2892 1750 2935 veri
1772 2893 1902 2934 ante-

214 2952 360 3005 cedit,
409 2965 551 3006 quare
598 2954 723 2996 recte
770 2953 973 3008 copiosae
1020 2952 1091 2997 ed.
1229 2957 1286 2996 24
1327 2953 1480 2996 vehere
1514 2950 1569 2995 V.
1702 2953 1757 2993 29
1801 2963 1903 2994 cum

212 3016 396 3055 venerat
420 3011 459 3054 V
493 3025 606 3055 corr.
640 3011 709 3055 ed.
