2050 3226
776 167 1082 215 AENEIDOS
1111 168 1177 213 IX
1714 172 1822 226 287

133 311 222 358 aut
250 308 537 358 truderetur
566 308 823 359 moenibus
862 310 914 358 et
951 311 1172 358 armatus
1209 309 1282 357 ire
1321 311 1581 374 cogeretur
1616 308 1670 357 in
1709 326 1822 374 gur-

132 383 287 448 gitem
332 385 422 432 aut
466 382 648 448 gladiis
694 385 979 446 peremptus
1027 382 1350 432 occumberet.
1437 386 1540 431 tum
1585 386 1676 431 toto
1725 399 1824 432 eor-

124 472 246 518 pore
275 458 426 506 sudor
457 457 659 517 liquitur
689 461 733 506 et
754 459 949 518 picewm
973 457 1083 517 (nee
1110 458 1358 517 respirare
1378 457 1619 518 potestas)
1643 458 1825 516 tlmueu

132 532 255 593 ayit:
287 531 397 580 ibat
426 531 577 580 sudor
607 547 666 580 ex
697 532 856 579 Turni
887 546 1090 594 corpore
1120 530 1315 594 piceum
1345 530 1531 579 flumen
1562 530 1823 580 ostendens

51 653 65 672 ζ
81 619 100 653 5
131 621 221 654 nec
266 605 367 654 fuit
409 605 690 654 resumendi
736 605 939 669 aliquod
984 605 1217 668 spatium.
1292 606 1448 666 fessos
1493 605 1649 665 quatit
1685 619 1826 666 aeyer

132 680 373 728 anhelitus
421 682 584 728 artus:
636 679 853 744 fatigata
900 679 1113 728 hominis
1166 679 1387 728 membra
1441 679 1689 728 anhelitus
1745 679 1823 727 de·

130 753 311 802 biliora
362 753 622 817 reddebat3
684 770 890 818 aegrum
945 754 1221 802 anhelitum
1275 753 1422 815 dixit,
1476 754 1596 816 quia
1650 768 1824 818 aegros

131 827 254 876 facit
292 830 342 877 et
380 828 571 877 debilis.
648 831 751 876 twm
788 828 981 876 demum
1016 842 1257 889 praeceps
1292 828 1425 877 saltu
1462 841 1565 876 sese
1602 828 1825 876 omuibus
1841 836 1927 878 815

131 903 306 959 armis,
345 903 439 951 hoc
477 905 554 951 est
591 904 681 951 aut
719 901 940 951 omnium
970 903 1157 951 virtute
1196 903 1287 951 aut
1325 917 1438 950 cum
1478 903 1628 950 armis
1669 902 1824 950 omni-

58 991 100 1024 ιο
130 975 245 1038 bue,
285 977 524 1039 quoniam
562 978 811 1025 armatum
849 992 953 1025 esse
991 975 1275 1038 constabat,
1319 977 1375 1025 in
1419 977 1626 1035 fluviwm
1672 976 1825 1024 dedit:

130 1066 230 1099 non
275 1050 446 1099 timuit
490 1066 541 1099 se
585 1050 911 1114 praecipitem
958 1050 1074 1099 dare
1122 1050 1212 1114 qui
1257 1050 1446 1099 sciebat
1483 1065 1534 1099 se
1572 1051 1627 1098 in
1664 1050 1824 1098 undas

131 1139 236 1174 esse
274 1127 561 1188 venturum3
599 1126 775 1174 melius
816 1126 1002 1189 quippe
1032 1126 1222 1173 certum
1259 1124 1533 1188 periculum
1572 1124 1744 1189 fugere
1774 1126 1825 1172 et

131 1198 294 1248 subire
342 1199 476 1262 quod
520 1214 624 1248 esse
674 1204 844 1262 posset
887 1201 1146 1248 incertum.
1222 1199 1303 1247 ille
1347 1213 1436 1247 suo
1482 1213 1592 1247 cum
1635 1199 1824 1260 yuryite

130 1274 259 1332 slavo
309 1274 489 1334 aceepit
536 1275 800 1322 venientem
846 1288 905 1322 ac
946 1274 1174 1322 mollibus
1220 1273 1387 1321 extulit
1428 1273 1602 1321 undis:
1650 1275 1823 1321 contra

58 1362 99 1395 15
131 1362 269 1410 spem
316 1347 536 1395 omnium
582 1350 632 1397 et
670 1363 812 1396 suam
850 1348 1045 1396 Turnus
1084 1349 1316 1410 exceptus
1361 1348 1437 1396 est
1475 1349 1547 1409 et,
1594 1348 1713 1410 quia
1751 1347 1822 1395 al·

130 1421 347 1470 titudine
401 1422 616 1486 gurgitis
668 1422 748 1471 vel
801 1421 1015 1470 maxime
1077 1423 1299 1470 armatus
1359 1422 1518 1485 premi
1575 1422 1823 1484 potuerat,

130 1495 319 1544 virtute
368 1495 529 1560 magis
579 1495 741 1545 undae
791 1497 1026 1545 collectae
1077 1511 1344 1559 suspensus
1391 1497 1480 1545 est.
1557 1499 1601 1544 et
1645 1496 1824 1544 laetum

131 1571 274 1618 sociis
305 1570 473 1618 abbata
508 1571 651 1619 caede
688 1571 897 1619 remisit:
934 1572 1087 1633 atque
1115 1569 1191 1619 ita
1220 1570 1410 1619 factum
1441 1571 1517 1619 est
1546 1571 1607 1619 ut
1635 1570 1823 1618 laetum

132 1644 427 1708 gurgiteque
465 1644 692 1694 ablutum
730 1644 950 1695 misisset
987 1645 1052 1693 ad
1089 1646 1262 1694 socios,

253 1792 276 1830 1
310 1792 352 1832 et
373 1792 580 1832 armatus
603 1786 646 1830 V
669 1792 753 1832 aut
774 1800 816 1831 a.
843 1786 916 1832 ed.
1002 1791 1028 1830 2
1060 1786 1231 1844 yladiis
1254 1785 1297 1830 V
1327 1786 1494 1831 iaculis
1525 1785 1597 1831 ed.
1688 1789 1714 1829 3
1747 1786 1837 1830 liu-

133 1847 290 1902 quitur
318 1845 375 1891 V.
427 1846 431 1901 Ι
488 1860 560 1891 res
593 1847 821 1903 respirare
853 1845 908 1890 V.
1032 1850 1058 1890 5
1089 1845 1350 1891 resumendi
1372 1844 1414 1889 V
1444 1846 1661 1901 spiritum
1690 1859 1728 1890 r.
1763 1843 1834 1889 ed.

136 1910 161 1948 6
194 1905 387 1950 debilior
408 1905 451 1949 V
476 1905 547 1950 ed.
685 1909 712 1950 8
743 1906 890 1950 saltus
920 1919 1012 1950 esse
1034 1905 1089 1949 V.
1228 1909 1254 1948 9
1287 1906 1434 1950 omnis
1456 1903 1499 1948 V
1522 1904 1730 1949 omuibus
1761 1903 1833 1948 ed.

136 1969 190 2008 12
222 1966 350 2020 fuere
380 1970 423 2010 et
444 1964 487 2008 V
517 1965 675 2022 fuqere
706 1970 747 2009 et
776 1964 819 2008 U
849 1965 947 2020 fuit
975 1966 1019 2009 ei
1048 1964 1119 2009 ed.
1245 1968 1298 2008 13
1332 1964 1452 2021 quod
1475 1963 1518 2007 V
1548 1977 1686 2020 quam
1717 1964 1836 2020 quod

135 2024 206 2067 ed.
243 2024 248 2082 Ι
278 2025 502 2080 potuisset
524 2023 595 2068 ed.
683 2028 738 2068 18
767 2025 935 2069 laetum
957 2023 1001 2067 V
1025 2037 1114 2068 om.
1140 2023 1283 2068 HOU
1308 2024 1380 2068 ed.
1468 2027 1523 2067 19
1550 2028 1770 2080 yaeatque
1793 2022 1835 2065 V

133 2087 350 2141 yaetaque
375 2082 411 2128 Ο
445 2088 578 2139 atque
600 2082 643 2126 U
667 2096 756 2127 om.
782 2097 888 2127 cum
920 2083 1076 2140 spatio
1100 2082 1145 2126 H
1174 2084 1438 2141 yuryiteque
1469 2096 1553 2127 nos
1586 2087 1640 2127 ut
1667 2083 1836 2139 fluvius

135 2156 236 2188 eum
253 2142 437 2199 placide
459 2143 703 2198 accepisset
724 2147 858 2199 atque
881 2143 951 2187 ed.
982 2143 987 2202 Ι
1022 2143 1151 2188 misis
1172 2148 1238 2187 set
1259 2142 1303 2186 V
1324 2143 1568 2188 remisisset
1590 2141 1662 2186 ed.
1692 2142 1696 2200 Ι
1727 2144 1835 2198 post

135 2202 279 2247 socios
310 2215 438 2256 „non
470 2201 595 2258 quod
627 2201 793 2246 fluvius
824 2202 1062 2246 hominem
1094 2201 1330 2258 exceperit
1362 2203 1445 2246 aut
1475 2201 1720 2255 remiserit,
1752 2201 1834 2244 sed

135 2261 237 2317 ipse
269 2260 451 2304 Turnus
488 2260 640 2305 elatus
673 2274 728 2304 ac
760 2274 785 2305 e
816 2261 956 2305 fluvio
991 2261 1131 2306 facile
1163 2274 1376 2318 egressus
1408 2261 1470 2305 ad
1502 2260 1651 2305 socios
1683 2274 1731 2304 se
1762 2273 1833 2304 re-

135 2319 283 2364 tulit“
323 2320 539 2376 interpol.
580 2319 652 2364 ed.
692 2320 853 2376 spuria
894 2321 1012 2365 haec
1051 2334 1150 2365 esse
1188 2321 1263 2366 vel
1302 2334 1394 2374 „ac
1425 2324 1487 2364 e“
1529 2320 1686 2374 docet,
1728 2333 1832 2363 cum

136 2378 253 2424 Don.
280 2382 459 2436 „atque
484 2384 546 2424 e“
571 2379 829 2435 scripturus
853 2379 1015 2435 fuerit3
1040 2380 1210 2425 desunt
1233 2380 1283 2424 in
1298 2379 1506 2424 VHOU.
1533 2406 1590 2412 —
1623 2378 1834 2434 sequitur

138 2452 258 2495 quae
301 2439 420 2484 solet
461 2438 764 2495 subscriptio:
814 2440 965 2486 Tiberi
1007 2439 1178 2486 Claudi
1219 2440 1411 2497 (Claude
1434 2439 1494 2497 V)
1525 2439 1707 2484 Donati
1743 2439 1830 2481 etc.

136 2499 578 2556 explicit—incipit.
