2050 3226
760 204 1068 251 AENEmos
1099 205 1142 250 x
1685 209 1791 263 291

102 348 183 397 hic
212 347 306 397 tibi
335 346 493 408 fabor,
523 344 656 394 enim
686 344 886 408 quando
915 346 1039 406 haee
1067 347 1119 395 te
1150 361 1269 394 eura
1298 345 1567 408 remordet,
1599 346 1795 411 longius

104 422 334 472 evolvens
366 421 585 470 fatorum
616 435 798 468 areana
820 419 1028 469 movebo
1037 418 1081 468 “.
1133 419 1243 468 Hoc
1265 435 1383 484 ergo
1407 419 1798 469 subtrahendum

104 498 201 558 est,
250 494 425 544 dehine
468 493 775 558 iungendum
821 496 897 543 est
942 495 1127 556 cetera,
1164 496 1225 543 ut
1260 495 1539 558 integretur
1575 494 1798 543 narratio

20 624 22 627 ,
102 570 406 630 futurorum,
443 570 502 616 ut
539 569 606 618 sit
643 605 671 630 ,‚
684 567 946 618 sublimem
991 569 1118 617 feres
1169 568 1235 618 ad
1279 568 1445 617 sidera
1490 568 1615 617 caeli
1659 584 1798 633 mag·

51 658 74 695 ⁸
102 645 360 693 nanimum
381 642 586 692 Aenean
595 640 623 666 “
647 644 699 690 et
721 645 960 705 sequatur
982 642 1206 704 „bellum
1235 643 1410 707 ingens
1435 644 1575 707 geret
1595 642 1800 704 Italia“,

102 717 154 767 id
203 719 280 766 est
314 733 415 766 non
452 716 607 765 Italia
645 719 785 780 geret
831 715 1006 780 ingens
1056 716 1265 778 bellum,
1315 717 1402 765 sed
1448 717 1556 780 ipse
1605 717 1800 766 Aeneas

103 791 289 841 bellum
337 792 512 855 ingens
563 793 703 855 geret
749 790 918 840 Italia.
1006 790 1218 840 deducta
1266 790 1348 840 hie
1396 791 1451 839 in
1495 791 1799 854 praepositio

102 866 222 915 feeit
247 881 486 914 errorem.
519 865 620 927 sed,
643 864 731 913 ubi
755 865 1066 914 intellectum
1097 865 1343 927 attendas,
1374 865 1601 914 addenda
1623 867 1713 928 est,
1743 868 1803 914 ut

103 939 170 989 sit
200 939 423 1001 „bellum
459 939 634 1004 ingens
674 941 815 1003 geret
850 940 904 987 in
934 939 1088 988 Italia
1125 940 1450 1023 populosque
1467 940 1656 989 feroces
1688 955 1800 988 eon—

27 1027 75 1075 ,10
101 1013 316 1063 tundet“
318 1051 332 1076 ‚
380 1014 487 1077 ipse
537 1014 728 1062 seilicet
765 1013 979 1075 AeneaS,
1022 1051 1050 1075 „
1036 1029 1319 1077 ,moresque
1357 1013 1478 1063 viris
1518 1016 1568 1062 et
1604 1013 1802 1062 moenia

102 1087 307 1152 ponet“,
351 1087 458 1150 ipse
503 1086 714 1136 Aeneas,
790 1103 899 1137 eece
946 1087 1070 1136 dicit
1115 1090 1167 1136 et
1204 1089 1393 1151 quanto
1431 1090 1654 1151 tempore
1692 1104 1801 1152 reg-

102 1164 315 1211 naturus
355 1162 543 1224 „tertia
581 1162 699 1210 dum
729 1161 877 1210 Latio
907 1163 1199 1226 regnantem
1229 1162 1412 1211 viderit
1444 1164 1606 1212 aestas
1636 1165 1801 1211 terna-

23 1260 28 1262 -
105 1253 201 1299 que
253 1236 546 1285 transierint
598 1236 799 1285 Rutulis
852 1236 1060 1285 hiberna
1112 1235 1391 1285 subactis“:
1444 1237 1567 1285 haee
1626 1237 1804 1299 procul

105 1310 254 1359 dubio
295 1310 359 1359 ad
396 1310 618 1371 Aeneae,
656 1326 756 1358 non
795 1311 860 1358 ad
908 1310 1194 1373 provinciae
1232 1326 1498 1374 personam
1535 1310 1802 1373 pertinent.

31 1397 75 1435 ιε
105 1386 147 1434 si
194 1385 324 1433 enim
361 1385 515 1433 Italia
560 1384 726 1433 fuerat
770 1384 959 1432 bellum
1003 1386 1229 1448 gestura,
1276 1401 1425 1447 quem
1462 1384 1802 1449 intellegimus

103 1461 338 1522 percepta
367 1458 579 1507 victoria
600 1458 822 1521 potuisse
851 1457 1094 1523 regnare?
1131 1458 1246 1507 Non
1270 1461 1346 1508 est
1367 1458 1525 1522 igitur
1555 1458 1805 1508 diversum

103 1549 194 1582 nee
242 1533 424 1581 fefellit
471 1532 700 1596 Iuppiter
748 1548 1054 1595 quemquam
1104 1533 1311 1581 dicendo
1355 1533 1627 1582 abnueram
1672 1534 1803 1582 bello

28 1639 41 1663 a
103 1606 307 1656 Italiam
356 1622 644 1656 concurrere
694 1607 910 1656 Teucris.
996 1607 1312 1670 praedixerat
1360 1607 1493 1655 enim
1540 1607 1594 1655 in
1642 1608 1803 1670 primo

26 1665 43 1713 ²
105 1681 232 1730 libro
271 1682 498 1730 futurum
536 1681 723 1730 bellum
760 1683 815 1730 in
851 1681 1006 1730 Italia
1044 1684 1194 1744 atque
1233 1683 1327 1730 hoe
1371 1682 1561 1730 bellum
1598 1682 1804 1730 Aenean

20 1750 76 1820 ᾗο
104 1757 224 1805 feris
257 1757 307 1803 et
336 1755 595 1805 indomitis
627 1755 791 1805 adhue
822 1756 1052 1820 gentibus
1083 1756 1383 1818 inlaturum3
1413 1756 1494 1805 hie
1525 1755 1646 1804 dicit
1674 1756 1804 1804 hane

16 1831 35 1877 ’ἒ
106 1830 260 1879 fuisse
299 1829 692 1893 dispositionem,
730 1847 792 1879 ne
830 1830 952 1879 Itali
989 1831 1093 1879 vim
1122 1830 1243 1879 belli
1282 1830 1509 1879 Troianis
1543 1830 1800 1892 inferrent,

16 1890 36 1928 Ἴ
107 1904 240 1966 quod
278 1919 450 1953 revera
487 1921 587 1953 non
625 1904 788 1966 fieret,
820 1906 864 1954 si
894 1905 1097 1953 Iunonis
1132 1904 1479 1969 tergiversatio
1512 1904 1803 1967 quievisset,

107 1994 258 2040 quam
304 1978 532 2041 Iuppiter
582 1978 782 2042 oblique
832 1980 1003 2042 pulsat
1049 1981 1099 2028 et
1137 1980 1283 2042 quasi
1320 1980 1511 2028 nescius
1552 1981 1805 2028 auctorem

16 2108 18 2110 ,
106 2052 229 2101 facti
272 2053 530 2115 perquirit.
613 2053 826 2116 denique
871 2054 943 2102 sio
987 2054 1179 2117 posuit:
1226 2068 1350 2114 quae
1395 2057 1564 2102 contra
1608 2054 1805 2101 vetitum

13 2190 40 2252 ,ἱ

105 2127 385 2175 discordia?
424 2127 532 2186 quis
569 2131 724 2176 metus
762 2131 849 2176 aut
884 2128 971 2176 hos
1010 2131 1098 2175 aut
1133 2129 1219 2176 hos
1258 2143 1401 2176 arma
1431 2129 1567 2187 sequi
1595 2128 1806 2187 ferrum-

108 2215 196 2261 que
250 2201 482 2249 lacessere
534 2202 725 2249 suasit?
800 2217 922 2263 non,
977 2204 1037 2250 ut
1090 2201 1281 2250 dietum
1334 2203 1431 2263 est,
1479 2201 1696 2265 quaesiit
1747 2205 1807 2249 ut

106 2275 297 2324 nescius
331 2291 428 2337 quo
462 2277 664 2324 auctore
686 2277 787 2324 ista
809 2275 1098 2324 viderentur
1121 2277 1360 2338 admissa,
1385 2277 1470 2324 sed
1490 2276 1808 2339 reprehendit

108 2352 179 2410 et,
218 2365 329 2398 eum
368 2349 526 2398 omnis
566 2349 682 2398 deos
722 2349 977 2414 obiurgat,
1022 2349 1186 2413 ipsam
1230 2350 1472 2399 Iunonem
1508 2350 1805 2398 insolentiae

108 2424 311 2471 erimine
365 2425 587 2488 aspergit
635 2426 685 2472 et
733 2426 891 2472 notat.
979 2424 1202 2473 adveniet
1247 2426 1432 2472 iustwm
1475 2438 1674 2485 puynae
1724 2424 1806 2482 (ne

109 2497 354 2557 accersite)
393 2501 602 2558 tempus,
636 2513 745 2546 cwm
774 2499 886 2558 fera
919 2496 1160 2560 Cartlzayo
1192 2499 1434 2547 Romanis
1465 2500 1661 2547 arcibus
1692 2498 1807 2545 olim

230 2615 252 2652 1
285 2611 358 2653 hic
387 2610 470 2654 ubi
501 2611 661 2666 (supra
687 2611 829 2665 reete)
854 2609 952 2653 VR.
1046 2614 1072 2653 3
1103 2611 1385 2667 iunye‘ndum
1417 2615 1481 2654 est
1503 2610 1545 2652 R
1577 2609 1635 2652 cf.
1662 2613 1700 2663 7,
1721 2613 1803 2651 141

109 2669 342 2726 iwnyenda
371 2674 482 2713 sunt
503 2668 544 2712 V
577 2669 649 2713 ed.
694 2669 698 2727 Ι
741 2675 793 2714 ut
817 2668 900 2712 VR
931 2674 974 2713 et
1002 2674 1054 2714 ut
1084 2669 1156 2713 ed.
1249 2674 1277 2713 4
1309 2670 1456 2723 fereas
1478 2668 1530 2711 V.
1628 2672 1651 2711 7
1670 2681 1805 2723 prae-

104 2729 233 2784 potio
263 2728 305 2771 R
329 2730 667 2784 praepositione
699 2728 771 2773 ed.
884 2732 912 2771 8
944 2729 1493 2773 errorem—intellectum
1517 2727 1602 2770 VR
1631 2729 1806 2770 temere

109 2789 225 2830 mut.
250 2787 322 2831 ed.
445 2792 470 2830 9
502 2789 639 2832 italia
669 2787 755 2831 VR
785 2788 838 2831 in
867 2788 1014 2832 Italia
1045 2787 1210 2844 scripsi
1242 2801 1347 2831 oum
1380 2787 1450 2831 ed.
1583 2791 1637 2830 12
1677 2791 1808 2830 terna

110 2860 225 2901 quae
254 2846 309 2890 R.
397 2850 451 2890 13
481 2847 566 2891 hae
589 2847 631 2890 R
652 2848 705 2891 he
728 2845 771 2888 V
793 2847 903 2891 haec
926 2846 998 2891 ed.
1092 2851 1147 2891 16
1172 2852 1388 2904 precepta
1412 2845 1466 2889 V.
1556 2850 1608 2888 17
1643 2845 1807 2889 bellum

111 2904 207 2948 VR.
331 2910 386 2949 22
418 2911 545 2963 terya
574 2907 767 2951 versatio
798 2905 852 2950 R.
975 2909 1031 2949 25
1063 2907 1166 2951 cavi
1194 2907 1274 2951 hos
1305 2920 1436 2950 arma
1467 2904 1507 2946 R
1543 2906 1645 2948 cavi
1675 2918 1808 2949 arma

111 2962 168 3065 ξς)
198 2970 414 3068 Egpataltzt
456 2966 538 3010 hos
583 2980 728 3011 arma.
867 2969 923 3009 26
970 2965 1186 3011 lacescere
1230 2965 1328 3009 VR.
1397 2965 1401 3021 Ι
1465 2964 1688 3020 quaesivit
1734 2963 1805 3007 ed.

10 3098 47 3157 i>
1456 3110 1542 3155 19·

1839 2135 1894 2175 10
