<?xml version="1.0" encoding="UTF-8"?>
<!DOCTYPE html PUBLIC "-//W3C//DTD XHTML 1.0 Transitional//EN"
    "http://www.w3.org/TR/xhtml1/DTD/xhtml1-transitional.dtd">
<html xmlns="http://www.w3.org/1999/xhtml" xml:lang="en" lang="en">
 <head>
  <title>
</title>
<meta http-equiv="Content-Type" content="text/html;charset=utf-8" />
  <meta name='ocr-system' content='tesseract 3.04.00' />
  <meta name='ocr-capabilities' content='ocr_page ocr_carea ocr_par ocr_line ocrx_word'/>
</head>
<body>
  <div class='ocr_page' id='page_1' title='image "./interpretationes02donauoft_0275.png"; bbox 0 0 2050 3226; ppageno 0'>
   <div class='ocr_carea' id='block_1_1' title="bbox 814 195 1858 253">
    <p class='ocr_par' dir='ltr' id='par_1_1' title="bbox 814 195 1858 253">
     <span class='ocr_line' id='line_1_1' title="bbox 814 195 1858 253; baseline 0.011 -13"><span class='ocrx_word' id='word_1_1' title='bbox 814 195 1119 241; x_wconf 85' lang='lat' dir='ltr'><strong>AENEIDOS</strong></span> <span class='ocrx_word' id='word_1_2' title='bbox 1150 196 1214 240; x_wconf 87' lang='lat' dir='ltr'><strong>IX</strong></span> <span class='ocrx_word' id='word_1_3' title='bbox 1752 199 1858 253; x_wconf 81' lang='grc'><strong>271</strong></span> 
     </span>
    </p>
   </div>
   <div class='ocr_carea' id='block_1_2' title="bbox 0 0 53 3226">
    <p class='ocr_par' dir='ltr' id='par_1_2' title="bbox 0 0 53 3226">
     <span class='ocr_line' id='line_1_2' title="bbox 0 0 53 3226; baseline 0 -2750"><span class='ocrx_word' id='word_1_4' title='bbox 0 0 53 3226; x_wconf 95' lang='lat' dir='ltr'><strong>   </strong></span> <span class='ocrx_word' id='word_1_5' title='bbox 26 476 53 573; x_wconf 95' lang='lat' dir='ltr'><strong> </strong></span> 
     </span>
    </p>
   </div>
   <div class='ocr_carea' id='block_1_3' title="bbox 93 335 1966 2626">
    <p class='ocr_par' dir='ltr' id='par_1_3' title="bbox 93 335 1966 2626">
     <span class='ocr_line' id='line_1_3' title="bbox 169 335 1862 400; baseline -0.002 -13"><span class='ocrx_word' id='word_1_6' title='bbox 169 339 302 387; x_wconf 93' lang='lat' dir='ltr'><strong>mine</strong></span> <span class='ocrx_word' id='word_1_7' title='bbox 346 352 580 386; x_wconf 86' lang='lat' dir='ltr'><strong>revocare</strong></span> <span class='ocrx_word' id='word_1_8' title='bbox 627 335 862 400; x_wconf 86' lang='lat' dir='ltr'><strong>cupiebat</strong></span> <span class='ocrx_word' id='word_1_9' title='bbox 906 335 1115 385; x_wconf 75' lang='lat' dir='ltr'><strong>extollit.</strong></span> <span class='ocrx_word' id='word_1_10' title='bbox 1193 335 1413 384; x_wconf 86' lang='lat' dir='ltr'><strong>sufficiat</strong></span> <span class='ocrx_word' id='word_1_11' title='bbox 1457 338 1530 398; x_wconf 90' lang='lat' dir='ltr'><strong>te,</strong></span> <span class='ocrx_word' id='word_1_12' title='bbox 1575 336 1763 398; x_wconf 88' lang='lat' dir='ltr'><strong>inquit,</strong></span> <span class='ocrx_word' id='word_1_13' title='bbox 1808 337 1862 384; x_wconf 90' lang='lat' dir='ltr'><strong>in</strong></span> 
     </span>
     <span class='ocr_line' id='line_1_4' title="bbox 167 409 1863 476; baseline -0.001 -16"><span class='ocrx_word' id='word_1_14' title='bbox 167 412 291 476; x_wconf 90' lang='lat' dir='ltr'><strong>ipsis</strong></span> <span class='ocrx_word' id='word_1_15' title='bbox 330 412 519 475; x_wconf 90' lang='lat' dir='ltr'><strong>coeptis</strong></span> <span class='ocrx_word' id='word_1_16' title='bbox 558 413 610 459; x_wconf 89' lang='lat' dir='ltr'><strong>et</strong></span> <span class='ocrx_word' id='word_1_17' title='bbox 644 411 699 458; x_wconf 90' lang='lat' dir='ltr'><strong>in</strong></span> <span class='ocrx_word' id='word_1_18' title='bbox 739 409 939 460; x_wconf 88' lang='lat' dir='ltr'><strong>exordio</strong></span> <span class='ocrx_word' id='word_1_19' title='bbox 976 409 1243 473; x_wconf 79' lang='lat' dir='ltr'>placuisse,</span> <span class='ocrx_word' id='word_1_20' title='bbox 1290 413 1466 459; x_wconf 89' lang='lat' dir='ltr'><strong>auctus</strong></span> <span class='ocrx_word' id='word_1_21' title='bbox 1505 425 1555 458; x_wconf 90' lang='lat' dir='ltr'><strong>es</strong></span> <span class='ocrx_word' id='word_1_22' title='bbox 1594 411 1711 459; x_wconf 84' lang='lat' dir='ltr'><strong>novi</strong></span> <span class='ocrx_word' id='word_1_23' title='bbox 1742 411 1863 459; x_wconf 88' lang='lat' dir='ltr'><strong>faeti</strong></span> 
     </span>
     <span class='ocr_line' id='line_1_5' title="bbox 169 483 1861 548; baseline -0.001 -13"><span class='ocrx_word' id='word_1_24' title='bbox 169 501 419 547; x_wconf 86' lang='lat' dir='ltr'><strong>successu,</strong></span> <span class='ocrx_word' id='word_1_25' title='bbox 472 484 544 534; x_wconf 86' lang='lat' dir='ltr'><strong>sic</strong></span> <span class='ocrx_word' id='word_1_26' title='bbox 591 485 882 548; x_wconf 81' lang='lat' dir='ltr'><strong>pervenitur</strong></span> <span class='ocrx_word' id='word_1_27' title='bbox 930 485 992 532; x_wconf 88' lang='lat' dir='ltr'><strong>ad</strong></span> <span class='ocrx_word' id='word_1_28' title='bbox 1041 485 1257 546; x_wconf 88' lang='lat' dir='ltr'><strong>caelum,</strong></span> <span class='ocrx_word' id='word_1_29' title='bbox 1310 500 1400 533; x_wconf 88' lang='lat' dir='ltr'><strong>nec</strong></span> <span class='ocrx_word' id='word_1_30' title='bbox 1448 483 1544 532; x_wconf 83' lang='lat' dir='ltr'><strong>tibi</strong></span> <span class='ocrx_word' id='word_1_31' title='bbox 1593 485 1691 532; x_wconf 86' lang='lat' dir='ltr'><strong>erit</strong></span> <span class='ocrx_word' id='word_1_32' title='bbox 1741 485 1861 533; x_wconf 89' lang='lat' dir='ltr'><strong>haec</strong></span> 
     </span>
     <span class='ocr_line' id='line_1_6' title="bbox 168 557 1861 623; baseline -0.001 -15"><span class='ocrx_word' id='word_1_33' title='bbox 168 561 308 609; x_wconf 90' lang='lat' dir='ltr'><strong>sedes</strong></span> <span class='ocrx_word' id='word_1_34' title='bbox 346 561 566 622; x_wconf 86' lang='lat' dir='ltr'><strong>insueta3</strong></span> <span class='ocrx_word' id='word_1_35' title='bbox 610 574 730 607; x_wconf 90' lang='lat' dir='ltr'><strong>nam</strong></span> <span class='ocrx_word' id='word_1_36' title='bbox 767 558 862 608; x_wconf 90' lang='lat' dir='ltr'><strong>diis</strong></span> <span class='ocrx_word' id='word_1_37' title='bbox 900 558 1098 623; x_wconf 88' lang='lat' dir='ltr'><strong>genitus</strong></span> <span class='ocrx_word' id='word_1_38' title='bbox 1138 561 1189 608; x_wconf 86' lang='lat' dir='ltr'><strong>et</strong></span> <span class='ocrx_word' id='word_1_39' title='bbox 1226 558 1484 623; x_wconf 87' lang='lat' dir='ltr'><strong>geniturus</strong></span> <span class='ocrx_word' id='word_1_40' title='bbox 1524 557 1640 607; x_wconf 89' lang='lat' dir='ltr'><strong>deos</strong></span> <span class='ocrx_word' id='word_1_41' title='bbox 1679 558 1861 623; x_wconf 87' lang='lat' dir='ltr'><strong>dignus</strong></span> 
     </span>
     <span class='ocr_line' id='line_1_7' title="bbox 116 633 1860 697; baseline 0 -17"><span class='ocrx_word' id='word_1_42' title='bbox 116 646 137 680; x_wconf 81' lang='lat'><strong>5</strong></span> <span class='ocrx_word' id='word_1_43' title='bbox 169 650 220 684; x_wconf 88' lang='lat' dir='ltr'><strong>es</strong></span> <span class='ocrx_word' id='word_1_44' title='bbox 259 635 349 696; x_wconf 86' lang='lat' dir='ltr'><strong>qui</strong></span> <span class='ocrx_word' id='word_1_45' title='bbox 394 633 627 697; x_wconf 91' lang='lat' dir='ltr'><strong>opinione</strong></span> <span class='ocrx_word' id='word_1_46' title='bbox 666 634 915 682; x_wconf 87' lang='lat' dir='ltr'><strong>factorum</strong></span> <span class='ocrx_word' id='word_1_47' title='bbox 961 633 1025 682; x_wconf 89' lang='lat' dir='ltr'><strong>ad</strong></span> <span class='ocrx_word' id='word_1_48' title='bbox 1062 634 1175 697; x_wconf 89' lang='lat' dir='ltr'><strong>ipsa</strong></span> <span class='ocrx_word' id='word_1_49' title='bbox 1211 648 1372 696; x_wconf 88' lang='lat' dir='ltr'><strong>usque</strong></span> <span class='ocrx_word' id='word_1_50' title='bbox 1411 634 1549 681; x_wconf 86' lang='lat' dir='ltr'><strong>astra</strong></span> <span class='ocrx_word' id='word_1_51' title='bbox 1585 633 1860 695; x_wconf 86' lang='lat' dir='ltr'><strong>pervenias.</strong></span> 
     </span>
     <span class='ocr_line' id='line_1_8' title="bbox 166 706 1862 768; baseline -0.001 -12"><span class='ocrx_word' id='word_1_52' title='bbox 166 709 274 756; x_wconf 81' lang='lat' dir='ltr'><strong>iure</strong></span> <span class='ocrx_word' id='word_1_53' title='bbox 311 708 478 756; x_wconf 83' lang='lat' dir='ltr'><strong>omnia</strong></span> <span class='ocrx_word' id='word_1_54' title='bbox 516 708 642 756; x_wconf 85' lang='lat' dir='ltr'><strong>bella</strong></span> <span class='ocrx_word' id='word_1_55' title='bbox 674 712 813 768; x_wconf 77' lang='lat' dir='ltr'><strong>yente</strong></span> <span class='ocrx_word' id='word_1_56' title='bbox 850 708 941 756; x_wconf 83' lang='lat' dir='ltr'><strong>sub</strong></span> <span class='ocrx_word' id='word_1_57' title='bbox 971 706 1215 756; x_wconf 81' lang='lat' dir='ltr'><strong><em>Assaraci</em></strong></span> <span class='ocrx_word' id='word_1_58' title='bbox 1243 710 1347 767; x_wconf 83' lang='lat' dir='ltr'><strong>fato</strong></span> <span class='ocrx_word' id='word_1_59' title='bbox 1384 710 1592 755; x_wconf 81' lang='lat' dir='ltr'><strong>ventura</strong></span> <span class='ocrx_word' id='word_1_60' title='bbox 1628 706 1862 756; x_wconf 79' lang='lat' dir='ltr'><strong>resident.-</strong></span> 
     </span>
     <span class='ocr_line' id='line_1_9' title="bbox 167 780 1863 846; baseline -0.002 -15"><span class='ocrx_word' id='word_1_61' title='bbox 167 797 281 831; x_wconf 90' lang='lat' dir='ltr'><strong>cum</strong></span> <span class='ocrx_word' id='word_1_62' title='bbox 319 781 442 830; x_wconf 90' lang='lat' dir='ltr'><strong>dicit</strong></span> <span class='ocrx_word' id='word_1_63' title='bbox 486 782 744 846; x_wconf 89' lang='lat' dir='ltr'><strong>geniturus</strong></span> <span class='ocrx_word' id='word_1_64' title='bbox 784 797 836 830; x_wconf 90' lang='lat' dir='ltr'><strong>es</strong></span> <span class='ocrx_word' id='word_1_65' title='bbox 875 781 991 830; x_wconf 87' lang='lat' dir='ltr'><strong>deos</strong></span> <span class='ocrx_word' id='word_1_66' title='bbox 1038 785 1088 831; x_wconf 89' lang='lat' dir='ltr'><strong>et</strong></span> <span class='ocrx_word' id='word_1_67' title='bbox 1131 780 1318 831; x_wconf 75' lang='lat' dir='ltr'><strong>residet</strong></span> <span class='ocrx_word' id='word_1_68' title='bbox 1356 780 1601 830; x_wconf 90' lang='lat' dir='ltr'><strong>bellorum</strong></span> <span class='ocrx_word' id='word_1_69' title='bbox 1639 781 1863 829; x_wconf 85' lang='lat' dir='ltr'><strong>omnium</strong></span> 
     </span>
     <span class='ocr_line' id='line_1_10' title="bbox 168 855 1864 920; baseline -0.001 -15"><span class='ocrx_word' id='word_1_70' title='bbox 168 860 356 918; x_wconf 90' lang='lat' dir='ltr'><strong>tumor,</strong></span> <span class='ocrx_word' id='word_1_71' title='bbox 397 872 571 919; x_wconf 88' lang='lat' dir='ltr'><strong>pacem</strong></span> <span class='ocrx_word' id='word_1_72' title='bbox 608 856 715 905; x_wconf 87' lang='lat' dir='ltr'><strong>fore</strong></span> <span class='ocrx_word' id='word_1_73' title='bbox 752 858 1047 920; x_wconf 89' lang='lat' dir='ltr'><strong>perpetuam</strong></span> <span class='ocrx_word' id='word_1_74' title='bbox 1085 855 1298 920; x_wconf 89' lang='lat' dir='ltr'><strong>spondet</strong></span> <span class='ocrx_word' id='word_1_75' title='bbox 1335 858 1386 904; x_wconf 90' lang='lat' dir='ltr'><strong>et</strong></span> <span class='ocrx_word' id='word_1_76' title='bbox 1423 871 1562 919; x_wconf 88' lang='lat' dir='ltr'><strong>spem</strong></span> <span class='ocrx_word' id='word_1_77' title='bbox 1598 855 1864 918; x_wconf 90' lang='lat' dir='ltr'><strong>pollicetur</strong></span> 
     </span>
     <span class='ocr_line' id='line_1_11' title="bbox 165 929 1863 994; baseline -0.001 -15"><span class='ocrx_word' id='word_1_78' title='bbox 165 931 441 994; x_wconf 88' lang='lat' dir='ltr'><strong>praesentis</strong></span> <span class='ocrx_word' id='word_1_79' title='bbox 492 931 732 994; x_wconf 89' lang='lat' dir='ltr'><strong>temporis</strong></span> <span class='ocrx_word' id='word_1_80' title='bbox 784 932 834 979; x_wconf 90' lang='lat' dir='ltr'><strong>et</strong></span> <span class='ocrx_word' id='word_1_81' title='bbox 881 931 1056 979; x_wconf 90' lang='lat' dir='ltr'><strong>futuri.</strong></span> <span class='ocrx_word' id='word_1_82' title='bbox 1139 944 1226 979; x_wconf 89' lang='lat' dir='ltr'><strong>nec</strong></span> <span class='ocrx_word' id='word_1_83' title='bbox 1274 933 1318 978; x_wconf 87' lang='lat' dir='ltr'><strong>te</strong></span> <span class='ocrx_word' id='word_1_84' title='bbox 1363 930 1516 978; x_wconf 82' lang='lat' dir='ltr'><strong>Troia</strong></span> <span class='ocrx_word' id='word_1_85' title='bbox 1565 930 1718 990; x_wconf 77' lang='lat' dir='ltr'><strong>capit:</strong></span> <span class='ocrx_word' id='word_1_86' title='bbox 1767 929 1863 977; x_wconf 85' lang='lat' dir='ltr'><strong>erit</strong></span> 
     </span>
     <span class='ocr_line' id='line_1_12' title="bbox 93 1003 1863 1067; baseline 0.001 -17"><span class='ocrx_word' id='word_1_87' title='bbox 93 1017 136 1051; x_wconf 78' lang='grc' dir='ltr'><strong>ιο</strong></span> <span class='ocrx_word' id='word_1_88' title='bbox 164 1006 268 1054; x_wconf 92' lang='lat' dir='ltr'><strong>tale</strong></span> <span class='ocrx_word' id='word_1_89' title='bbox 293 1042 295 1044; x_wconf 83' lang='grc'>-</span> <span class='ocrx_word' id='word_1_90' title='bbox 320 1003 555 1054; x_wconf 87' lang='lat' dir='ltr'><strong>meritum</strong></span> <span class='ocrx_word' id='word_1_91' title='bbox 607 1006 775 1067; x_wconf 87' lang='lat' dir='ltr'><strong>tuum,</strong></span> <span class='ocrx_word' id='word_1_92' title='bbox 836 1006 896 1052; x_wconf 93' lang='lat' dir='ltr'><strong>ut</strong></span> <span class='ocrx_word' id='word_1_93' title='bbox 948 1003 1064 1053; x_wconf 85' lang='lat' dir='ltr'><strong>huic</strong></span> <span class='ocrx_word' id='word_1_94' title='bbox 1115 1020 1216 1053; x_wconf 94' lang='lat' dir='ltr'><strong>non</strong></span> <span class='ocrx_word' id='word_1_95' title='bbox 1269 1005 1372 1053; x_wconf 87' lang='lat' dir='ltr'><strong>iam</strong></span> <span class='ocrx_word' id='word_1_96' title='bbox 1424 1004 1716 1066; x_wconf 90' lang='lat' dir='ltr'><strong>imperium,</strong></span> <span class='ocrx_word' id='word_1_97' title='bbox 1777 1004 1863 1052; x_wconf 90' lang='lat' dir='ltr'><strong>sed</strong></span> 
     </span>
     <span class='ocr_line' id='line_1_13' title="bbox 165 1078 1862 1139; baseline -0.001 -11"><span class='ocrx_word' id='word_1_98' title='bbox 165 1079 376 1128; x_wconf 88' lang='lat' dir='ltr'><strong>fortiora</strong></span> <span class='ocrx_word' id='word_1_99' title='bbox 414 1079 724 1128; x_wconf 88' lang='lat' dir='ltr'><strong>conveniant.</strong></span> <span class='ocrx_word' id='word_1_100' title='bbox 800 1079 949 1127; x_wconf 78' lang='lat' dir='ltr'><strong>simul</strong></span> <span class='ocrx_word' id='word_1_101' title='bbox 984 1079 1103 1127; x_wconf 81' lang='lat' dir='ltr'><strong>haec</strong></span> <span class='ocrx_word' id='word_1_102' title='bbox 1140 1079 1340 1138; x_wconf 82' lang='lat' dir='ltr'><strong>effatus:</strong></span> <span class='ocrx_word' id='word_1_103' title='bbox 1376 1079 1573 1127; x_wconf 90' lang='lat' dir='ltr'><strong>locutus</strong></span> <span class='ocrx_word' id='word_1_104' title='bbox 1612 1080 1689 1126; x_wconf 87' lang='lat' dir='ltr'><strong>est</strong></span> <span class='ocrx_word' id='word_1_105' title='bbox 1724 1078 1862 1139; x_wconf 89' lang='lat' dir='ltr'><strong>haec,</strong></span> 
     </span>
     <span class='ocr_line' id='line_1_14' title="bbox 166 1151 1860 1215; baseline -0.002 -12"><span class='ocrx_word' id='word_1_106' title='bbox 166 1153 252 1203; x_wconf 86' lang='lat' dir='ltr'><strong>sed</strong></span> <span class='ocrx_word' id='word_1_107' title='bbox 297 1155 603 1203; x_wconf 88' lang='lat' dir='ltr'><strong>constitutus</strong></span> <span class='ocrx_word' id='word_1_108' title='bbox 647 1153 702 1201; x_wconf 93' lang='lat' dir='ltr'><strong>in</strong></span> <span class='ocrx_word' id='word_1_109' title='bbox 747 1152 962 1202; x_wconf 90' lang='lat' dir='ltr'><strong>nubibus</strong></span> <span class='ocrx_word' id='word_1_110' title='bbox 1010 1155 1062 1202; x_wconf 89' lang='lat' dir='ltr'><strong>et</strong></span> <span class='ocrx_word' id='word_1_111' title='bbox 1096 1152 1198 1202; x_wconf 87' lang='lat' dir='ltr'><strong>iam</strong></span> <span class='ocrx_word' id='word_1_112' title='bbox 1245 1155 1514 1215; x_wconf 80' lang='lat' dir='ltr'><strong>antequam</strong></span> <span class='ocrx_word' id='word_1_113' title='bbox 1558 1152 1729 1201; x_wconf 88' lang='lat' dir='ltr'><strong>audire</strong></span> <span class='ocrx_word' id='word_1_114' title='bbox 1766 1151 1860 1200; x_wconf 92' lang='lat' dir='ltr'><strong>As-</strong></span> 
     </span>
     <span class='ocr_line' id='line_1_15' title="bbox 167 1225 1862 1291; baseline -0.002 -14"><span class='ocrx_word' id='word_1_115' title='bbox 167 1229 338 1278; x_wconf 86' lang='lat' dir='ltr'><strong>canius</strong></span> <span class='ocrx_word' id='word_1_116' title='bbox 387 1230 559 1291; x_wconf 87' lang='lat' dir='ltr'><strong>posset</strong></span> <span class='ocrx_word' id='word_1_117' title='bbox 606 1226 751 1291; x_wconf 82' lang='lat' dir='ltr'><strong>quasi</strong></span> <span class='ocrx_word' id='word_1_118' title='bbox 799 1229 1112 1291; x_wconf 75' lang='lat' dir='ltr'><strong>praesentem</strong></span> <span class='ocrx_word' id='word_1_119' title='bbox 1173 1227 1373 1276; x_wconf 87' lang='lat' dir='ltr'><strong>adfatus</strong></span> <span class='ocrx_word' id='word_1_120' title='bbox 1425 1229 1513 1275; x_wconf 88' lang='lat' dir='ltr'><strong>est.</strong></span> <span class='ocrx_word' id='word_1_121' title='bbox 1602 1226 1688 1275; x_wconf 88' lang='lat' dir='ltr'><strong>sed</strong></span> <span class='ocrx_word' id='word_1_122' title='bbox 1742 1225 1862 1289; x_wconf 89' lang='lat' dir='ltr'><strong>quia</strong></span> 
     </span>
     <span class='ocr_line' id='line_1_16' title="bbox 167 1299 1862 1364; baseline -0.002 -13"><span class='ocrx_word' id='word_1_123' title='bbox 167 1302 409 1352; x_wconf 85' lang='lat' dir='ltr'><strong>adstantis</strong></span> <span class='ocrx_word' id='word_1_124' title='bbox 470 1302 550 1350; x_wconf 92' lang='lat' dir='ltr'><strong>dei</strong></span> <span class='ocrx_word' id='word_1_125' title='bbox 610 1318 796 1350; x_wconf 90' lang='lat' dir='ltr'><strong>numen</strong></span> <span class='ocrx_word' id='word_1_126' title='bbox 856 1318 980 1364; x_wconf 88' lang='lat' dir='ltr'><strong>puer</strong></span> <span class='ocrx_word' id='word_1_127' title='bbox 1027 1302 1109 1350; x_wconf 87' lang='lat' dir='ltr'><strong>vel</strong></span> <span class='ocrx_word' id='word_1_128' title='bbox 1165 1300 1433 1350; x_wconf 87' lang='lat' dir='ltr'><strong>cuiuslibet</strong></span> <span class='ocrx_word' id='word_1_129' title='bbox 1493 1301 1675 1349; x_wconf 89' lang='lat' dir='ltr'><strong>aetatis</strong></span> <span class='ocrx_word' id='word_1_130' title='bbox 1733 1299 1862 1348; x_wconf 87' lang='lat' dir='ltr'><strong>alius</strong></span> 
     </span>
     <span class='ocr_line' id='line_1_17' title="bbox 93 1375 1965 1440; baseline -0.001 -19"><span class='ocrx_word' id='word_1_131' title='bbox 93 1388 135 1421; x_wconf 86' lang='lat'><strong>15</strong></span> <span class='ocrx_word' id='word_1_132' title='bbox 166 1377 292 1426; x_wconf 89' lang='lat' dir='ltr'><strong>ferre</strong></span> <span class='ocrx_word' id='word_1_133' title='bbox 340 1393 442 1425; x_wconf 92' lang='lat' dir='ltr'><strong>non</strong></span> <span class='ocrx_word' id='word_1_134' title='bbox 494 1378 752 1440; x_wconf 88' lang='lat' dir='ltr'><strong>potuerat,</strong></span> <span class='ocrx_word' id='word_1_135' title='bbox 806 1377 868 1424; x_wconf 87' lang='lat' dir='ltr'><strong>ab</strong></span> <span class='ocrx_word' id='word_1_136' title='bbox 923 1376 1020 1424; x_wconf 81' lang='lat' dir='ltr'><strong>alto</strong></span> <span class='ocrx_word' id='word_1_137' title='bbox 1070 1375 1258 1424; x_wconf 80' lang='lat' dir='ltr'><strong>aethere</strong></span> <span class='ocrx_word' id='word_1_138' title='bbox 1305 1389 1357 1424; x_wconf 88' lang='lat' dir='ltr'><strong>se</strong></span> <span class='ocrx_word' id='word_1_139' title='bbox 1404 1375 1568 1431; x_wconf 80' lang='lat' dir='ltr'><strong>mittit,</strong></span> <span class='ocrx_word' id='word_1_140' title='bbox 1622 1375 1862 1435; x_wconf 78' lang='lat' dir='ltr'><strong>spirantis</strong></span> <span class='ocrx_word' id='word_1_141' title='bbox 1880 1381 1965 1420; x_wconf 86' lang='lat'><strong>645</strong></span> 
     </span>
     <span class='ocr_line' id='line_1_18' title="bbox 166 1449 1861 1513; baseline -0.002 -14"><span class='ocrx_word' id='word_1_142' title='bbox 166 1451 373 1499; x_wconf 78' lang='lat' dir='ltr'><strong>dimovet</strong></span> <span class='ocrx_word' id='word_1_143' title='bbox 401 1465 569 1508; x_wconf 81' lang='lat' dir='ltr'><strong>auras,</strong></span> <span class='ocrx_word' id='word_1_144' title='bbox 601 1451 716 1499; x_wconf 89' lang='lat' dir='ltr'><strong>illas</strong></span> <span class='ocrx_word' id='word_1_145' title='bbox 748 1450 938 1499; x_wconf 87' lang='lat' dir='ltr'><strong>scilicet</strong></span> <span class='ocrx_word' id='word_1_146' title='bbox 960 1449 1143 1513; x_wconf 84' lang='lat' dir='ltr'><strong>quibus</strong></span> <span class='ocrx_word' id='word_1_147' title='bbox 1167 1452 1341 1498; x_wconf 87' lang='lat' dir='ltr'><strong>vectus</strong></span> <span class='ocrx_word' id='word_1_148' title='bbox 1366 1449 1430 1498; x_wconf 92' lang='lat' dir='ltr'><strong>ad</strong></span> <span class='ocrx_word' id='word_1_149' title='bbox 1451 1451 1610 1498; x_wconf 87' lang='lat' dir='ltr'><strong>terras</strong></span> <span class='ocrx_word' id='word_1_150' title='bbox 1642 1451 1861 1509; x_wconf 78' lang='lat' dir='ltr'><strong>venerat,</strong></span> 
     </span>
     <span class='ocr_line' id='line_1_19' title="bbox 165 1523 1861 1586; baseline -0.002 -13"><span class='ocrx_word' id='word_1_151' title='bbox 165 1523 532 1585; x_wconf 77' lang='lat' dir='ltr'><strong>Ascaniumque</strong></span> <span class='ocrx_word' id='word_1_152' title='bbox 556 1525 695 1586; x_wconf 77' lang='lat' dir='ltr'><strong>petit,</strong></span> <span class='ocrx_word' id='word_1_153' title='bbox 734 1524 829 1573; x_wconf 87' lang='lat' dir='ltr'><strong>hoc</strong></span> <span class='ocrx_word' id='word_1_154' title='bbox 860 1527 936 1573; x_wconf 91' lang='lat' dir='ltr'><strong>est</strong></span> <span class='ocrx_word' id='word_1_155' title='bbox 970 1524 1035 1572; x_wconf 87' lang='lat' dir='ltr'><strong>ad</strong></span> <span class='ocrx_word' id='word_1_156' title='bbox 1065 1523 1338 1573; x_wconf 85' lang='lat' dir='ltr'><strong>Ascanium</strong></span> <span class='ocrx_word' id='word_1_157' title='bbox 1370 1524 1529 1585; x_wconf 87' lang='lat' dir='ltr'><strong>venit,</strong></span> <span class='ocrx_word' id='word_1_158' title='bbox 1567 1526 1730 1584; x_wconf 79' lang='lat' dir='ltr'><strong>forma</strong></span> <span class='ocrx_word' id='word_1_159' title='bbox 1761 1526 1861 1570; x_wconf 79' lang='lat' dir='ltr'><strong>tum</strong></span> 
     </span>
     <span class='ocr_line' id='line_1_20' title="bbox 164 1598 1861 1663; baseline -0.001 -16"><span class='ocrx_word' id='word_1_160' title='bbox 164 1600 368 1647; x_wconf 79' lang='lat' dir='ltr'><strong>vertitur</strong></span> <span class='ocrx_word' id='word_1_161' title='bbox 404 1600 505 1647; x_wconf 82' lang='lat' dir='ltr'><strong>oris</strong></span> <span class='ocrx_word' id='word_1_162' title='bbox 544 1600 800 1659; x_wconf 78' lang='lat' dir='ltr'><strong>antiquum</strong></span> <span class='ocrx_word' id='word_1_163' title='bbox 836 1599 892 1646; x_wconf 82' lang='lat' dir='ltr'><strong>in</strong></span> <span class='ocrx_word' id='word_1_164' title='bbox 921 1598 1110 1646; x_wconf 80' lang='lat' dir='ltr'><strong>Buten:</strong></span> <span class='ocrx_word' id='word_1_165' title='bbox 1149 1598 1328 1663; x_wconf 75' lang='lat' dir='ltr'><strong>deligit</strong></span> <span class='ocrx_word' id='word_1_166' title='bbox 1365 1598 1469 1646; x_wconf 92' lang='lat' dir='ltr'><strong>eius</strong></span> <span class='ocrx_word' id='word_1_167' title='bbox 1508 1598 1724 1646; x_wconf 85' lang='lat' dir='ltr'><strong>hominis</strong></span> <span class='ocrx_word' id='word_1_168' title='bbox 1762 1598 1861 1646; x_wconf 84' lang='lat' dir='ltr'><strong>for-</strong></span> 
     </span>
     <span class='ocr_line' id='line_1_21' title="bbox 164 1671 1862 1736; baseline -0.001 -15"><span class='ocrx_word' id='word_1_169' title='bbox 164 1689 299 1722; x_wconf 86' lang='lat' dir='ltr'><strong>mam</strong></span> <span class='ocrx_word' id='word_1_170' title='bbox 338 1673 426 1736; x_wconf 91' lang='lat' dir='ltr'><strong>qui</strong></span> <span class='ocrx_word' id='word_1_171' title='bbox 471 1673 791 1736; x_wconf 76' lang='lat' dir='ltr'><strong>antiquitatis</strong></span> <span class='ocrx_word' id='word_1_172' title='bbox 830 1675 882 1720; x_wconf 87' lang='lat' dir='ltr'><strong>et</strong></span> <span class='ocrx_word' id='word_1_173' title='bbox 919 1672 1287 1722; x_wconf 82' lang='lat' dir='ltr'><strong>exercitationis</strong></span> <span class='ocrx_word' id='word_1_174' title='bbox 1333 1672 1579 1736; x_wconf 87' lang='lat' dir='ltr'><strong>longitate</strong></span> <span class='ocrx_word' id='word_1_175' title='bbox 1626 1671 1862 1720; x_wconf 89' lang='lat' dir='ltr'><strong>collectae</strong></span> 
     </span>
     <span class='ocr_line' id='line_1_22' title="bbox 93 1745 1860 1810; baseline -0.002 -14"><span class='ocrx_word' id='word_1_176' title='bbox 93 1758 136 1791; x_wconf 79' lang='lat'><strong>2⁰</strong></span> <span class='ocrx_word' id='word_1_177' title='bbox 164 1747 343 1797; x_wconf 87' lang='lat' dir='ltr'><strong>merito</strong></span> <span class='ocrx_word' id='word_1_178' title='bbox 390 1763 568 1796; x_wconf 90' lang='lat' dir='ltr'><strong>sanum</strong></span> <span class='ocrx_word' id='word_1_179' title='bbox 613 1747 731 1796; x_wconf 89' lang='lat' dir='ltr'><strong>dare</strong></span> <span class='ocrx_word' id='word_1_180' title='bbox 777 1747 1040 1796; x_wconf 89' lang='lat' dir='ltr'><strong>consilium</strong></span> <span class='ocrx_word' id='word_1_181' title='bbox 1085 1749 1254 1810; x_wconf 89' lang='lat' dir='ltr'><strong>posset</strong></span> <span class='ocrx_word' id='word_1_182' title='bbox 1297 1749 1349 1795; x_wconf 89' lang='lat' dir='ltr'><strong>et</strong></span> <span class='ocrx_word' id='word_1_183' title='bbox 1386 1746 1640 1795; x_wconf 87' lang='lat' dir='ltr'><strong>debuisset</strong></span> <span class='ocrx_word' id='word_1_184' title='bbox 1685 1745 1860 1794; x_wconf 83' lang='lat' dir='ltr'><strong>audiri.</strong></span> 
     </span>
     <span class='ocr_line' id='line_1_23' title="bbox 165 1820 1863 1883; baseline -0.002 -13"><span class='ocrx_word' id='word_1_185' title='bbox 165 1822 242 1870; x_wconf 79' lang='lat' dir='ltr'><strong>hic</strong></span> <span class='ocrx_word' id='word_1_186' title='bbox 263 1822 527 1870; x_wconf 81' lang='lat' dir='ltr'><strong>Dardanio</strong></span> <span class='ocrx_word' id='word_1_187' title='bbox 550 1821 798 1870; x_wconf 76' lang='lat' dir='ltr'><strong>Anchisae</strong></span> <span class='ocrx_word' id='word_1_188' title='bbox 828 1823 1041 1883; x_wconf 75' lang='lat' dir='ltr'><strong>armiyer</strong></span> <span class='ocrx_word' id='word_1_189' title='bbox 1071 1825 1183 1870; x_wconf 86' lang='lat' dir='ltr'><strong>ante</strong></span> <span class='ocrx_word' id='word_1_190' title='bbox 1210 1822 1309 1882; x_wconf 78' lang='lat' dir='ltr'><strong>fait</strong></span> <span class='ocrx_word' id='word_1_191' title='bbox 1336 1821 1561 1882; x_wconf 71' lang='lat' dir='ltr'><strong>fidusque</strong></span> <span class='ocrx_word' id='word_1_192' title='bbox 1591 1820 1658 1869; x_wconf 89' lang='lat' dir='ltr'><strong>ad</strong></span> <span class='ocrx_word' id='word_1_193' title='bbox 1689 1820 1863 1868; x_wconf 79' lang='lat' dir='ltr'><strong>limina</strong></span> 
     </span>
     <span class='ocr_line' id='line_1_24' title="bbox 168 1893 1862 1960; baseline -0.002 -16"><span class='ocrx_word' id='word_1_194' title='bbox 168 1900 349 1944; x_wconf 79' lang='lat' dir='ltr'><strong>custos:</strong></span> <span class='ocrx_word' id='word_1_195' title='bbox 386 1896 605 1960; x_wconf 88' lang='lat' dir='ltr'><strong>armiger</strong></span> <span class='ocrx_word' id='word_1_196' title='bbox 651 1896 771 1944; x_wconf 87' lang='lat' dir='ltr'><strong>belli</strong></span> <span class='ocrx_word' id='word_1_197' title='bbox 806 1897 1032 1959; x_wconf 85' lang='lat' dir='ltr'><strong>tempore</strong></span> <span class='ocrx_word' id='word_1_198' title='bbox 1079 1898 1151 1957; x_wconf 92' lang='lat' dir='ltr'><strong>et,</strong></span> <span class='ocrx_word' id='word_1_199' title='bbox 1198 1912 1311 1944; x_wconf 86' lang='lat' dir='ltr'><strong>eum</strong></span> <span class='ocrx_word' id='word_1_200' title='bbox 1356 1897 1486 1944; x_wconf 90' lang='lat' dir='ltr'><strong>esset</strong></span> <span class='ocrx_word' id='word_1_201' title='bbox 1522 1893 1763 1943; x_wconf 86' lang='lat' dir='ltr'><strong>Anchises</strong></span> <span class='ocrx_word' id='word_1_202' title='bbox 1808 1893 1862 1941; x_wconf 91' lang='lat' dir='ltr'><strong>in</strong></span> 
     </span>
     <span class='ocr_line' id='line_1_25' title="bbox 168 1968 1861 2031; baseline -0.001 -14"><span class='ocrx_word' id='word_1_203' title='bbox 168 1971 292 2031; x_wconf 87' lang='lat' dir='ltr'><strong>otio,</strong></span> <span class='ocrx_word' id='word_1_204' title='bbox 338 1970 654 2020; x_wconf 86' lang='lat' dir='ltr'><strong>fidelissimus</strong></span> <span class='ocrx_word' id='word_1_205' title='bbox 701 1971 748 2018; x_wconf 87' lang='lat' dir='ltr'><strong>ei</strong></span> <span class='ocrx_word' id='word_1_206' title='bbox 793 1970 960 2019; x_wconf 87' lang='lat' dir='ltr'><strong>fuerat</strong></span> <span class='ocrx_word' id='word_1_207' title='bbox 1006 1974 1174 2019; x_wconf 88' lang='lat' dir='ltr'><strong>custos</strong></span> <span class='ocrx_word' id='word_1_208' title='bbox 1213 1972 1264 2018; x_wconf 87' lang='lat' dir='ltr'><strong>et</strong></span> <span class='ocrx_word' id='word_1_209' title='bbox 1301 1985 1402 2018; x_wconf 93' lang='lat' dir='ltr'><strong>non</strong></span> <span class='ocrx_word' id='word_1_210' title='bbox 1447 1969 1510 2017; x_wconf 91' lang='lat' dir='ltr'><strong>ab</strong></span> <span class='ocrx_word' id='word_1_211' title='bbox 1557 1984 1614 2017; x_wconf 90' lang='lat' dir='ltr'><strong>eo</strong></span> <span class='ocrx_word' id='word_1_212' title='bbox 1662 1968 1861 2018; x_wconf 83' lang='lat' dir='ltr'><strong>divelle-</strong></span> 
     </span>
     <span class='ocr_line' id='line_1_26' title="bbox 167 2043 1863 2105; baseline -0.001 -14"><span class='ocrx_word' id='word_1_213' title='bbox 167 2043 331 2092; x_wconf 89' lang='lat' dir='ltr'><strong>batur.</strong></span> <span class='ocrx_word' id='word_1_214' title='bbox 407 2044 589 2093; x_wconf 86' lang='lat' dir='ltr'><strong>dicitur</strong></span> <span class='ocrx_word' id='word_1_215' title='bbox 626 2046 731 2094; x_wconf 89' lang='lat' dir='ltr'><strong>eius</strong></span> <span class='ocrx_word' id='word_1_216' title='bbox 778 2044 931 2093; x_wconf 85' lang='lat' dir='ltr'><strong>etiam</strong></span> <span class='ocrx_word' id='word_1_217' title='bbox 978 2043 1118 2092; x_wconf 88' lang='lat' dir='ltr'><strong>aliud</strong></span> <span class='ocrx_word' id='word_1_218' title='bbox 1162 2045 1421 2105; x_wconf 86' lang='lat' dir='ltr'><strong>meritum,</strong></span> <span class='ocrx_word' id='word_1_219' title='bbox 1465 2046 1525 2092; x_wconf 91' lang='lat' dir='ltr'><strong>ut</strong></span> <span class='ocrx_word' id='word_1_220' title='bbox 1570 2043 1863 2092; x_wconf 88' lang='lat' dir='ltr'><strong>ostendatur</strong></span> 
     </span>
     <span class='ocr_line' id='line_1_27' title="bbox 93 2116 1861 2182; baseline -0.002 -15"><span class='ocrx_word' id='word_1_221' title='bbox 93 2126 136 2160; x_wconf 78' lang='lat'><strong>2⁵</strong></span> <span class='ocrx_word' id='word_1_222' title='bbox 168 2118 350 2167; x_wconf 88' lang='lat' dir='ltr'><strong>amoris</strong></span> <span class='ocrx_word' id='word_1_223' title='bbox 391 2134 544 2168; x_wconf 90' lang='lat' dir='ltr'><strong>causa</strong></span> <span class='ocrx_word' id='word_1_224' title='bbox 579 2118 722 2167; x_wconf 85' lang='lat' dir='ltr'><strong>iuxta</strong></span> <span class='ocrx_word' id='word_1_225' title='bbox 758 2118 918 2182; x_wconf 90' lang='lat' dir='ltr'><strong>ipsius</strong></span> <span class='ocrx_word' id='word_1_226' title='bbox 956 2121 1211 2182; x_wconf 86' lang='lat' dir='ltr'><strong>nepotem:</strong></span> <span class='ocrx_word' id='word_1_227' title='bbox 1251 2122 1352 2166; x_wconf 81' lang='lat' dir='ltr'><strong>tam</strong></span> <span class='ocrx_word' id='word_1_228' title='bbox 1391 2119 1607 2166; x_wconf 78' lang='lat' dir='ltr'><strong>comitem</strong></span> <span class='ocrx_word' id='word_1_229' title='bbox 1643 2116 1861 2166; x_wconf 78' lang='lat' dir='ltr'><strong>Ascanio</strong></span> 
     </span>
     <span class='ocr_line' id='line_1_28' title="bbox 159 2191 1862 2253; baseline -0.002 -12"><span class='ocrx_word' id='word_1_230' title='bbox 159 2197 306 2253; x_wconf 75' lang='lat' dir='ltr'><strong>pater</strong></span> <span class='ocrx_word' id='word_1_231' title='bbox 352 2193 566 2241; x_wconf 76' lang='lat' dir='ltr'><strong>addidit:</strong></span> <span class='ocrx_word' id='word_1_232' title='bbox 618 2194 896 2242; x_wconf 86' lang='lat' dir='ltr'><strong>necessario</strong></span> <span class='ocrx_word' id='word_1_233' title='bbox 950 2194 1100 2241; x_wconf 87' lang='lat' dir='ltr'><strong>istum</strong></span> <span class='ocrx_word' id='word_1_234' title='bbox 1160 2191 1503 2241; x_wconf 89' lang='lat' dir='ltr'><strong>fidelissimum</strong></span> <span class='ocrx_word' id='word_1_235' title='bbox 1552 2207 1720 2240; x_wconf 90' lang='lat' dir='ltr'><strong>senem</strong></span> <span class='ocrx_word' id='word_1_236' title='bbox 1768 2192 1862 2239; x_wconf 88' lang='lat' dir='ltr'><strong>tali</strong></span> 
     </span>
     <span class='ocr_line' id='line_1_29' title="bbox 166 2265 1860 2330; baseline -0.001 -16"><span class='ocrx_word' id='word_1_237' title='bbox 166 2269 388 2330; x_wconf 88' lang='lat' dir='ltr'><strong>tempore</strong></span> <span class='ocrx_word' id='word_1_238' title='bbox 438 2267 542 2315; x_wconf 93' lang='lat' dir='ltr'><strong>filio</strong></span> <span class='ocrx_word' id='word_1_239' title='bbox 594 2266 858 2316; x_wconf 86' lang='lat' dir='ltr'><strong>addiderat</strong></span> <span class='ocrx_word' id='word_1_240' title='bbox 906 2270 1072 2330; x_wconf 85' lang='lat' dir='ltr'><strong>pater3</strong></span> <span class='ocrx_word' id='word_1_241' title='bbox 1120 2267 1307 2316; x_wconf 90' lang='lat' dir='ltr'><strong>fidebat</strong></span> <span class='ocrx_word' id='word_1_242' title='bbox 1351 2266 1483 2315; x_wconf 88' lang='lat' dir='ltr'><strong>enim</strong></span> <span class='ocrx_word' id='word_1_243' title='bbox 1529 2266 1664 2329; x_wconf 89' lang='lat' dir='ltr'><strong>quod</strong></span> <span class='ocrx_word' id='word_1_244' title='bbox 1707 2265 1860 2314; x_wconf 89' lang='lat' dir='ltr'><strong>talem</strong></span> 
     </span>
     <span class='ocr_line' id='line_1_30' title="bbox 168 2339 1859 2405; baseline -0.002 -15"><span class='ocrx_word' id='word_1_245' title='bbox 168 2357 219 2390; x_wconf 89' lang='lat' dir='ltr'><strong>se</strong></span> <span class='ocrx_word' id='word_1_246' title='bbox 260 2343 390 2390; x_wconf 90' lang='lat' dir='ltr'><strong>esset</strong></span> <span class='ocrx_word' id='word_1_247' title='bbox 418 2340 726 2390; x_wconf 84' lang='lat' dir='ltr'><strong>exhibiturus</strong></span> <span class='ocrx_word' id='word_1_248' title='bbox 757 2341 931 2405; x_wconf 89' lang='lat' dir='ltr'><strong>nepoti</strong></span> <span class='ocrx_word' id='word_1_249' title='bbox 961 2342 1161 2403; x_wconf 88' lang='lat' dir='ltr'><strong>qualem</strong></span> <span class='ocrx_word' id='word_1_250' title='bbox 1198 2341 1448 2390; x_wconf 87' lang='lat' dir='ltr'><strong>Anchisae</strong></span> <span class='ocrx_word' id='word_1_251' title='bbox 1487 2356 1580 2389; x_wconf 86' lang='lat' dir='ltr'><strong>avo</strong></span> <span class='ocrx_word' id='word_1_252' title='bbox 1617 2339 1672 2388; x_wconf 91' lang='lat' dir='ltr'><strong>in</strong></span> <span class='ocrx_word' id='word_1_253' title='bbox 1711 2339 1859 2387; x_wconf 89' lang='lat' dir='ltr'><strong>armis</strong></span> 
     </span>
     <span class='ocr_line' id='line_1_31' title="bbox 169 2415 1859 2478; baseline -0.002 -15"><span class='ocrx_word' id='word_1_254' title='bbox 169 2430 220 2463; x_wconf 92' lang='lat' dir='ltr'><strong>se</strong></span> <span class='ocrx_word' id='word_1_255' title='bbox 258 2418 309 2464; x_wconf 89' lang='lat' dir='ltr'><strong>et</strong></span> <span class='ocrx_word' id='word_1_256' title='bbox 337 2416 391 2463; x_wconf 91' lang='lat' dir='ltr'><strong>in</strong></span> <span class='ocrx_word' id='word_1_257' title='bbox 422 2431 543 2478; x_wconf 85' lang='lat' dir='ltr'><strong>pace</strong></span> <span class='ocrx_word' id='word_1_258' title='bbox 574 2416 886 2478; x_wconf 88' lang='lat' dir='ltr'><strong>praebuerat.</strong></span> <span class='ocrx_word' id='word_1_259' title='bbox 947 2430 1056 2464; x_wconf 88' lang='lat' dir='ltr'><strong>ecce</strong></span> <span class='ocrx_word' id='word_1_260' title='bbox 1088 2415 1189 2464; x_wconf 89' lang='lat' dir='ltr'><strong>alia</strong></span> <span class='ocrx_word' id='word_1_261' title='bbox 1219 2415 1406 2465; x_wconf 88' lang='lat' dir='ltr'><strong>dicitur</strong></span> <span class='ocrx_word' id='word_1_262' title='bbox 1436 2430 1586 2464; x_wconf 89' lang='lat' dir='ltr'><strong>causa</strong></span> <span class='ocrx_word' id='word_1_263' title='bbox 1617 2429 1859 2462; x_wconf 89' lang='lat' dir='ltr'><strong>commen-</strong></span> 
     </span>
     <span class='ocr_line' id='line_1_32' title="bbox 95 2487 1860 2554; baseline -0.002 -17"><span class='ocrx_word' id='word_1_264' title='bbox 95 2497 138 2529; x_wconf 79' lang='grc'><strong>30</strong></span> <span class='ocrx_word' id='word_1_265' title='bbox 169 2488 388 2538; x_wconf 88' lang='lat' dir='ltr'><strong>dationis</strong></span> <span class='ocrx_word' id='word_1_266' title='bbox 419 2493 470 2538; x_wconf 92' lang='lat' dir='ltr'><strong>et</strong></span> <span class='ocrx_word' id='word_1_267' title='bbox 499 2490 645 2552; x_wconf 88' lang='lat' dir='ltr'><strong>fidei,</strong></span> <span class='ocrx_word' id='word_1_268' title='bbox 683 2506 809 2554; x_wconf 93' lang='lat' dir='ltr'><strong>quae</strong></span> <span class='ocrx_word' id='word_1_269' title='bbox 840 2489 1128 2552; x_wconf 90' lang='lat' dir='ltr'><strong>Apollinem</strong></span> <span class='ocrx_word' id='word_1_270' title='bbox 1158 2491 1344 2539; x_wconf 88' lang='lat' dir='ltr'><strong>fecerat</strong></span> <span class='ocrx_word' id='word_1_271' title='bbox 1372 2489 1491 2538; x_wconf 81' lang='lat' dir='ltr'><strong>talis</strong></span> <span class='ocrx_word' id='word_1_272' title='bbox 1522 2487 1619 2537; x_wconf 83' lang='lat' dir='ltr'><strong>viri</strong></span> <span class='ocrx_word' id='word_1_273' title='bbox 1656 2488 1860 2535; x_wconf 87' lang='lat' dir='ltr'><strong>induere</strong></span> 
     </span>
     <span class='ocr_line' id='line_1_33' title="bbox 169 2563 1966 2626; baseline -0.003 -14"><span class='ocrx_word' id='word_1_274' title='bbox 169 2579 444 2626; x_wconf 87' lang='lat' dir='ltr'><strong>personam.</strong></span> <span class='ocrx_word' id='word_1_275' title='bbox 519 2565 623 2613; x_wconf 80' lang='lat' dir='ltr'><strong>ibat</strong></span> <span class='ocrx_word' id='word_1_276' title='bbox 666 2563 843 2625; x_wconf 74' lang='lat' dir='ltr'><strong>Apollo</strong></span> <span class='ocrx_word' id='word_1_277' title='bbox 889 2564 1054 2612; x_wconf 82' lang='lat' dir='ltr'><strong>omnia</strong></span> <span class='ocrx_word' id='word_1_278' title='bbox 1093 2564 1322 2625; x_wconf 64' lang='lat' dir='ltr'><strong>longaevo</strong></span> <span class='ocrx_word' id='word_1_279' title='bbox 1366 2563 1564 2619; x_wconf 76' lang='lat' dir='ltr'><strong>similis,</strong></span> <span class='ocrx_word' id='word_1_280' title='bbox 1612 2575 1861 2622; x_wconf 74' lang='lat' dir='ltr'><strong>vocemque</strong></span> <span class='ocrx_word' id='word_1_281' title='bbox 1879 2567 1966 2606; x_wconf 84' lang='lat'><strong>650</strong></span> 
     </span>
    </p>
   </div>
   <div class='ocr_carea' id='block_1_4' title="bbox 170 2643 524 2648">
    <p class='ocr_par' dir='ltr' id='par_1_4' title="bbox 170 2643 524 2648">
     <span class='ocr_line' id='line_1_34' title="bbox 170 2643 524 2648; baseline 0 0"><span class='ocrx_word' id='word_1_282' title='bbox 170 2643 524 2648; x_wconf 95' lang='lat' dir='ltr'><strong> </strong></span> 
     </span>
    </p>
   </div>
   <div class='ocr_carea' id='block_1_5' title="bbox 170 2664 1861 3067">
    <p class='ocr_par' dir='ltr' id='par_1_5' title="bbox 170 2664 1861 3067">
     <span class='ocr_line' id='line_1_35' title="bbox 288 2664 1861 2722; baseline -0.003 -10"><span class='ocrx_word' id='word_1_283' title='bbox 288 2672 315 2712; x_wconf 90' lang='lat'><em>8</em></span> <span class='ocrx_word' id='word_1_284' title='bbox 357 2669 492 2713; x_wconf 82' lang='lat' dir='ltr'><strong>timor</strong></span> <span class='ocrx_word' id='word_1_285' title='bbox 533 2668 604 2713; x_wconf 89' lang='lat' dir='ltr'><strong>ed.</strong></span> <span class='ocrx_word' id='word_1_286' title='bbox 729 2673 783 2712; x_wconf 91' lang='grc'><strong>10</strong></span> <span class='ocrx_word' id='word_1_287' title='bbox 821 2669 928 2712; x_wconf 84' lang='lat' dir='ltr'><strong>huic</strong></span> <span class='ocrx_word' id='word_1_288' title='bbox 961 2667 1003 2711; x_wconf 90' lang='lat' dir='ltr'><strong>V</strong></span> <span class='ocrx_word' id='word_1_289' title='bbox 1044 2669 1151 2713; x_wconf 79' lang='lat' dir='ltr'><strong>hinc</strong></span> <span class='ocrx_word' id='word_1_290' title='bbox 1188 2668 1260 2712; x_wconf 91' lang='lat' dir='ltr'><strong>ed.</strong></span> <span class='ocrx_word' id='word_1_291' title='bbox 1384 2672 1437 2710; x_wconf 81' lang='lat'><strong>12</strong></span> <span class='ocrx_word' id='word_1_292' title='bbox 1479 2668 1614 2711; x_wconf 84' lang='lat' dir='ltr'><strong>etiam</strong></span> <span class='ocrx_word' id='word_1_293' title='bbox 1653 2680 1787 2722; x_wconf 82' lang='lat' dir='ltr'><strong>qaam</strong></span> <span class='ocrx_word' id='word_1_294' title='bbox 1820 2664 1861 2706; x_wconf 89' lang='lat' dir='ltr'>V</span> 
     </span>
     <span class='ocr_line' id='line_1_36' title="bbox 170 2724 1859 2783; baseline -0.002 -13"><span class='ocrx_word' id='word_1_295' title='bbox 170 2728 306 2771; x_wconf 84' lang='lat' dir='ltr'><strong>etiam</strong></span> <span class='ocrx_word' id='word_1_296' title='bbox 347 2741 476 2783; x_wconf 77' lang='lat' dir='ltr'><strong>quem</strong></span> <span class='ocrx_word' id='word_1_297' title='bbox 517 2728 590 2772; x_wconf 90' lang='lat' dir='ltr'><strong>ed.</strong></span> <span class='ocrx_word' id='word_1_298' title='bbox 633 2733 675 2772; x_wconf 83' lang='lat' dir='ltr'><strong>et</strong></span> <span class='ocrx_word' id='word_1_299' title='bbox 714 2730 810 2772; x_wconf 81' lang='lat' dir='ltr'><strong>iam</strong></span> <span class='ocrx_word' id='word_1_300' title='bbox 851 2733 1095 2783; x_wconf 79' lang='lat' dir='ltr'><strong>antequam</strong></span> <span class='ocrx_word' id='word_1_301' title='bbox 1136 2741 1233 2771; x_wconf 84' lang='lat' dir='ltr'><strong>nos.</strong></span> <span class='ocrx_word' id='word_1_302' title='bbox 1364 2731 1418 2770; x_wconf 87' lang='lat'><strong>13</strong></span> <span class='ocrx_word' id='word_1_303' title='bbox 1452 2727 1584 2782; x_wconf 79' lang='lat' dir='ltr'><strong>quasi</strong></span> <span class='ocrx_word' id='word_1_304' title='bbox 1606 2724 1647 2768; x_wconf 95' lang='lat' dir='ltr'><strong>V</strong></span> <span class='ocrx_word' id='word_1_305' title='bbox 1678 2726 1758 2781; x_wconf 79' lang='lat' dir='ltr'><strong>qui</strong></span> <span class='ocrx_word' id='word_1_306' title='bbox 1788 2724 1859 2768; x_wconf 87' lang='lat' dir='ltr'><strong>ed.</strong></span> 
     </span>
     <span class='ocr_line' id='line_1_37' title="bbox 172 2785 1861 2831; baseline -0.001 -2"><span class='ocrx_word' id='word_1_307' title='bbox 172 2791 227 2829; x_wconf 85' lang='lat'><strong>14</strong></span> <span class='ocrx_word' id='word_1_308' title='bbox 257 2799 420 2831; x_wconf 86' lang='lat' dir='ltr'><strong>nomen</strong></span> <span class='ocrx_word' id='word_1_309' title='bbox 441 2786 484 2830; x_wconf 92' lang='lat' dir='ltr'><strong>V</strong></span> <span class='ocrx_word' id='word_1_310' title='bbox 508 2787 580 2831; x_wconf 90' lang='lat' dir='ltr'><strong>ed.</strong></span> <span class='ocrx_word' id='word_1_311' title='bbox 704 2792 759 2831; x_wconf 87' lang='grc'><strong>16</strong></span> <span class='ocrx_word' id='word_1_312' title='bbox 789 2787 875 2831; x_wconf 81' lang='lat' dir='ltr'><strong>illa</strong></span> <span class='ocrx_word' id='word_1_313' title='bbox 897 2786 940 2830; x_wconf 92' lang='lat' dir='ltr'><strong>V</strong></span> <span class='ocrx_word' id='word_1_314' title='bbox 969 2787 1077 2831; x_wconf 83' lang='lat' dir='ltr'><strong>illas</strong></span> <span class='ocrx_word' id='word_1_315' title='bbox 1107 2800 1190 2830; x_wconf 87' lang='lat' dir='ltr'><strong>nos</strong></span> <span class='ocrx_word' id='word_1_316' title='bbox 1222 2800 1310 2830; x_wconf 93' lang='lat' dir='ltr'><strong>om.</strong></span> <span class='ocrx_word' id='word_1_317' title='bbox 1337 2786 1408 2829; x_wconf 88' lang='lat' dir='ltr'><strong>ed.</strong></span> <span class='ocrx_word' id='word_1_318' title='bbox 1533 2789 1585 2827; x_wconf 83' lang='lat'><strong>17</strong></span> <span class='ocrx_word' id='word_1_319' title='bbox 1626 2785 1861 2828; x_wconf 80' lang='lat' dir='ltr'><strong>ascanius-</strong></span> 
     </span>
     <span class='ocr_line' id='line_1_38' title="bbox 171 2842 1861 2903; baseline -0.001 -15"><span class='ocrx_word' id='word_1_320' title='bbox 171 2859 253 2901; x_wconf 78' lang='lat' dir='ltr'><strong>que</strong></span> <span class='ocrx_word' id='word_1_321' title='bbox 283 2844 338 2888; x_wconf 89' lang='lat' dir='ltr'><strong>V.</strong></span> <span class='ocrx_word' id='word_1_322' title='bbox 387 2846 391 2903; x_wconf 84' lang='grc' dir='ltr'>Ι</span> <span class='ocrx_word' id='word_1_323' title='bbox 439 2846 635 2900; x_wconf 81' lang='lat' dir='ltr'><strong>formam</strong></span> <span class='ocrx_word' id='word_1_324' title='bbox 671 2860 755 2902; x_wconf 87' lang='lat' dir='ltr'><strong>pro</strong></span> <span class='ocrx_word' id='word_1_325' title='bbox 793 2846 943 2900; x_wconf 76' lang='lat' dir='ltr'><strong>forma</strong></span> <span class='ocrx_word' id='word_1_326' title='bbox 980 2851 1076 2890; x_wconf 83' lang='lat' dir='ltr'><strong>tum</strong></span> <span class='ocrx_word' id='word_1_327' title='bbox 1107 2845 1161 2890; x_wconf 88' lang='lat' dir='ltr'><strong>V.</strong></span> <span class='ocrx_word' id='word_1_328' title='bbox 1286 2849 1338 2889; x_wconf 89' lang='grc'><strong>19</strong></span> <span class='ocrx_word' id='word_1_329' title='bbox 1373 2845 1589 2901; x_wconf 74' lang='lat' dir='ltr'><strong>lonyitate</strong></span> <span class='ocrx_word' id='word_1_330' title='bbox 1612 2842 1654 2886; x_wconf 92' lang='lat' dir='ltr'><strong>V</strong></span> <span class='ocrx_word' id='word_1_331' title='bbox 1684 2844 1861 2900; x_wconf 71' lang='lat' dir='ltr'><strong>lonqin-</strong></span> 
     </span>
     <span class='ocr_line' id='line_1_39' title="bbox 171 2902 1860 2961; baseline -0.001 -14"><span class='ocrx_word' id='word_1_332' title='bbox 171 2906 342 2959; x_wconf 79' lang='lat' dir='ltr'><strong>quitate</strong></span> <span class='ocrx_word' id='word_1_333' title='bbox 372 2905 444 2948; x_wconf 90' lang='lat' dir='ltr'><strong>ed.</strong></span> <span class='ocrx_word' id='word_1_334' title='bbox 563 2910 617 2949; x_wconf 78' lang='lat'><strong>2⁷</strong></span> <span class='ocrx_word' id='word_1_335' title='bbox 649 2906 884 2960; x_wconf 74' lang='lat' dir='ltr'><strong>fidebat—</strong></span> <span class='ocrx_word' id='word_1_336' title='bbox 904 2908 959 2948; x_wconf 86' lang='lat'><strong>28</strong></span> <span class='ocrx_word' id='word_1_337' title='bbox 982 2906 1136 2961; x_wconf 79' lang='lat' dir='ltr'><strong>nepoti</strong></span> <span class='ocrx_word' id='word_1_338' title='bbox 1165 2904 1337 2960; x_wconf 88' lang='lat' dir='ltr'><strong>partim</strong></span> <span class='ocrx_word' id='word_1_339' title='bbox 1370 2902 1526 2947; x_wconf 84' lang='lat' dir='ltr'><strong>omisit</strong></span> <span class='ocrx_word' id='word_1_340' title='bbox 1556 2902 1730 2958; x_wconf 84' lang='lat' dir='ltr'><strong>partim</strong></span> <span class='ocrx_word' id='word_1_341' title='bbox 1761 2916 1860 2945; x_wconf 88' lang='lat' dir='ltr'><strong>mu-</strong></span> 
     </span>
     <span class='ocr_line' id='line_1_40' title="bbox 171 2961 1861 3064; baseline 0.001 -59"><span class='ocrx_word' id='word_1_342' title='bbox 171 2963 290 3064; x_wconf 79' lang='lat' dir='ltr'><strong>tadvit</strong></span> <span class='ocrx_word' id='word_1_343' title='bbox 320 2963 392 3008; x_wconf 90' lang='lat' dir='ltr'><strong>ed.</strong></span> <span class='ocrx_word' id='word_1_344' title='bbox 496 2968 552 3007; x_wconf 81' lang='lat'><strong>28</strong></span> <span class='ocrx_word' id='word_1_345' title='bbox 583 2966 634 3009; x_wconf 83' lang='lat' dir='ltr'><strong>in</strong></span> <span class='ocrx_word' id='word_1_346' title='bbox 664 2966 807 3009; x_wconf 82' lang='lat' dir='ltr'><strong>armis</strong></span> <span class='ocrx_word' id='word_1_347' title='bbox 828 2963 870 3007; x_wconf 93' lang='lat' dir='ltr'><strong>V</strong></span> <span class='ocrx_word' id='word_1_348' title='bbox 895 2963 965 3008; x_wconf 90' lang='lat' dir='ltr'><strong>ed.</strong></span> <span class='ocrx_word' id='word_1_349' title='bbox 997 2978 1042 3008; x_wconf 85' lang='lat' dir='ltr'><strong>se</strong></span> <span class='ocrx_word' id='word_1_350' title='bbox 1073 2964 1250 3008; x_wconf 88' lang='lat' dir='ltr'><strong>addidi.</strong></span> <span class='ocrx_word' id='word_1_351' title='bbox 1356 2966 1411 3006; x_wconf 85' lang='lat'><strong>30</strong></span> <span class='ocrx_word' id='word_1_352' title='bbox 1443 2963 1594 3007; x_wconf 81' lang='lat' dir='ltr'><strong>iubere</strong></span> <span class='ocrx_word' id='word_1_353' title='bbox 1616 2961 1658 3005; x_wconf 90' lang='lat' dir='ltr'><strong>V</strong></span> <span class='ocrx_word' id='word_1_354' title='bbox 1688 2975 1861 3006; x_wconf 77' lang='lat' dir='ltr'><strong>sumere</strong></span> 
     </span>
     <span class='ocr_line' id='line_1_41' title="bbox 173 3023 590 3067; baseline 0.005 -2"><span class='ocrx_word' id='word_1_355' title='bbox 173 3035 196 3065; x_wconf 92' lang='lat' dir='ltr'><strong>e</strong></span> <span class='ocrx_word' id='word_1_356' title='bbox 236 3057 244 3065; x_wconf 93' lang='lat'>.</span> <span class='ocrx_word' id='word_1_357' title='bbox 277 3023 464 3067; x_wconf 77' lang='lat' dir='ltr'><strong>induere</strong></span> <span class='ocrx_word' id='word_1_358' title='bbox 495 3037 590 3067; x_wconf 80' lang='lat' dir='ltr'><strong>nos,</strong></span> 
     </span>
    </p>
   </div>
  </div>
 </body>
</html>
