2050 3226
201 261 311 314 204
675 258 907 303 DONATI
936 258 1216 303 INTERPR.
1242 258 1420 303 VERG.

199 398 291 447 bus
341 414 430 447 neo
484 398 857 447 succedentibus
910 398 1056 447 malis
1113 399 1384 461 aliquando
1437 399 1759 464 franguntur,
1821 400 1891 449 sie

201 475 413 535 pereunt
449 474 717 522 manifesta
747 473 1020 537 graviaque
1051 472 1272 534 pericula
1301 489 1391 535 pro
1422 473 1616 523 levibus
1648 476 1698 522 et
1728 473 1891 522 dubiis

201 547 534 596 aestfflanteS.
594 547 720 595 ultro
760 547 950 595 animos
987 546 1109 594 tollit
1145 547 1286 595 dictis
1323 551 1464 607 atque
1493 548 1714 609 increpat
1740 548 1867 597 ultro
1876 566 1892 596 .·

200 636 309 670 eece
359 621 631 670 seeundum
667 621 999 669 temeritatem
1030 621 1191 669 suam!
1229 620 1479 670 intellexit
1509 622 1698 671 factum
1737 624 1788 670 et
1816 623 1891 670 in-

199 695 456 744 tellectum
485 696 651 758 ipsum
683 694 772 757 qui
800 695 914 742 fiere
946 694 1200 743 fortunam
1231 710 1376 744 suam
1399 695 1571 745 debuit
1592 696 1893 745 insultanter

201 769 423 832 exponit:
458 785 586 831 quae
607 768 870 817 insultatio
895 768 1186 831 proficiebat
1209 771 1329 831 suiS,
1355 773 1413 818 ut
1437 771 1616 819 animis
1640 770 1892 819 reficeren-

199 845 283 891 tur
314 859 437 906 quos
468 858 586 891 vero
621 842 806 891 iudicio
837 842 1176 891 inmoderatus
1207 859 1365 906 pavor
1395 844 1668 893 adflixerat.
1719 845 1892 893 Troia-

162 920 165 923 '
198 932 287 966 nos
325 918 441 966 haec
478 920 698 965 monstra
731 919 927 978 petunt:
973 917 1136 981 coepit
1173 933 1274 965 non
1313 934 1344 966 a
1381 918 1660 981 principiiS‚
1706 919 1792 967 sed
1829 919 1892 967 ab

197 992 309 1054 ipsa
340 990 701 1054 disputatione,
739 992 800 1039 ut
828 992 1021 1039 mature
1050 991 1272 1040 reficeret
1302 1007 1431 1041 suos.
1493 993 1628 1055 quod
1659 993 1702 1042 si
1732 994 1894 1041 solum

198 1065 396 1127 fuisset,
437 1065 696 1115 sufficeret.
759 1064 881 1127 quid
920 1066 1052 1112 enim
1089 1065 1190 1114 fuit
1225 1066 1279 1113 in
1309 1068 1531 1129 tempore
1562 1068 1893 1116 necessarium

198 1139 295 1187 nisi
317 1141 376 1187 ut
399 1141 548 1188 sciret
571 1139 813 1187 exereitus
835 1138 963 1186 illud
988 1139 1121 1202 quod
1151 1142 1347 1203 gestum
1374 1142 1451 1189 est
1479 1141 1668 1190 malum
1693 1140 1894 1204 quidem

199 1229 318 1275 esse,
351 1213 437 1262 sed
468 1215 724 1276 expectare
756 1212 1032 1261 Troianos?
1095 1213 1287 1262 addidit
1317 1215 1420 1263 alia
1451 1214 1631 1277 quibus
1672 1215 1892 1264 adstrue-

196 1289 274 1336 ret
311 1288 671 1350 expositionem
710 1302 872 1335 suam:
917 1288 993 1335 his
1029 1287 1258 1348 Iuppiter
1286 1289 1391 1349 ipse
1429 1289 1671 1338 auxilium
1699 1290 1892 1337 solitum

1925 1079 1968 1111 10

199 1362 390 1422 eripuit.
465 1362 667 1411 solitum
717 1361 842 1409 dixit
889 1378 989 1410 non
1040 1362 1175 1424 quod
1225 1362 1402 1411 solitus
1457 1365 1587 1412 esset
1639 1365 1893 1426 praestare
1921 1417 1931 1428 ,

199 1436 448 1499 Iuppiter,
488 1435 573 1484 sed
613 1451 711 1498 quo
744 1435 949 1483 Troiani
987 1451 1180 1498 semper
1215 1436 1271 1484 in
1301 1437 1423 1501 fuga
1452 1439 1529 1486 uti
1561 1440 1894 1487 consuessent.

96 1517 181 1557 130
197 1524 295 1558 non
319 1511 414 1559 tela
444 1524 595 1570 neque
624 1510 754 1571 iynis
785 1512 1034 1569 expectant
1062 1510 1295 1558 Rutulos:
1331 1511 1480 1573 ultro,
1510 1511 1692 1574 inquit,
1722 1512 1893 1575 Iuppi-

196 1587 274 1632 ter
311 1585 566 1647 praestitit
597 1583 730 1646 quod
759 1583 963 1632 nitendo
995 1584 1314 1647 cupiebamus
1346 1586 1560 1648 efficere3
1601 1585 1724 1649 quid
1763 1587 1895 1634 enim

197 1658 295 1705 fuit
331 1675 422 1721 pro
461 1658 722 1707 inbellium
766 1673 979 1720 persona
1023 1658 1377 1721 necessarium,
1423 1659 1522 1708 nisi
1565 1663 1623 1708 ut
1669 1659 1895 1724 fugiendi

197 1733 474 1781 subsidium
510 1749 611 1781 non
649 1732 869 1780 habeant
914 1747 1039 1795 quos
1084 1733 1298 1781 formido
1344 1735 1508 1796 turpis
1555 1736 1774 1783 retentat
1818 1735 1892 1782 in-

197 1806 393 1855 clusos?
461 1807 672 1869 denique
712 1808 936 1869 arreptas
967 1807 1100 1855 faces
1133 1808 1363 1868 exponite
1402 1810 1452 1855 et
1480 1811 1729 1857 removete
1763 1824 1891 1871 quae

196 1881 374 1929 tenetis
411 1880 655 1929 incendia.
717 1880 812 1929 diis
850 1880 1138 1929 iuvantibus
1178 1882 1369 1930 factum
1408 1884 1483 1930 est
1518 1883 1651 1945 quod
1682 1899 1771 1945 per
1800 1898 1889 1931 nos

197 1955 410 2003 forsitan
447 1955 630 2017 inpleri
666 1970 766 2002 non
805 1954 988 2017 potuit.
1050 1968 1158 2015 erqo
1187 1956 1353 2004 maria
1388 1956 1528 2004 invia
1568 1957 1768 2005 Teucris
1805 1971 1893 2005 nec

196 2043 306 2088 spes
343 2029 449 2077 ulla
485 2030 654 2090 fugae,
693 2043 859 2077 rerwm
892 2042 1015 2088 pars
1054 2029 1210 2076 altera
1256 2030 1504 2090 adempta,
1552 2034 1684 2079 terra
1731 2034 1891 2078 autem

195 2103 251 2150 in
280 2103 459 2151 nostris
487 2103 741 2151 manibus:
778 2102 907 2151 votis
939 2103 1123 2151 nostris
1155 2105 1330 2165 optata
1361 2107 1636 2165 cesserunt,
1667 2107 1889 2153 tenemus

195 2177 390 2224 hostem
427 2179 564 2224 metu
603 2168 958 2239 desperationis
999 2193 1303 2239 oppressum,
1340 2194 1476 2226 mare
1514 2178 1739 2243 fugiendi
1778 2179 1891 2227 sub-

199 2250 379 2298 sidium
401 2253 567 2315 negat,
600 2252 749 2299 armis
783 2251 1048 2299 clausimus
1073 2253 1272 2300 terram.
1336 2252 1457 2314 quid
1487 2255 1711 2314 superest
1732 2269 1889 2301 remo-

196 2324 263 2372 tis
316 2325 519 2373 incertis
568 2324 668 2372 nisi
719 2327 855 2373 certa
903 2324 1147 2374 victoria?
1208 2326 1324 2375 hinc
1372 2326 1537 2390 pergit
1589 2326 1652 2375 ad
1701 2328 1888 2375 ceteras

197 2400 436 2447 materiae
475 2398 658 2461 partis,
704 2401 763 2446 ut
802 2398 863 2447 ab
903 2399 1130 2448 omnibus
1171 2416 1299 2463 quae
1340 2400 1578 2448 obiectari
1622 2402 1890 2462 potuerant

196 2472 302 2535 ipse
327 2474 487 2537 magis
514 2474 658 2535 quasi
682 2473 887 2521 obiectis
911 2476 1201 2522 occurreret.
1249 2474 1477 2537 equidem
1499 2475 1713 2537 primam
1740 2490 1888 2537 quae·

198 2546 410 2595 stionem
447 2547 607 2595 noluit
646 2547 899 2595 evidenter
928 2563 1124 2609 ponere.
1187 2549 1357 2611 potuit
1387 2549 1519 2596 enim
1551 2548 1648 2596 diei
1683 2549 1726 2597 si
1764 2550 1890 2597 oeci-

199 2620 413 2669 derimus
451 2620 596 2682 istos,
637 2620 758 2683 quid
795 2621 1032 2670 faciemus
1071 2622 1172 2670 illis
1214 2623 1300 2684 qui
1339 2637 1450 2670 eum
1483 2621 1653 2670 Aenea
1691 2622 1888 2671 venturi

319 2781 342 2819 7
383 2791 491 2832 quos
528 2790 631 2822 vero
668 2777 841 2820 iudicio
871 2776 913 2820 V
950 2777 1027 2821 sed
1065 2791 1175 2833 quos
1211 2779 1347 2822 initio
1386 2777 1457 2820 ed.
1509 2777 1514 2836 Ι
1570 2778 1704 2831 favor
1738 2777 1780 2820 V
1815 2778 1887 2821 ed.

200 2838 223 2877 9
256 2849 360 2879 suos
391 2849 479 2880 om.
506 2836 577 2880 ed.
701 2840 754 2879 16
786 2849 866 2880 nee
896 2837 1022 2893 iynes
1054 2837 1124 2880 ed.
1247 2841 1302 2880 19
1334 2838 1496 2882 retinet
1526 2836 1597 2880 ed.
1719 2841 1775 2879 20
1815 2837 1888 2880 de-

191 2895 349 2949 ponite
374 2895 444 2938 ed.
531 2900 585 2938 22
611 2896 832 2951 potuisset
855 2894 926 2938 ed.
1021 2900 1076 2938 23
1109 2896 1321 2952 adempta
1344 2901 1409 2940 est
1431 2895 1501 2940 ed.
1528 2897 1576 2939 et
1599 2894 1736 2951 Verg.
1763 2895 1885 2940 libri.

199 2957 256 2995 24
279 2955 492 2998 manibus
514 2955 683 2999 nostris
706 2954 778 2998 ed.
863 2958 918 2996 28
944 2955 1001 2998 ab
1025 2954 1290 2999 omnibusV
1307 2954 1377 2998 ed.
1403 2955 1460 2998 ab
1485 2954 1734 2998 delendum
1758 2957 1886 3010 puto.

197 3015 254 3113 {9
287 3013 379 3067 ipsi
402 3012 443 3056 V
468 3013 679 3115 oon-ded.
765 3016 820 3056 30
845 3013 939 3058 dici
961 3013 1003 3056 V
1027 3014 1070 3057 d.
1095 3015 1160 3058 sic
1185 3014 1255 3058 ed.
1293 3014 1297 3072 Ι
1333 3015 1694 3059 occiderimus—
1714 3017 1768 3057 31
1793 3015 1889 3058 illis

221 3083 371 3114 emere
402 3074 515 3115 mut.
542 3085 565 3115 e
604 3106 613 3116 .

1927 1448 1967 1481 15

1924 1819 1967 1852 20

1923 2192 1964 2225 25

1922 2562 1964 2594 30
