2050 3226
774 175 1079 222 AENEIDOS
1109 175 1174 221 IX
1712 181 1821 235 263

132 318 283 367 armis
337 315 589 382 egregius,
642 317 807 377 pictus
860 331 953 366 acu
1006 316 1324 378 chlamydem,
1379 333 1439 365 ex
1491 332 1585 366 acu
1635 318 1821 367 habens

130 392 351 455 picturas
382 391 435 439 in
467 390 748 454 chlamyde,
793 394 835 439 et
872 391 1122 452 ferraqine
1162 391 1327 439 clarus
1356 391 1533 440 lbera:
1563 407 1594 440 a
1623 394 1822 441 nomine

130 467 228 514 loci
260 464 465 514 addidit
486 464 668 528 speciei
699 465 1013 530 dignitatem,
1043 465 1291 528 quomodo
1324 465 1424 514 alio
1455 465 1565 515 loco
1589 459 1665 532 (4,
1691 460 1821 532 262)

131 540 416 603 „Tyrioque
456 538 664 588 ardebat
700 539 888 588 murice
933 537 1131 600 laena“,
1176 539 1263 588 sed
1307 539 1413 588 illic
1458 555 1679 603 purpura
1724 539 1821 604 sig·

56 616 99 660 δε
129 614 330 663 nificata
383 615 459 662 est
512 613 736 662 confecta
789 629 847 661 ex
899 614 1109 672 murice,
1162 612 1243 662 hic
1297 615 1464 662 autem
1517 614 1823 678 ferruginem

129 687 257 736 dixit
302 688 434 737 aerei
480 687 672 737 coloris.
747 688 958 748 insiynis
1002 688 1151 748 facie,
1202 688 1295 736 hoc
1345 690 1420 737 est
1469 689 1576 752 ipse
1626 704 1821 752 quoque

128 763 388 811 formosus.
459 763 647 823 yenitor
691 775 831 821 quem
867 762 1070 810 miserat
1104 760 1318 810 Arcens:
1361 763 1492 811 hunc
1537 763 1591 811 in
1636 762 1823 810 bellum

128 839 271 899 pater
301 850 418 885 suus
442 836 630 885 Arcens
661 837 881 884 miserat.
944 835 1166 884 eductum
1187 837 1374 884 Martis
1398 837 1524 894 lucc,
1557 837 1822 886 educatum

128 913 278 974 atque
310 909 557 959 nutritum
594 909 647 958 in
686 910 862 959 Martis
902 910 1037 970 luen,
1074 909 1354 971 Symaethia
1385 912 1566 959 circum
1595 913 1819 970 slwmina,
1838 920 1923 961 585

53 988 98 1030 io
123 985 325 1046 pinquis
369 985 455 1033 ubi
501 988 544 1033 et
580 985 847 1044 placabilis
893 999 988 1032 ara
1024 985 1207 1032 Palici:
1256 983 1384 1033 dixit
1427 985 1594 1034 lucum
1644 987 1694 1034 et
1743 985 1823 1033 cui

127 1058 218 1107 deo
257 1058 514 1108 videretur
544 1074 649 1108 esse
681 1061 928 1120 sacratus,
969 1057 1164 1107 addidit
1195 1061 1246 1107 et
1275 1059 1493 1123 regionis
1526 1062 1577 1108 et
1605 1059 1820 1108 fluminis

127 1134 285 1197 signa.
361 1134 494 1182 hunc
537 1133 766 1182 iuvenem
811 1132 1103 1181 notabiliter
1148 1135 1298 1196 poeta
1344 1133 1627 1197 descripsit,
1678 1134 1823 1197 quasi

125 1207 314 1256 bellum
364 1210 453 1256 aut
499 1209 697 1270 tempus
748 1223 846 1270 quo
897 1206 1102 1255 Troiani
1149 1207 1202 1254 in
1251 1207 1474 1271 periculo
1524 1210 1630 1256 tam
1680 1208 1823 1272 gravi

126 1282 326 1330 fuerant
370 1281 632 1331 constituti
677 1284 766 1330 aut
810 1282 992 1330 stantis
1032 1280 1334 1330 desideraret
1376 1284 1466 1330 aut
1501 1283 1733 1345 pulchros
1773 1285 1823 1331 et

53 1370 95 1403 ιε
127 1356 312 1405 otiosos
361 1359 451 1405 aut
495 1358 632 1405 veste
679 1356 987 1418 conspicuos
1071 1356 1350 1404 stridentem
1393 1357 1606 1416 fundam
1642 1357 1822 1416 positis

125 1431 399 1479 Mezentius
428 1430 583 1479 hastis
612 1431 716 1490 ipse
747 1433 818 1478 ter
847 1430 1062 1478 adducta
1092 1431 1273 1478 circum
1304 1433 1450 1490 caput
1480 1431 1573 1492 eyit
1607 1431 1822 1479 habena:

127 1507 313 1567 quanto
353 1504 484 1553 enim
523 1506 754 1553 contorta
783 1503 939 1552 fuerit
969 1504 1127 1552 funda
1156 1505 1468 1567 frequentius
1507 1507 1651 1554 tanto
1690 1504 1820 1554 ictus

124 1579 375 1642 profectus
423 1596 482 1627 ex
518 1578 631 1642 ipsa
669 1578 849 1627 fortius
896 1578 1053 1627 currit
1092 1580 1142 1626 et
1180 1579 1382 1643 gravior
1418 1579 1656 1643 pervenit.
1734 1595 1820 1642 po-

125 1653 256 1715 sitis,
300 1653 489 1716 inquit,
534 1654 693 1702 hastis
739 1653 1012 1702 Mezentius
1059 1652 1124 1701 ad
1170 1653 1378 1702 fundam
1417 1670 1520 1703 sese
1560 1653 1820 1702 convertit.

50 1739 94 1773 20
124 1743 210 1776 cur
248 1728 380 1776 enim
425 1730 598 1776 contra
642 1728 852 1776 inertem
897 1727 1027 1776 ferro
1066 1727 1417 1777 contenderet?
1479 1730 1530 1777 et
1573 1727 1703 1776 illud
1746 1728 1820 1776 in-

122 1802 293 1867 tellegi
330 1804 515 1865 potest,
553 1802 739 1851 idcirco
778 1802 921 1850 illum
962 1803 1132 1850 hastas
1171 1802 1419 1864 posuisse,
1450 1806 1508 1851 ut
1547 1801 1822 1866 expeditior

124 1878 254 1924 esset
292 1876 356 1924 ad
394 1877 614 1925 fundam.
677 1876 967 1925 stridentem
1009 1877 1084 1925 ait
1121 1876 1349 1940 fundam,
1389 1878 1528 1940 quia,
1569 1877 1688 1925 dum
1719 1879 1819 1925 tor-

125 1952 324 2012 quetur,
384 1954 443 1999 ut
494 1950 740 2014 impetum
793 1951 1021 2014 colligat,
1083 1950 1275 2000 stridet.
1365 1951 1548 2000 fundae
1601 1951 1819 2000 intortae

124 2027 315 2086 quanta
376 2026 452 2073 vis
515 2025 666 2074 fuerit
726 2028 1085 2087 consequenter
1148 2024 1367 2074 ostendit
1424 2025 1709 2075 subiciendo
1779 2030 1823 2074 et

49 2111 93 2143 25
122 2099 285 2147 media
324 2099 518 2147 adversi
558 2099 812 2158 liquefacto
859 2103 1075 2159 tempora
1106 2100 1308 2159 plumbo
1347 2100 1533 2160 diffidit
1570 2115 1629 2149 ac
1664 2100 1820 2149 multa

115 2176 392 2234 porrectum
424 2173 633 2221 extendit
660 2173 872 2222 harena:
910 2174 1072 2222 solent
1110 2176 1161 2222 et
1198 2174 1389 2236 lapides
1428 2174 1504 2223 his
1544 2174 1679 2223 mitti
1717 2176 1819 2224 tor-

122 2248 325 2308 mentis,
381 2247 465 2296 sed
518 2247 786 2296 violentior
839 2250 915 2296 est
968 2247 1156 2311 species
1206 2247 1399 2311 plumbi
1449 2264 1563 2297 cum
1614 2248 1818 2310 iacitur,

122 2323 243 2370 haec
289 2322 420 2370 enim
467 2321 647 2371 emissa
694 2322 805 2370 sinu
851 2321 1056 2383 fundae,
1106 2322 1223 2370 dum
1262 2323 1423 2371 fertur
1462 2339 1595 2381 aere,
1646 2323 1819 2371 dissol-

122 2397 258 2443 vitur
289 2398 339 2444 et
370 2395 570 2445 veniens
602 2411 702 2443 non
736 2396 935 2444 tantum
966 2396 1183 2459 pondere
1221 2413 1394 2445 verum
1433 2397 1584 2446 etiam
1623 2397 1816 2460 liquore

0 2460 1 2473 ¹
48 2480 92 2514 so
121 2470 265 2534 igneo
306 2470 546 2533 quicquid
581 2470 831 2519 invenerit
867 2471 970 2519 urit
1007 2472 1159 2534 atque
1198 2471 1440 2520 dissolvit.
1517 2470 1726 2534 denique
1765 2469 1818 2518 in

243 2645 268 2683 2
309 2641 454 2685 bibere
491 2654 576 2697 pro
608 2642 746 2685 lbera
776 2640 831 2685 V.
955 2645 980 2684 3
1019 2643 1188 2698 species
1217 2641 1260 2685 V
1292 2656 1407 2686 corr.
1441 2642 1513 2686 ed.
1636 2646 1661 2685 6
1701 2642 1819 2686 aerii

121 2698 164 2741 V
188 2699 259 2744 ed.
390 2703 415 2743 9
447 2701 638 2758 symetia
662 2700 716 2744 V.
849 2704 902 2744 14
934 2705 1018 2745 aut
1046 2702 1190 2745 tantis
1212 2700 1255 2744 V
1286 2707 1370 2746 aut
1398 2702 1564 2746 stantis
1601 2713 1684 2743 nos
1723 2713 1816 2744 non

123 2757 194 2802 ed.
243 2758 247 2815 ι
298 2759 607 2804 desiderarent
644 2759 715 2803 ed.
765 2760 768 2817 Ι
819 2764 861 2803 et
894 2761 1058 2804 otiosos
1084 2759 1126 2803 V
1157 2766 1240 2805 aut
1270 2774 1308 2806 o.
1343 2760 1414 2804 ed.
1447 2760 1644 2803 fortasse
1675 2761 1814 2803 recte.

125 2822 178 2860 16
210 2818 353 2862 hastis
375 2817 418 2861 V
449 2820 592 2863 armis
622 2819 693 2863 cd.
819 2822 873 2862 18
905 2819 1134 2875 perfectus
1167 2819 1239 2863 ed.
1362 2823 1418 2862 20
1449 2820 1658 2873 inertem,
1690 2818 1815 2873 quod

122 2875 336 2932 Hoppius
390 2891 434 2933 p.
477 2882 532 2922 16
588 2877 871 2932 coniecerat,
911 2877 953 2920 V
999 2884 1183 2923 mortem
1230 2878 1301 2922 ed.
1356 2891 1520 2922 morem
1575 2877 1645 2921 ed.
1693 2879 1812 2933 post.

125 2939 178 2977 22
212 2936 319 2979 dum
343 2934 385 2978 V
415 2949 516 2980 cum
548 2937 618 2980 ed.
727 2941 782 2980 27
815 2937 1122 2982 violentiorem
1145 2936 1186 2980 V
1211 2951 1323 2982 corr.
1351 2937 1421 2981 ed.
1530 2940 1586 2980 30
1617 2938 1749 2994 iyneo
1772 2936 1814 2980 V

116 2994 326 3049 plumbeo
358 2997 492 3051 quasi
522 2997 644 3053 iynis
675 2996 746 3040 ed.
795 2996 800 3054 Ι
852 2997 1028 3041 invenit
1058 2997 1130 3040 ed.
