2050 3226
227 170 334 224 538
696 167 931 212 DONATI
958 168 1238 213 INTERPR.
1250 167 1443 212 VERG.

226 324 321 357 vox
358 309 459 358 ista
496 310 578 357 est
602 310 653 357 et
681 308 796 356 inde
830 307 990 372 magis
1027 309 1322 369 commotae,
1362 307 1494 370 quod
1525 309 1828 357 exultantem
1858 308 1918 358 de

228 382 466 431 Camillae
510 385 670 431 morte
715 383 987 430 Arruntem
1031 382 1161 430 vidit
1206 384 1258 430 et
1303 382 1466 430 alieno
1511 383 1701 431 laetum
1752 383 1917 444 exitio,

225 473 339 505 cum
367 457 475 520 ipse
507 472 651 505 suum
680 472 794 504 mox
825 455 1116 505 adfuturum
1139 471 1228 504 nec
1256 456 1570 521 intellegeret
1598 473 1688 506 nec
1714 456 1918 506 videret.

223 531 346 579 haec
383 534 551 580 tamen
589 530 887 592 loquebatur
925 545 1092 578 secum
1129 532 1304 592 utpote
1341 530 1396 578 in
1433 546 1623 579 summo
1663 532 1830 594 posita
1869 534 1920 580 et

224 608 430 668 propter
465 604 759 653 insidiarum
798 605 1025 652 effectum
1062 605 1246 666 latens,
1285 604 1473 653 scilicet
1509 622 1610 654 non
1639 607 1698 654 ut
1726 605 1918 654 Arruns
1973 618 1994 651 5

226 679 439 740 audiret,
464 678 550 727 sed
572 681 630 727 ut
652 677 1034 727 comminatione
1064 678 1329 727 verborum
1360 678 1668 728 satisfaceret
1699 679 1918 729 aestibus

156 800 161 803 ,
225 753 342 802 suis.
418 754 587 801 locuta
633 754 709 801 est
754 768 871 816 ergo
920 751 1064 816 quasi
1102 753 1166 800 ad
1211 755 1523 815 praesentem
1561 755 1612 803 et
1655 755 1919 816 tamquam

223 829 534 890 praesentem
562 826 864 876 insultanter
893 827 1129 890 appellat.
1186 827 1331 890 quid,
1371 828 1466 888 ait,
1496 827 1549 876 in
1581 827 1776 877 diversa
1807 843 1920 876 con-

222 900 421 950 tendis?
483 901 733 950 diversum
775 903 851 950 est
890 902 1024 963 quod
1069 903 1144 950 est
1181 901 1329 965 longe
1373 903 1622 950 remotum
1657 901 1720 949 ab
1761 902 1918 950 altero

224 978 273 1024 et
318 975 537 1024 subsidio
586 975 869 1038 prolixioris
919 974 1072 1038 spatii
1121 975 1414 1024 obscuratur
1459 977 1510 1024 et
1545 977 1748 1040 tegitur.
1823 976 1919 1024 huc
1953 990 1996 1022 ιο

225 1050 382 1114 dirige
421 1065 666 1114 gressum,
703 1050 821 1112 huc⁷
859 1051 1102 1112 periture,
1141 1051 1279 1112 veni,
1317 1051 1478 1114 magis
1516 1050 1614 1099 huc
1650 1050 1788 1111 veni,
1821 1066 1920 1112 quo

222 1124 419 1173 facilius
458 1139 653 1187 pereas3
693 1124 860 1186 capias
899 1126 960 1172 ut
991 1123 1143 1188 digna
1176 1123 1416 1173 Camillae
1453 1125 1700 1187 praemia,
1731 1126 1798 1172 'ut
1829 1122 1919 1172 Ca-

222 1197 363 1246 milla
393 1198 487 1247 tibi
516 1198 756 1261 rependat
785 1214 875 1262 pro
906 1199 1097 1247 meritis
1128 1199 1420 1262 praemium.
1473 1201 1592 1246 tune
1625 1200 1777 1247 etiam
1806 1198 1920 1246 telis

222 1273 429 1320 moriere
461 1271 689 1321 Dianae?
743 1273 888 1322 debes
920 1274 1087 1322 necari
1117 1272 1231 1321 telis
1265 1274 1371 1321 eius
1404 1289 1556 1335 quam
1595 1272 1649 1320 in
1683 1271 1921 1322 Camillae

222 1349 382 1395 morte
435 1346 690 1395 credidisti
742 1346 1092 1396 temnendam?
1169 1348 1293 1395 dixit
1352 1351 1394 1395 et
1447 1350 1629 1396 aurata
1680 1347 1922 1395 vomerem
1954 1358 1995 1392 15

225 1421 456 1469 Threissa
512 1422 739 1482 sagittam
794 1422 1088 1482 deprompsit
1133 1422 1372 1482 pharetra
1429 1427 1671 1480 cornuque
1724 1422 1923 1481 infensa

222 1495 447 1543 tetendit?
486 1511 598 1544 cum
636 1495 759 1543 dicit
788 1496 1056 1557 infensam,
1096 1495 1290 1558 aliquid
1319 1511 1557 1559 magnum
1587 1512 1677 1558 per
1709 1502 1922 1543 commo-

222 1568 408 1617 tionem
460 1585 695 1634 magnam
750 1572 800 1620 et
853 1569 988 1632 quod
1041 1569 1247 1618 modum
1299 1571 1422 1619 artis
1474 1569 1679 1618 excedat
1725 1569 1922 1618 factura

222 1645 543 1692 monstratur.
619 1644 868 1706 prompsit
903 1644 1060 1708 igitur
1109 1642 1349 1707 sagittam
1387 1645 1438 1692 et
1473 1644 1603 1691 hanc
1641 1650 1792 1691 nervo
1835 1659 1921 1704 ap-

221 1719 384 1765 tatam
413 1718 578 1766 tendit
606 1734 813 1767 recurvo
838 1733 1013 1781 cornu3
1044 1719 1261 1781 pertinet
1285 1717 1416 1765 enim
1440 1718 1504 1766 ad
1528 1719 1686 1766 artem
1707 1716 1921 1765 iaciendi
1953 1730 1996 1762 20

121 1802 207 1842 860
225 1791 360 1854 quod
392 1807 534 1841 arcus
560 1792 718 1841 omnis
744 1794 981 1842 curvatur
1009 1792 1062 1840 in
1092 1791 1287 1841 finibus.
1339 1795 1381 1839 et
1408 1791 1548 1839 duxit
1577 1791 1726 1852 lonye,
1758 1792 1921 1854 ipsam

225 1866 412 1915 scilicet
449 1867 690 1930 sagittam
728 1883 836 1915 cum
869 1882 1042 1928 nerv0‚
1082 1867 1229 1915 donec
1259 1869 1463 1914 curvata
1501 1866 1680 1913 coirent
1715 1866 1842 1913 inter
1871 1879 1922 1913 se

226 1941 414 2000 capita:
459 1942 601 1990 tanto
641 1940 773 1988 enim
812 1941 1000 2005 sagitta
1037 1940 1233 2004 longius
1275 1955 1332 1988 ac
1370 1939 1550 1988 fortius
1589 1940 1728 1988 volat
1767 1955 1920 2001 quan-

223 2015 335 2060 tum
363 2015 656 2077 retrorsum,
681 2015 802 2063 dum
831 2016 1075 2080 tenditur,
1105 2016 1388 2076 revocatur,
1422 2029 1563 2062 arcus
1596 2030 1792 2077 quoque
1815 2013 1920 2075 ipse

223 2089 343 2135 tunc
375 2090 575 2136 exeunti
605 2090 846 2138 maiorem
874 2090 1118 2152 impetum
1147 2091 1393 2151 praestat,
1425 2087 1469 2136 si
1499 2088 1666 2151 capita
1697 2087 1803 2135 eius
1836 2087 1919 2135 ad-
1952 2098 1995 2132 25

226 2161 377 2209 ducta
424 2162 712 2226 iungantur.
790 2167 832 2211 et
868 2165 1098 2212 manibus
1135 2164 1236 2211 iam
1281 2165 1494 2223 tanyeret
1540 2162 1728 2222 aequis,
1781 2162 1922 2209 laeva

226 2237 378 2284 aciem
428 2237 571 2296 ferri,
628 2237 798 2285 deoetra
849 2252 1087 2297 nervoque
1133 2237 1403 2297 papillam:
1458 2236 1565 2299 ipse
1620 2237 1694 2284 est
1745 2233 1919 2283 modus

226 2311 440 2374 sagittae
487 2310 758 2359 mittendae
804 2327 893 2360 nec
940 2327 1044 2360 esse
1091 2311 1304 2373 amplior
1349 2312 1542 2374 potest,
1586 2311 1646 2357 ut
1693 2307 1918 2357 harundo

227 2386 402 2446 aptata
439 2399 590 2433 nervo
626 2386 777 2446 atque
808 2386 859 2432 in
890 2386 1142 2434 dexteram
1172 2387 1367 2447 partem
1397 2400 1554 2447 usque
1586 2383 1650 2432 ad
1679 2383 1920 2446 papillam

224 2458 428 2506 reducta
451 2459 708 2520 perveniat
735 2461 785 2507 et
815 2459 1045 2509 sinistrae
1076 2474 1252 2508 manus
1286 2458 1471 2523 digitos
1502 2458 1717 2506 tenentis
1749 2471 1920 2504 arcum
1951 2468 1995 2501 30

346 2634 370 2672 2
403 2635 585 2674 mortem
613 2629 655 2672 V
687 2643 800 2673 corr.
838 2629 908 2672 ed.
958 2630 961 2687 ἷ
1012 2635 1289 2674 corruentem
1312 2628 1355 2673 V
1386 2628 1457 2673 ed.
1491 2629 1739 2672 Arruntem
1777 2640 1873 2670 nos.
1910 2628 1914 2684 l

226 2689 427 2732 alienum
476 2690 590 2733 laeto
628 2688 671 2732 V
717 2702 830 2732 corr.
880 2689 950 2732 ed.
1093 2693 1118 2732 6
1164 2689 1554 2734 comminationem
1592 2686 1634 2730 V
1682 2699 1794 2730 corr.
1845 2686 1916 2730 ed.

227 2752 254 2790 8
286 2748 434 2792 tendis
465 2747 536 2791 ed.
643 2752 668 2791 9
701 2748 821 2804 quod
851 2753 916 2792 est
946 2761 1033 2791 om.
1061 2748 1177 2792 edF.
1292 2752 1348 2791 14
1379 2747 1507 2791 debes
1530 2745 1571 2789 V
1595 2745 1666 2790 ed.
1700 2745 1917 2789 debesne?

229 2811 283 2850 15
315 2807 684 2851 contemnendam
715 2807 787 2851 ed.
827 2807 831 2865 ι
875 2812 1088 2851 awratam
1111 2806 1154 2849 V
1177 2807 1248 2851 ed.
1283 2806 1460 2850 correxi
1491 2804 1742 2848 secundum
1776 2803 1914 2860 Verg.

226 2865 383 2910 libros.
506 2870 559 2908 17
592 2866 775 2919 infensa
807 2865 878 2910 ed.
1001 2869 1056 2908 20
1087 2866 1270 2910 iacendi
1292 2865 1335 2909 V
1363 2879 1475 2909 corr.
1502 2863 1574 2908 ed.
1704 2867 1757 2906 21
1798 2863 1918 2918 quod

227 2938 363 2969 arcus
392 2923 434 2967 V
472 2925 680 2981 corrupit
718 2924 790 2969 ed.
829 2938 1048 2980 arcusque
1086 2925 1157 2968 ed.
1194 2926 1314 2980 post.
1437 2928 1492 2967 25
1532 2928 1641 2967 tunc
1678 2926 1842 2966 exeunt
1874 2921 1916 2965 V

228 2989 257 3027 t.
291 2985 475 3028 exeunti
504 2997 587 3026 nos
620 2997 706 3027 om.
735 2984 805 3027 ed.
