2050 3226
219 164 327 218 248
690 161 924 207 DONATI
953 161 1235 206 INTERPR.
1260 161 1438 206 VERG.

219 303 395 350 Rutuli
433 302 691 350 clamantis
727 301 782 349 in
820 316 900 350 ore
939 301 1153 350 condidit
1189 302 1406 351 adverso.
1469 304 1712 365 oportune
1750 303 1910 352 iactus

219 378 296 426 est
327 375 480 437 ensis,
519 376 620 424 fuit
650 375 781 424 enim
812 375 1105 438 penetrandi
1135 375 1296 425 facilis
1328 379 1434 438 via,
1471 379 1532 425 ut
1563 393 1616 426 os
1649 377 1910 426 clamantis

219 451 369 500 simul
399 450 571 499 feriret
594 452 644 498 et
667 449 931 498 clauderet.
986 465 1014 497 o
1040 449 1302 498 consilium
1323 452 1575 513 praesens!
1627 451 1912 500 desiderans

219 525 462 573 ultionem
509 525 752 573 consortis
799 525 948 572 occisi
993 540 1144 572 manu
1182 524 1386 587 propria
1424 525 1571 573 ferire
1609 541 1709 573 non
1747 524 1914 588 potuit

219 594 590 662 (inpediebatur
628 599 761 646 enim
798 597 1204 660 proturbantium
1241 592 1413 665 turba)
1453 602 1504 647 et
1539 601 1707 648 tamen
1745 601 1912 648 rotato

219 679 333 722 e‘nse
386 673 658 722 vindictam
713 688 863 735 quam
917 671 1234 721 desiderabat
1291 672 1518 736 inplevit.
1609 677 1652 722 et
1702 674 1914 722 ‘moriens

219 748 440 795 animam
478 747 678 795 abstulit
706 747 878 795 hostis:
915 746 1009 794 hoc
1048 746 1255 795 dicendo
1295 747 1514 796 ostendit
1552 748 1705 796 etiam
1734 748 1915 796 Nisum
1998 769 1999 773 ¹

219 822 370 870 fuisse
421 836 712 884 percussum
751 822 963 891 'propter
985 820 1244 869 Vulcentis
1291 821 1520 883 exitium,
1572 820 1653 870 cui
1697 821 1915 886 gloriosa

144 914 149 917 ’
218 911 352 944 mors
376 896 490 956 fuit,
507 896 627 958 quia
642 894 895 944 vindicato
920 897 1145 943 consorte
1170 894 1302 943 diem
1324 895 1560 944 ultimum
1583 896 1772 945 clausit.
1813 899 1914 944 tum

115 978 201 1018 445
218 985 366 1031 super
389 971 669 1018 exanimum
688 983 791 1017 sese
807 969 1011 1029 proiecit
1029 970 1241 1017 amicum
1261 972 1513 1030 confossus
1529 970 1823 1030 placidaque
1846 971 1915 1018 ibi

219 1044 412 1092 demum
448 1047 598 1092 morte
637 1044 837 1103 quievit:
883 1045 934 1091 et
972 1058 1085 1091 cum
1130 1042 1363 1092 ultimum
1403 1043 1636 1106 spiritum
1671 1044 1914 1105 redderet,

218 1119 271 1166 in
319 1118 485 1167 animo
532 1118 712 1166 habuit
765 1117 981 1166 amicum
1025 1116 1354 1166 individuum.
1431 1118 1641 1180 denique
1686 1134 1798 1167 cum
1851 1118 1913 1166 ab

220 1209 276 1241 eo
326 1193 485 1240 nollet
534 1191 687 1240 etiam
739 1194 966 1240 mortuus
1017 1191 1260 1254 separari,
1315 1207 1464 1255 super
1516 1192 1682 1255 ipsum
1734 1192 1916 1241 maluit

219 1267 392 1315 cadere
433 1269 483 1315 et
520 1282 669 1328 super
706 1267 1016 1314 carissimum
1054 1266 1203 1314 funus
1236 1266 1454 1315 animam
1483 1266 1617 1314 flare.
1676 1267 1916 1327 fortunati

219 1342 385 1389 ambo:
448 1340 745 1404 exaequavit
799 1341 1058 1388 amborum
1111 1340 1282 1402 fidem,
1349 1339 1644 1404 exaequavit
1696 1341 1914 1403 laudem3

218 1415 467 1478 Euryalus
493 1416 624 1462 enim
641 1415 806 1463 noluit
819 1414 1000 1463 Nisum
1022 1414 1300 1478 relinquere
1324 1415 1377 1462 in
1402 1415 1590 1478 pericla
1613 1417 1915 1480 pergentem,

1946 983 1988 1014 10

1947 1352 1989 1385 15

219 1505 328 1538 ecce
367 1491 417 1538 et
461 1489 635 1551 Nisus,
683 1490 770 1551 qui
809 1491 1054 1550 evaserat,
1099 1505 1160 1537 ne
1207 1488 1365 1538 amico
1412 1489 1628 1537 exanimi
1666 1491 1915 1552 superstes
1975 1501 1977 1504 ⁴

220 1563 487 1625 extitisset,
542 1563 830 1627 properavit
883 1563 947 1611 ad
999 1566 1224 1611 mortem.
1309 1566 1359 1612 et
1405 1563 1641 1626 quoniam
1686 1579 1763 1612 res
1818 1564 1916 1612 fuit

218 1638 465 1701 praeclari
503 1637 737 1699 exempli,
777 1637 917 1701 digni
954 1636 1146 1686 inventi
1185 1639 1301 1686 sunt
1339 1653 1551 1700 quorum
1589 1654 1678 1700 per
1700 1638 1916 1702 Vergilii

219 1728 416 1761 carmen
466 1711 705 1760 memoria
754 1712 1046 1760 conderetur
1095 1712 1158 1760 ad
1207 1713 1445 1774 posteros.
1520 1711 1729 1774 ideoque
1779 1712 1915 1760 facta

220 1787 525 1850 apostropha
572 1786 644 1835 ait
687 1786 733 1835 si
778 1786 895 1846 quid
939 1800 1048 1834 mea
1095 1786 1318 1834 carmina
1362 1789 1593 1845 possunt,
1633 1786 1775 1834 nulla
1813 1786 1916 1835 dies

218 1876 452 1921 umquam
489 1861 689 1908 memori
723 1875 807 1908 vos
846 1860 1015 1908 eximet
1054 1874 1184 1908 aevo.
1261 1876 1321 1908 ne
1367 1859 1618 1908 videretur
1667 1860 1913 1925 adrogans

218 1935 271 1983 in
317 1935 463 1983 laude
515 1935 791 1983 carminum
841 1950 1065 1995 suorum,
1117 1933 1242 1982 dixit
1280 1933 1324 1982 si
1362 1934 1486 1996 quid
1534 1950 1646 1982 mea
1694 1935 1916 1983 carmina

218 2011 452 2071 possunt,
490 2009 582 2056 hoc
621 2010 698 2057 est
736 2009 780 2057 si
819 2007 972 2072 digna
1010 2007 1198 2056 fuerint
1230 2009 1451 2056 carmina
1481 2024 1593 2056 mea
1632 2024 1760 2071 quae
1801 2024 1914 2058 con-

220 2083 432 2131 celebret
471 2084 702 2131 secutura
741 2083 1029 2145 posteritas,
1081 2098 1274 2145 semper
1321 2083 1419 2146 ipsi
1466 2082 1603 2131 eritis
1651 2084 1705 2130 in
1751 2083 1915 2144 laude,

219 2158 338 2205 dum
387 2158 557 2204 domus
603 2156 800 2205 Aeneae
849 2155 1058 2216 Capitoli
1105 2157 1332 2205 inmobile
1383 2171 1562 2205 saxum
1607 2156 1781 2205 accolet
1825 2158 1914 2204 im-

213 2233 501 2291 periumque
533 2235 676 2291 pater
715 2231 972 2279 Romanus
1009 2230 1213 2279 habebit.
1288 2232 1410 2279 haec
1449 2229 1653 2279 dicendo
1694 2230 1912 2279 ostendit

220 2306 347 2353 nihil
397 2305 502 2353 fore
552 2308 846 2367 perpetuum
897 2307 946 2352 et
996 2305 1162 2353 omnia
1212 2304 1276 2353 ad
1325 2306 1560 2353 ultimum
1609 2304 1757 2352 finem
1807 2320 1911 2353 esse

219 2381 451 2440 ventura,
490 2382 656 2427 tamen
695 2395 906 2443 magnae
945 2378 1042 2426 fuit
1073 2380 1261 2443 gloriae
1294 2379 1494 2426 illorum
1533 2394 1645 2426 cum
1685 2379 1910 2427 omnibus

220 2470 362 2502 suam
401 2469 599 2516 quoque
639 2453 901 2500 durantem
939 2454 1227 2501 memoriam
1264 2468 1362 2501 uno
1403 2468 1514 2501 cum
1552 2453 1776 2501 omnibus
1815 2453 1910 2501 fine

221 2527 463 2576 concludi.

339 2689 365 2728 8
389 2685 614 2741 vulyentis
628 2683 683 2726 V.
771 2686 823 2726 10
848 2683 1075 2737 confossos
1091 2682 1145 2726 V.
1230 2687 1283 2725 14
1308 2682 1462 2738 efflare
1487 2682 1601 2725 edF.
1681 2685 1735 2724 15
1760 2683 1913 2726 ambos

220 2758 303 2800 pro
336 2745 465 2788 ambo
493 2743 548 2786 V.
671 2747 726 2785 16
755 2743 962 2798 pericula
994 2743 1064 2786 ed.
1190 2746 1243 2784 17
1275 2742 1597 2797 superstitisset
1619 2739 1660 2783 V
1691 2746 1913 2796 superstes

220 2809 330 2847 esset
376 2803 476 2846 81113Ἴ
531 2817 563 2846 s.
605 2802 824 2846 extitisset
867 2814 964 2844 nos.
1111 2805 1163 2844 19
1211 2805 1317 2858 ᾷῖῦΐι
1354 2799 1395 2843 V
1442 2813 1631 2855 quorum
1686 2813 1799 2843 corr.
1839 2801 1910 2844 ed.

222 2867 277 2904 24
311 2863 642 2906 concaelebraet
665 2859 718 2904 V.
835 2864 890 2903 25
923 2862 1011 2904 eris
1034 2860 1075 2903 V
1108 2861 1234 2905 eritis
1265 2872 1378 2903 corr.
1405 2859 1476 2902 ed.
1592 2862 1646 2901 29
1679 2873 1847 2916 mayna
1877 2860 1911 2912 f.

219 2922 369 2978 yloria
405 2921 475 2964 ed.
599 2923 654 2963 30
685 2933 771 2963 sua
802 2933 973 2974 quoque
1004 2920 1199 2964 durante
1230 2919 1375 2964 moria
1398 2917 1440 2960 V
1471 2932 1505 2962 s.
1531 2931 1602 2973 qu.
1629 2917 1672 2961 cl.
1698 2920 1913 2963 memoria

222 2980 307 3034 ed,
349 2980 429 3023 sed
469 2980 534 3023 sic
565 2979 776 3024 concludi
807 2977 1015 3022 subiecto
1049 2980 1194 3031 caret,
1229 2990 1372 3033 quare
1405 2976 1662 3021 emendavi.

1947 1723 1990 1756 20

1945 2095 1988 2128 25

1945 2468 1988 2500 30
