2050 3226
794 177 1099 223 AENEIDOS
1130 178 1194 222 XI
1733 181 1843 235 493

150 317 443 383 fragabatur
474 334 573 381 qua
603 318 797 368 Aeneas
831 335 945 368 cum
975 319 1191 368 exercitu
1227 317 1325 367 iter
1362 318 1528 367 fuerat
1564 319 1842 368 habiturus,

148 392 404 442 inducitur
439 394 597 456 parfis
635 393 793 456 ipsius
831 394 982 456 plena
1011 393 1298 457 descriptio;
1334 393 1531 442 utiJitas
1563 395 1695 441 enim
1730 409 1842 442 con·

149 467 249 516 silii
294 482 532 530 apparere
582 483 681 516 non
730 470 919 531 posset,
968 466 1067 517 nisi
1113 468 1400 517 nosceretur
1450 467 1612 531 primo
1660 467 1842 531 positio

148 541 393 590 montium
438 541 699 605 formaque
743 544 1005 590 terrarum.
1080 541 1166 590 sed
1210 542 1449 592 vitiosum
1495 541 1596 589 fuit
1646 542 1843 590 extendi

98 630 117 662 ⁵
147 615 486 664 narrationem
531 631 588 664 eo
634 618 855 679 tempore
870 654 890 678 ,Α
933 632 1031 679 quo
1079 615 1286 665 celerius
1336 617 1387 664 et
1430 615 1531 664 dici
1580 615 1748 664 omnia
1793 619 1843 664 et

147 689 256 738 fieri
284 689 551 739 necessitas
582 690 825 754 exigebat.
878 691 1008 739 hanc
1038 692 1206 739 tamen
1238 690 1477 754 quoniam
1507 691 1733 752 oportuit
1763 706 1842 737 ex·

146 763 297 826 primi
333 766 539 828 propter
578 765 987 814 demonstrandos
1019 765 1175 813 Turni
1204 765 1475 826 tractatus,
1511 764 1566 812 in
1595 765 1842 813 inferiori·

146 838 237 887 bus
276 838 460 902 posuit.
537 842 589 887 tu
628 839 934 899 Tyrrhenum
980 840 1181 899 equitem
1226 839 1443 888 conlatis·
1467 839 1628 899 excipe
1663 839 1843 901 siqnis:

146 913 274 961 hanc
303 914 500 976 partem
531 912 744 962 Camilla
772 914 886 976 ipsa
914 915 1230 977 poposcerat,
1262 912 1348 962 sed
1377 915 1438 961 ut
1468 913 1704 962 audacior
1733 913 1841 962 red·

72 1002 115 1034 10
146 986 364 1050 deretur,
404 987 546 1036 addit
583 989 630 1036 ei
659 987 749 1050 per
778 1002 904 1052 quos
936 988 1156 1036 securior
1183 987 1282 1035 iret
1320 986 1383 1036 ad
1417 986 1619 1036 bellum.
1673 991 1840 1045 teewm,

143 1060 332 1124 inquit,
377 1076 489 1110 acer
525 1063 794 1122 Messapus
832 1062 923 1110 erit
965 1065 1244 1122 turmaeque
1279 1061 1520 1110 Latinae:
1568 1064 1619 1110 et
1667 1061 1842 1110 ducem

145 1136 373 1185 laudavit
403 1151 567 1184 acrem
598 1136 804 1185 dicendo
843 1138 894 1184 et
930 1139 1120 1185 turmas
1153 1134 1358 1184 Latinas
1398 1135 1598 1184 adfectu
1634 1135 1842 1184 laudan-

143 1209 210 1259 tis
248 1212 504 1273 expressit.
560 1211 860 1271 Tibur-nique
887 1224 1068 1259 manus
1098 1210 1236 1258 ducis
1266 1213 1310 1258 et
1340 1213 1392 1258 tu
1422 1210 1615 1270 concipe
1645 1225 1843 1259 euram:

145 1283 283 1333 ducis
322 1285 394 1333 sic
429 1284 482 1332 in
528 1284 692 1333 medio
739 1287 835 1344 est,
884 1287 943 1333 ut
990 1283 1113 1333 sine.
1143 1283 1517 1347 pronuntiantis
1568 1285 1716 1347 culpa
1760 1285 1842 1333 vel

72 1371 113 1403 ιε
145 1358 482 1421 superioribus
506 1360 586 1408 vel
606 1358 928 1407 inferioribus
950 1358 1111 1422 possit
1140 1358 1316 1421 aptari.
1371 1359 1556 1422 quippe
1579 1358 1624 1407 si
1646 1358 1842 1407 dicatur

145 1432 449 1495 Tiburnique
486 1449 663 1482 manus
703 1434 865 1495 ducis,
902 1435 1035 1481 recte
1065 1432 1268 1494 dicitur,
1307 1432 1352 1481 si
1381 1432 1521 1481 ducis
1560 1436 1611 1481 et
1638 1434 1696 1481 tu
1727 1448 1838 1481 con-

144 1505 250 1570 cipe
283 1522 471 1569 curam‚
501 1523 601 1556 non
632 1509 843 1556 erratur.
895 1507 1124 1556 laudavit
1147 1507 1323 1568 omnis,
1352 1523 1414 1555 ne
1443 1507 1619 1556 inertis
1645 1507 1840 1556 ardenti

141 1581 359 1631 iunxisse
397 1582 663 1631 videretur,
724 1583 796 1630 sic
833 1581 904 1630 ait
934 1585 978 1629 et
1000 1582 1211 1642 paribus
1240 1582 1533 1641 Messapum
1569 1582 1622 1629 in
1648 1582 1840 1641 proelia
1856 1591 1941 1631 520

142 1655 282 1704 dietis
329 1657 552 1704 hortatur
598 1657 842 1718 sociosque
891 1656 1060 1704 duces:
1110 1672 1296 1720 magna
1345 1654 1520 1717 dictio,
1572 1671 1701 1719 quae
1750 1671 1839 1704 nec

68 1742 112 1773 20
141 1730 324 1792 repetit
362 1730 497 1779 dicta
534 1747 623 1779 nec
660 1747 852 1779 moram
889 1729 1036 1779 rebus
1081 1729 1374 1794 urgentibus
1412 1729 1545 1778 fecit.
1608 1733 1650 1778 et
1680 1731 1839 1791 perqit

140 1804 195 1851 in
224 1804 428 1853 hostem:
458 1804 702 1868 conpletis
734 1821 863 1868 quae
895 1805 1094 1853 fuerant
1115 1806 1261 1853 tanta
1290 1804 1343 1851 in
1374 1803 1670 1853 necessitate
1700 1820 1838 1853 man-

142 1877 308 1927 danda
352 1881 571 1941 perrexit
607 1879 672 1928 ad
710 1879 909 1928 bellum.
981 1882 1051 1927 est
1094 1893 1239 1927 curvo
1287 1879 1519 1939 anfractu
1561 1878 1714 1927 valles
1760 1893 1839 1927 ae-

142 1953 390 2001 commoda
425 1954 600 2012 fraudi
637 1966 979 2014 armorumque
1016 1953 1159 2009 dolis,
1201 1967 1349 2012 quam
1386 1952 1550 2000 densis
1578 1952 1838 2012 frondibus

114 2028 305 2074 'atrum
348 2030 487 2088 urqet
527 2028 768 2088 utrimque
815 2028 964 2084 latus,
1015 2028 1173 2075 tenuis
1219 2041 1309 2087 quo
1354 2027 1527 2075 semita
1571 2026 1704 2075 ducit
1749 2042 1836 2075 an·
1855 2037 1939 2077 525

67 2117 110 2149 25
137 2104 398 2161 qustaeque
435 2103 603 2161 ferunt
636 2104 806 2162 fauces
851 2101 1107 2162 aditusque
1142 2101 1361 2162 maliqni.
1436 2101 1564 2149 hanc
1600 2115 1748 2160 super
1783 2102 1837 2148 in

140 2175 349 2234 speculis
393 2189 672 2235 summoque
709 2177 763 2223 in
803 2176 975 2223 vertice
1018 2176 1196 2223 montis
1231 2175 1469 2235 planities
1513 2175 1679 2236 iqnota
1715 2175 1838 2223 iacet

140 2249 321 2308 tutique
358 2253 593 2310 receptus,
633 2264 719 2298 seu
757 2250 928 2298 dextra
959 2249 1190 2309 laevaque
1218 2249 1338 2298 velis
1367 2263 1615 2298 occurrere
1638 2263 1837 2310 puqnae

139 2323 241 2371 sive
286 2324 472 2371 instare
516 2324 644 2385 iuqis
690 2327 734 2371 et
767 2323 982 2385 qrandia
1024 2323 1210 2371 volvere
1249 2337 1404 2372 saxa:
1450 2324 1573 2371 haec
1619 2325 1694 2371 est
1739 2321 1837 2370 loci

140 2397 248 2445 lata
286 2396 574 2460 descriptio,
623 2397 800 2446 melius
846 2398 1013 2460 posita
1061 2413 1120 2445 ex
1164 2400 1342 2461 poetae
1389 2413 1540 2461 quam
1582 2413 1640 2445 ex
1679 2396 1836 2444 Turni

67 2486 110 2518 80
140 2486 374 2533 persona,
423 2471 476 2519 in
524 2487 624 2534 qua
672 2471 799 2520 nihil
846 2471 983 2520 aliud
1033 2474 1108 2520 est
1152 2470 1250 2520 nisi
1296 2472 1430 2535 quod
1475 2486 1566 2534 pro
1616 2470 1835 2519 utilitate

140 2545 297 2594 faciat
332 2545 641 2608 insidiantiS,
678 2548 737 2594 ut
773 2547 933 2608 possit
962 2545 1165 2609 probari
1196 2546 1331 2609 quod
1362 2544 1488 2593 dixit
1518 2545 1835 2593 accommoda

261 2707 284 2746 1
317 2703 610 2747 habitaturus
631 2701 673 2745 V
697 2714 810 2746 corr.
836 2701 909 2746 ed.
1009 2707 1034 2745 6
1067 2703 1330 2760 eaeiqebatur
1352 2701 1394 2744 V
1419 2714 1532 2745 corr.
1559 2700 1630 2744 ed.
1675 2700 1680 2758 Ι
1727 2713 1834 2756 quo-

139 2761 268 2805 niam
292 2760 334 2803 V
364 2776 502 2818 quum
534 2761 606 2805 ed.
720 2765 775 2804 10
806 2761 938 2805 addit
968 2762 1011 2806 ei
1032 2760 1074 2805 V
1105 2762 1291 2806 addidit
1321 2762 1384 2805 eis
1415 2760 1486 2805 ed.
1596 2764 1647 2803 11
1682 2760 1834 2815 inquit

141 2833 228 2863 om.
263 2820 334 2864 ed.
459 2825 512 2864 13
553 2819 889 2876 tiburnique.V
932 2821 1209 2878 Tyburtique
1248 2820 1318 2863 ed.
1452 2824 1507 2862 14
1538 2819 1590 2862 in
1621 2818 1767 2863 medio
1790 2817 1833 2860 V

139 2879 336 2923 medium
368 2879 439 2923 ed.
547 2884 603 2923 15
627 2881 785 2935 posita
815 2881 971 2935 aptari
993 2879 1035 2922 V
1067 2893 1179 2923 corr.
1215 2879 1285 2922 ed.
1391 2882 1444 2921 16
1477 2878 1753 2933 tuburnique
1775 2876 1830 2921 V.

141 2942 197 2980 22
229 2939 491 2992 anfractum
514 2938 569 2982 V.
601 2939 604 2995 Ι
641 2939 775 2982 vallis
796 2937 852 2992 V,
878 2938 959 2982 sed
982 2938 1104 2982 infra
1126 2939 1278 2983 valles.
1365 2942 1421 2981 28
1445 2938 1594 2982 instar
1618 2938 1754 2994 eriqis
1775 2935 1829 2980 V.

141 3000 194 3039 31
224 3002 372 3053 posset
395 2998 588 3053 probari
610 2996 652 3040 V
676 3011 751 3054 pr.
777 2999 930 3054 possit.
953 2997 1024 3042 ed.
