2050 3226
803 181 1106 228 AENEmos
1137 181 1180 226 X
1729 186 1837 240 289

149 328 200 376 et
251 324 381 375 unde
434 340 576 375 omne
636 324 909 373 humanum
961 337 1117 388 genus
1170 321 1331 372 videri
1388 321 1647 385 potuisset.
1738 341 1838 373 non

147 402 315 450 tamen
368 399 665 462 exaequavit
715 398 941 446 homines
993 398 1044 447 et
1104 395 1243 459 deos3
1303 411 1421 445 nam
1482 395 1652 446 divum
1713 398 1839 446 dixit

147 477 363 538 patrem,
400 474 659 523 hominum
697 475 865 522 autem
902 488 1091 536 regem,
1130 486 1259 534 quae
1298 470 1464 519 officia
1495 471 1749 533 aequitate
1788 475 1839 520 et

147 547 484 598 moderatione
522 546 811 596 consistunt.
882 560 1035 595 causa
1073 547 1240 594 autem
1279 544 1603 594 contrahendi
1641 547 1839 594 concilii

96 635 116 669 5
147 622 248 672 fuit
276 625 334 671 ut
364 622 711 686 obiurgatione
743 620 1037 670 conveniens
1067 620 1227 668 omnis
1258 618 1374 668 deos
1404 618 1648 668 Iunonem
1677 620 1840 683 ipsam

148 697 348 760 oblique
381 713 412 745 a
449 695 778 745 Troianorum
809 694 1141 743 aemulatione
1180 696 1515 756 conpesceret,
1556 709 1707 756 quam
1752 710 1840 757 per

147 770 268 819 Irim
318 786 471 834 supra
523 771 709 819 secreto
766 770 1101 819 commoverat
1152 770 1212 816 ut
1264 767 1594 817 Troianorum
1646 768 1840 816 hostem

146 844 315 894 fovere
346 844 602 894 desineret.
665 845 923 893 considunt
950 844 1082 892 tectis
1113 843 1461 903 bipatentibus.-
1498 842 1838 905 bipatentibus

147 918 275 968 dixit
303 921 510 983 propter
539 918 662 967 duas
694 921 880 982 portas,
912 934 1127 981 quarum
1157 933 1308 981 supra
1339 916 1609 966 secundum
1640 919 1840 980 poetam

73 1007 116 1040 ιο
144 991 312 1056 ipsum
364 993 669 1042 reddidimus
730 994 990 1042 rationem.
1073 992 1245 1052 incipit
1302 992 1431 1052 ipse:
1489 992 1596 1054 ipse
1652 990 1842 1040 scilicet

146 1067 319 1118 divum
364 1070 508 1131 pater
546 1070 597 1116 et
632 1067 891 1116 hominum
929 1083 1028 1116 rex.
1092 1066 1345 1115 caelicolae
1381 1066 1573 1127 mayni:
1619 1065 1841 1114 omnium

145 1141 266 1191 fecit
303 1157 524 1203 causam,
564 1141 683 1205 quia
720 1143 774 1190 in
825 1142 1047 1191 favorem
1083 1139 1290 1189 Iunonis
1336 1155 1503 1189 omnes
1542 1143 1684 1189 erant
1721 1140 1841 1188 Tro·

144 1215 275 1264 ianis
306 1216 477 1265 infesti
508 1218 558 1264 et
588 1217 642 1264 in
674 1218 920 1266 conventu
950 1214 1150 1278 publico
1183 1230 1399 1264 sororem
1431 1229 1572 1263 suam
1612 1213 1840 1263 eandem·

148 1305 243 1352 que
274 1290 534 1355 coniugem
565 1291 770 1354 speciali
801 1289 1178 1352 exprobratione
1209 1289 1413 1337 nolebat
1443 1288 1633 1351 exponi.
1697 1303 1840 1349 quae-

74 1378 115 1410 ιο
146 1379 265 1412 nam
303 1365 540 1413 sententia
584 1365 719 1413 vobis
764 1379 908 1413 versa
944 1367 1071 1412 retro
1110 1366 1390 1423 tantumque
1429 1363 1610 1411 animis
1650 1363 1841 1411 certatis

145 1438 365 1498 iniqin‘s?
396 1439 485 1501 qui
524 1439 739 1500 caelum,
776 1439 964 1501 inquit,
1010 1438 1237 1487 incolunt
1275 1440 1325 1486 et
1361 1437 1476 1486 inde
1514 1438 1686 1502 magni
1725 1440 1847 1486 sunt

146 1515 196 1560 et
234 1512 322 1574 qui
359 1513 584 1561 omnium
622 1514 925 1576 populorum
953 1512 1171 1561 retinent
1208 1513 1547 1576 principatum
1583 1511 1707 1560 iusti
1738 1527 1847 1560 esse

145 1586 326 1635 debent
364 1589 414 1635 et
450 1587 504 1635 in
542 1602 643 1636 una
673 1603 873 1635 manere
906 1589 1176 1648 sententia,
1214 1603 1314 1635 non
1352 1586 1541 1635 moveri
1580 1586 1642 1634 ab
1682 1601 1847 1648 aequo

146 1663 196 1709 et
224 1660 376 1722 bon0‚
408 1677 508 1709 non
538 1662 615 1710 uti
643 1661 867 1725 perfidia.
930 1663 985 1710 at
1006 1677 1094 1710 vos
1128 1664 1302 1710 contra
1331 1661 1537 1710 mobiles
1561 1660 1846 1709 rescinditis

73 1747 116 1781 20
147 1749 206 1783 ea
259 1751 386 1797 quae
441 1737 592 1784 semel
644 1735 698 1784 in
751 1735 996 1799 placitum
1056 1735 1208 1784 ducta
1262 1739 1399 1797 sunt,
1460 1734 1738 1800 inreligiosi
1790 1735 1846 1782 in

145 1824 312 1873 regem
350 1811 400 1858 et
436 1811 602 1872 iniqui
639 1811 692 1858 in
730 1810 976 1859 homines:
1024 1811 1172 1873 quale
1218 1810 1443 1859 studium
1488 1813 1709 1860 vestrum
1755 1811 1845 1872 est,

148 1883 280 1945 quod
325 1900 484 1946 neque
533 1900 625 1948 ego
673 1884 828 1947 probo
875 1886 925 1933 et
970 1885 1270 1933 mortalibus
1322 1884 1588 1948 displicet?
1650 1886 1846 1936 addidit

146 1956 298 2006 etiam
336 1959 634 2021 tantumque
666 1960 844 2007 animis
878 1959 1080 2007 certatis
1111 1957 1332 2022 iniquis?
1400 1975 1530 2021 ecce,
1569 1962 1628 2008 ut
1658 1962 1843 2026 iniqui-

143 2032 264 2080 tatis
303 2032 461 2095 ipsius
502 2033 796 2095 exprimeret
833 2033 959 2094 vim,
999 2034 1073 2082 ait
1110 2034 1191 2082 vel
1230 2035 1274 2082 si
1312 2033 1594 2082 faciendum
1635 2035 1843 2099 aliquid,

70 2118 113 2152 25
144 2107 375 2167 quamvis
422 2108 596 2154 contra
648 2107 747 2168 fas,
807 2107 1006 2168 fuisset,
1052 2107 1230 2156 modus
1276 2109 1445 2156 tamen
1491 2108 1842 2171 inprudentiae

143 2179 413 2243 aliquando
446 2179 647 2228 deberet
675 2182 863 2244 inponi.
918 2197 1113 2230 summa
1145 2197 1261 2245 ergo
1295 2182 1653 2246 obiurgationis
1684 2184 1842 2248 ipsius

141 2254 236 2303 hoc
283 2254 430 2303 modo
481 2255 752 2318 colligitur:
803 2255 965 2304 facitis
1018 2255 1152 2318 quod
1202 2255 1408 2304 deorum
1455 2273 1695 2319 personae
1742 2276 1841 2307 non

143 2330 398 2392 congruat,
437 2344 536 2376 non
576 2330 722 2377 statis
752 2328 806 2376 in
836 2345 937 2378 una
968 2329 1228 2392 sententia,
1266 2346 1366 2379 non
1405 2331 1578 2396 regitis
1617 2333 1840 2382 homines

144 2418 298 2464 aequo
337 2402 540 2464 iudiciO,
580 2402 665 2451 sed
695 2403 1041 2452 innocentibus
1075 2404 1191 2453 estis
1222 2404 1416 2467 infesti,
1457 2406 1667 2454 coeundi
1697 2407 1840 2456 vobis

261 2534 290 2573 4
319 2530 671 2574 moderationem
695 2529 750 2574 V.
862 2534 888 2573 5
920 2532 1188 2575 conveniens
1209 2530 1295 2574 VR
1325 2533 1424 2577 -nti
1454 2532 1525 2577 ed.
1574 2533 1579 2590 Ι
1629 2532 1731 2577 deos
1753 2533 1837 2577 VR

142 2588 186 2633 d.
211 2593 254 2633 et
283 2588 355 2632 ed.
460 2593 485 2632 6
518 2604 548 2633 a
580 2603 668 2633 om.
695 2589 766 2633 ed.
868 2594 892 2633 7
924 2590 1032 2634 irim
1055 2589 1141 2633 VR
1171 2591 1291 2635 iram
1322 2591 1394 2635 ed.
1441 2591 1446 2649 Ι
1497 2605 1543 2636 se
1574 2597 1690 2636 certo
1721 2606 1836 2637 com-

142 2652 382 2692 monuerat
411 2648 483 2692 ed.
507 2650 626 2704 post.
748 2652 773 2692 9
805 2662 995 2704 quorum
1027 2649 1098 2693 ed.
1214 2654 1267 2693 11
1302 2650 1458 2694 divum
1482 2650 1566 2693 VR
1598 2651 1731 2695 deum
1762 2652 1834 2696 ed.

145 2711 199 2751 14
229 2708 486 2763 speciali—
431 2709 680 2753 —nolebat
701 2707 787 2751 VR
818 2708 1024 2763 corrupit
1048 2708 1120 2752 ed.
1157 2708 1161 2766 Ι
1204 2710 1424 2765 quianam
1456 2709 1674 2754 ed.15
1705 2724 1837 2755 versa

141 2765 536 2811 VverbRcorr.
568 2781 605 2810 r.
737 2771 791 2811 18
822 2767 1285 2812 moveriVmoriR
1333 2769 1336 2826 Ι
1387 2769 1444 2812 ab
1477 2770 1836 2824 aequoetbcmo

141 2824 227 2868 VR
258 2839 346 2869 om
379 2825 450 2870 ed.
561 2829 616 2870 19
647 2839 742 2871 non
764 2826 849 2869 VR
879 2831 920 2870 et
949 2840 1042 2871 non
1073 2826 1144 2871 ed.
1182 2827 1186 2884 Ι
1221 2828 1528 2872 rescendentes
1551 2827 1636 2871 VR
1665 2830 1834 2873 rescin-

143 2884 294 2929 dentes
324 2884 396 2929 ed.
419 2885 678 2930 rescinditis
700 2899 796 2930 nos,
891 2889 947 2929 20
979 2886 1042 2930 ad
1066 2886 1292 2942 placitum
1316 2887 1439 2931 dicta
1463 2886 1534 2930 ed.
1620 2891 1674 2930 21
1700 2889 1835 2944 quale

143 2942 228 2986 VR
258 2943 330 2987 ed.
361 2945 483 2988 tale?
531 2944 536 3001 Ι
586 2949 652 2989 est
681 2958 769 2988 om.
796 2944 868 2988 ed.
983 2949 1038 2988 22
1070 2946 1202 2990 addit
1232 2946 1302 2989 ed.
1411 2950 1467 2989 24
1498 2951 1550 2990 ut
1578 2947 1620 2991 si
1642 2946 1727 2990 VR
1758 2948 1829 2992 ed.

142 3003 212 3047 vel
241 3003 282 3046 si
311 3015 408 3046 nos.
531 3007 585 3046 27
619 3004 854 3061 colleyitur
877 3003 972 3048 VR.

231 3091 331 3124 Don.
347 3091 508 3132 interpr.
521 3092 635 3135 Vei-g.
659 3093 736 3126 vol.
753 3093 806 3125 11.
1507 3097 1560 3136 19
