2050 3226
259 222 330 277 52
729 220 962 266 DONATI
991 220 1271 265 INTERPR.
1297 220 1478 266 VERG.

257 360 410 409 bella:
466 360 610 409 bellis
666 362 872 424 aptatur
925 361 1163 424 quicquid
1214 361 1358 410 triste
1413 363 1508 423 est3
1564 360 1762 423 quando
1817 362 1948 409 enim

258 436 470 498 possunt
514 450 618 484 esse
667 434 799 484 bella
847 450 945 483 non
994 433 1198 484 tristia?
1263 435 1486 498 iraeque:
1535 451 1808 497 numquam
1849 436 1948 484 nisi

258 510 359 558 iras
399 524 734 571 commovens,
774 508 952 572 quibus
991 509 1158 558 fuerat
1187 510 1357 571 plena3
1394 508 1726 572 insidiaeque:
1765 508 1830 557 ad
1868 525 1947 557 ex-

259 582 553 647 cogitandas
590 583 799 631 insidias
840 583 1048 645 artifex3
1087 585 1137 631 et
1175 583 1384 631 crimina
1421 583 1571 631 noxia
1609 582 1764 631 cordi:
1804 598 1948 631 omne

261 673 461 720 quoque
499 656 762 706 noxiorum
800 657 1061 706 criminum
1103 672 1259 721 genus
1307 657 1530 706 sensibus
1569 656 1947 706 detestabilibus
2023 677 2027 682 ·

258 733 479 794 portans,
556 731 722 780 omnia
761 747 888 794 quae
936 730 1062 779 dixit
1098 732 1152 778 in
1198 747 1257 780 ea
1293 731 1447 780 fuisse
1493 733 1773 780 monstrata
1818 733 1948 792 sunt,

260 821 372 854 cum
401 805 586 854 Iunoni
614 805 869 870 negotium
899 806 1111 869 gereret,
1149 821 1238 853 nec
1267 806 1390 854 haec
1419 806 1526 854 sola
1557 819 1687 868 quae
1722 804 1948 868 superius

261 879 396 928 dicta
443 882 561 928 sunt
605 895 779 936 verum
835 880 987 927 etiam
1040 879 1141 927 alia
1187 895 1313 942 quae
1364 881 1655 942 sequentur:
1709 895 1821 927 cum
1867 878 1948 927 de-

259 954 502 1002 testandis
534 953 724 1002 artibus
756 953 1029 1001 abundaret
1059 955 1110 1001 et
1139 955 1269 1001 esset
1297 953 1480 1002 idcirco
1512 953 1685 1002 odiosa
1708 953 1949 1014 omnibuS,

261 1027 578 1090 displicebat,
630 1027 820 1091 inquit,
874 1028 1025 1075 etiam
1071 1027 1172 1075 illis
1227 1026 1405 1089 quibus
1453 1029 1647 1090 placere
1695 1027 1949 1088 debuerat,
2039 1077 2040 1081 ,

259 1101 465 1150 Plutoni
503 1101 692 1150 scilicet
729 1103 781 1150 et
818 1101 1068 1150 sororibus
1108 1101 1233 1163 suis:
1272 1102 1430 1150 omnis
1469 1103 1602 1150 enim
1635 1101 1862 1164 nequitia
1900 1103 1950 1149 et

262 1176 442 1224 scelere
489 1178 826 1238 superaverat.
894 1176 1014 1223 haec
1053 1177 1252 1223 tantum
1288 1176 1434 1224 malis
1475 1176 1667 1224 artibus
1703 1175 1947 1224 redunda-

260 1250 369 1311 bat,
407 1251 466 1297 ut
504 1265 603 1298 uno
642 1249 909 1312 eodemque
948 1252 1197 1297 momento
1239 1265 1364 1312 quas
1395 1250 1546 1298 vellet
1581 1251 1861 1298 mutaretur
1896 1250 1950 1297 in

261 1324 445 1372 formas
485 1326 535 1372 et
574 1325 773 1386 quantis
814 1339 939 1386 opus
979 1326 1108 1371 esset
1146 1323 1455 1386 serpentibus
1495 1324 1786 1386 pullularet,
1825 1323 1951 1376 nihil

262 1398 308 1445 ei
330 1397 670 1462 gratissimum
701 1399 811 1445 erat
839 1398 938 1446 nisi
969 1398 1104 1460 quod
1134 1398 1298 1446 luctus
1329 1398 1534 1447 haberet
1563 1400 1614 1446 et
1643 1398 1949 1462 sanguinem.
1983 1413 2044 1447 ιω

261 1471 681 1534 vituperationem
737 1471 884 1520 istius
938 1471 1118 1519 Furiae
1170 1472 1422 1535 Vergilius
1478 1489 1535 1521 ex
1587 1487 1799 1535 persona
1860 1487 1951 1520 sua

261 1545 450 1608 posuit,
497 1544 583 1594 sed
628 1545 717 1593 ubi
764 1546 827 1594 ad
876 1546 1116 1593 Iunonem
1161 1549 1364 1595 ventum
1403 1549 1498 1607 est,
1546 1546 1701 1594 animi
1746 1545 1822 1594 sui
1868 1562 1951 1593 ne-

262 1621 490 1669 cessitate
526 1621 753 1681 permota
791 1619 926 1681 quod
964 1619 1332 1668 condemnabile
1370 1621 1423 1668 in
1461 1620 1615 1669 Furia
1659 1620 1758 1668 fuit
1802 1619 1952 1669 vertit

159 1702 244 1742 330
260 1694 312 1741 in
352 1693 562 1741 laudem.
639 1708 785 1752 qnam
830 1693 960 1741 Iuno
1006 1694 1082 1741 his
1128 1695 1260 1742 acuit
1305 1695 1465 1742 verbis
1514 1709 1573 1743 ae
1621 1694 1743 1743 talia
1790 1695 1952 1754 fatur:

262 1767 472 1816 acuebat
507 1768 636 1815 hanc
666 1768 791 1815 Iuno
830 1766 992 1815 verbis
1032 1768 1134 1815 suis
1175 1771 1224 1816 et
1260 1768 1672 1817 instructionibus
1710 1768 1950 1831 pessimiS‚
1983 1783 2034 1815 20:

260 1843 317 1889 ut
354 1841 488 1888 mala
526 1842 709 1889 natura
746 1842 1066 1903 persuasione
1100 1842 1351 1904 loquentis
1383 1842 1597 1891 deterior
1625 1842 1786 1890 fieret:
1824 1843 1952 1890 hunc

259 1915 379 1962 mihi
409 1915 475 1963 da
499 1916 778 1975 propriam,
811 1916 945 1975 viryo
976 1919 1086 1963 sata
1115 1916 1278 1972 Nocte,
1312 1917 1543 1973 laborem,
1576 1917 1703 1964 hanc
1732 1931 1951 1977 operam:

260 1988 386 2036 nihil
426 2005 455 2036 a
492 1991 556 2049 te,
597 1990 759 2052 virgo,
811 1989 1069 2051 quaeritur
1121 1990 1359 2052 alienum3
1409 2007 1498 2039 nec
1543 1990 1792 2039 laborabis
1838 2005 1949 2052 pro-

260 2063 426 2111 videre
466 2061 598 2124 quod
636 2063 802 2110 habes.
880 2063 1135 2125 proprium
1183 2063 1365 2126 quippe
1405 2067 1480 2113 est
1516 2065 1610 2113 tibi
1654 2064 1788 2127 quod
1826 2064 1951 2111 mihi

262 2139 338 2185 est
389 2136 442 2183 in
488 2138 709 2199 tempore
763 2138 1115 2198 necessarium,
1177 2139 1393 2199 primum
1457 2138 1590 2201 quod
1642 2138 1755 2186 inde
1809 2153 1948 2200 prae·
1982 2152 2024 2184 25

260 2209 460 2258 ferenda
491 2225 563 2271 es,
604 2210 736 2273 quod
766 2212 815 2258 te
847 2212 1059 2258 taetram
1090 2211 1405 2259 tenebrarum
1437 2211 1717 2261 substantia
1756 2212 1948 2275 genuit,

262 2300 412 2347 opera
450 2284 556 2332 sola
587 2285 862 2332 necessaria
894 2287 989 2345 est,
1030 2287 1247 2332 ceterum
1284 2285 1533 2348 inplendis
1567 2301 1694 2348 quae
1726 2284 1947 2334 desidero

262 2360 433 2420 aptam
478 2357 609 2421 geris
658 2358 1124 2420 convenientemque
1170 2374 1445 2421 personam.
1522 2375 1630 2406 ecce
1676 2358 1802 2406 Iuno
1849 2375 1948 2406 non

260 2432 420 2480 utitur
466 2433 571 2479 arte
621 2431 854 2493 poscendi
906 2447 994 2479 nec
1049 2432 1376 2480 subtilitatem
1430 2433 1628 2494 quaerit
1680 2447 1768 2479 nec
1821 2433 1950 2494 petit

262 2504 453 2568 aliquid
498 2505 626 2565 fieri,
676 2506 762 2553 sed
806 2505 966 2565 iubet,
1016 2505 1228 2567 denique
1279 2506 1440 2554 verbis
1491 2505 1819 2568 imperativis:
1870 2506 1947 2566 da,
1980 2521 2026 2554 so·

259 2579 438 2642 inquit,
469 2579 703 2640 laborem,
726 2580 819 2627 hoc
850 2582 924 2628 est
954 2579 1179 2641 inpende,
1212 2582 1261 2627 et
1290 2580 1422 2628 infra
1454 2579 1577 2627 dixit
1607 2579 1796 2640 dissice,
1821 2595 1947 2642 sere3

380 2741 405 2779 2
431 2737 613 2791 iraeque
628 2761 683 2767 -
702 2739 726 2778 3
753 2748 1026 2779 commovens
1041 2734 1083 2778 V
1107 2736 1280 2778 temere
1303 2736 1416 2777 mut.
1437 2734 1506 2777 ed.
1586 2738 1611 2777 3
1636 2736 1730 2778 nisi
1753 2749 1890 2790 aeque
1906 2736 1947 2779 V

260 2795 542 2850 insidiaeque
584 2808 667 2838 nos
711 2799 753 2838 et
793 2808 932 2849 aeque
975 2793 1045 2837 ed.
1176 2798 1201 2836 5
1240 2795 1481 2837 noxiorum
1511 2792 1552 2835 V
1590 2795 1780 2837 nooeium
1822 2794 1893 2837 ed.
1938 2796 1941 2837 1

261 2855 453 2898 senseris
483 2853 525 2896 V
555 2854 758 2898 sensibus
789 2852 929 2896 HOU
962 2852 1032 2895 ed.
1150 2856 1204 2895 10
1235 2853 1378 2896 intuit
1407 2851 1448 2894 V
1478 2853 1630 2908 inquit
1667 2866 1749 2895 nos
1788 2854 1947 2897 intulit

262 2912 304 2954 H
315 2912 403 2956 OU
436 2913 506 2957 ed.
602 2916 656 2955 18
688 2912 1031 2956 condamnabile
1055 2910 1096 2953 V
1128 2911 1388 2955 damnabile
1413 2910 1501 2955 ΟΠ
1526 2911 1596 2954 ed.
1690 2916 1745 2954 24
1778 2912 1882 2955 abes
1906 2912 1946 2953 V

260 2972 395 3016 habes
438 2972 509 3015 ed.
643 2975 698 3014 26
741 2976 899 3015 tetram
930 2969 972 3013 V
1012 2984 1099 3014 om.
1133 2970 1203 3014 ed.
1338 2974 1391 3012 27
1435 2984 1615 3025 operam
1645 2969 1687 3013 V
1727 2984 1839 3013 corr.
1874 2971 1946 3014 ed.

263 3034 318 3074 30
350 3031 539 3087 denique
572 3045 658 3074 om.
686 3029 757 3074 ed.
880 3034 932 3073 31
968 3035 1182 3073 et—sere
1214 3043 1302 3073 om.
1329 3028 1398 3073 ed.
1432 3043 1531 3084 sepe
1555 3028 1597 3071 V
1627 3042 1719 3073 sere
1749 3043 1844 3073 nos.
