2050 3226
786 158 1089 205 AENEfflos
1121 158 1186 203 XI
1720 164 1826 218 481

141 299 398 363 praecipui
429 301 572 348 erant
602 299 688 361 qui
716 301 1003 348 meruerant
1033 298 1197 363 deligi.
1246 299 1367 347 haec
1398 299 1527 348 falsa
1558 301 1830 363 adserebat,

142 373 230 423 sed
265 373 343 422 his
381 373 610 422 adiunxit
646 374 929 435 veritatem,
965 375 1027 422 ut
1062 375 1228 422 totum
1257 373 1508 422 videretur
1544 389 1649 423 esse
1680 375 1830 424 credi·

140 447 261 497 bile:
293 451 363 496 est
391 451 435 496 et
465 447 744 496 Volscorum
775 448 965 508 eqreyia
993 447 1052 495 de
1077 450 1216 508 yente
1239 445 1451 496 Camilla
1481 462 1654 509 aymen
1684 463 1832 510 ayens

74 572 86 589 .
141 523 352 583 equitwm
390 525 433 570 et
459 522 676 580 florentis
706 535 817 570 aere
847 525 1080 570 caterva&
1141 536 1250 570 ecce
1280 521 1499 584 positum
1534 524 1611 571 est
1639 538 1831 585 nomen,

91 610 110 642 5
141 597 260 659 quia
296 595 558 645 constabat
595 594 858 644 Camillam
902 596 1093 645 venisse
1140 610 1253 644 cum
1296 597 1534 645 exercitu:
1578 596 1831 658 habemus,

138 669 328 733 inquit,
367 669 553 718 auxilio
591 669 744 718 etiam
783 668 1059 718 Camillam.
1115 669 1238 718 haec
1275 672 1452 733 utpote
1489 670 1674 719 femina
1712 671 1831 733 quia

138 744 287 808 plena
331 743 477 792 laude
523 743 764 807 praeferri
809 760 909 792 non
953 743 1141 807 potuit,
1191 743 1414 808 adplicat
1462 746 1513 793 et
1561 762 1652 807 per
1701 761 1829 807 quae

137 820 307 881 posset
341 818 447 867 iure
493 817 768 881 meritoque
812 816 1030 866 laudari·
1080 817 1396 880 Volscorum,
1438 817 1533 880 ait,
1579 819 1638 868 de
1684 821 1830 883 gente

71 945 75 954 Ι
137 893 234 954 est,
285 893 431 956 quasi
479 891 613 955 apud
658 892 865 941 Volscos
911 907 1011 940 non
1061 894 1260 940 tantum
1314 892 1409 941 viri
1457 909 1629 942 verum
1676 894 1830 942 etiam

66 981 108 1012 ιο
137 967 350 1015 feminae
388 967 542 1016 fortes
574 981 678 1015 esse
709 965 993 1028 videantur3
1032 965 1234 1030 egregia
1265 966 1324 1014 de
1354 969 1522 1031 geute,
1557 966 1613 1015 in
1646 983 1829 1032 magno

138 1041 322 1103 quippe
353 1041 655 1104 populorum
685 1056 888 1088 numero
920 1041 1040 1088 sunt
1060 1040 1289 1088 nonnulli
1312 1042 1402 1102 qui
1431 1043 1620 1090 ceteros
1650 1041 1828 1090 nobili·

134 1116 240 1163 tate
270 1115 610 1178 praeveniant,
640 1130 819 1179 agmen
850 1129 1001 1178 agens
1032 1114 1275 1178 equitum,
1307 1114 1482 1163 crescit
1511 1114 1676 1164 laudis
1707 1131 1828 1180 aug·

134 1191 379 1250 mentum,
417 1189 656 1237 meruisse
695 1188 827 1237 enim
857 1188 1126 1236 exercitum
1157 1187 1334 1237 ducere
1365 1190 1582 1251 quantae
1614 1192 1690 1238 est
1718 1189 1828 1238 feli·

135 1263 323 1312 citatis!
378 1266 428 1312 et
463 1261 686 1312 florentis
724 1278 836 1311 aere
874 1264 1120 1324 catervas,
1151 1278 1213 1311 ne
1242 1262 1546 1326 ignobilibus
1577 1262 1829 1325 adplicata

62 1351 105 1385 1⁵
134 1337 406 1400 videretu13
459 1353 550 1386 nec
598 1353 771 1385 eorum
820 1337 1079 1398 quantitas
1129 1335 1384 1398 definitur,
1436 1339 1498 1385 ut
1546 1338 1827 1386 aestimatio

133 1410 311 1460 incerti
331 1412 527 1460 numeri
548 1410 698 1459 fidem
724 1410 950 1460 veritatis
982 1411 1217 1459 excedens
1241 1410 1379 1459 ducis
1403 1410 1638 1459 meritum
1660 1427 1827 1460 cumu-

133 1485 275 1534 laret.
327 1486 477 1548 plena
506 1485 802 1534 Volscorum
830 1484 1157 1547 praedicatio:
1195 1485 1366 1546 multi,
1402 1484 1589 1547 inquit,
1627 1485 1828 1534 fuerunt

132 1560 367 1608 instructi
413 1558 554 1623 equis
599 1561 650 1607 et
686 1559 841 1608 fortes
888 1561 1038 1621 atque
1085 1560 1234 1607 armis
1281 1558 1528 1622 splendidi
1573 1574 1631 1608 ac
1675 1560 1825 1608 reful-

133 1636 319 1698 gentes.
375 1634 539 1697 qualis
570 1633 661 1682 illa
691 1649 812 1698 gens
843 1633 963 1694 fuit,
1003 1649 1153 1695 quam
1182 1633 1327 1682 fortis
1358 1632 1412 1680 in
1442 1633 1587 1695 viris,
1627 1634 1826 1696 quando

58 1722 103 1756 ιο
132 1707 345 1757 feminae
391 1709 615 1772 ipsorum
654 1709 706 1756 et
740 1708 814 1756 ire
854 1707 919 1756 ad
955 1707 1139 1755 bellum
1186 1723 1285 1756 non
1330 1706 1562 1755 dubitant
1598 1709 1650 1755 et
1685 1723 1826 1771 prae·

131 1781 368 1831 ficiuntur
416 1782 645 1831 armatis!
699 1782 871 1843 quodsi
913 1796 989 1829 me
1037 1781 1194 1829 solum
1240 1782 1415 1829 Teucri
1459 1782 1514 1829 in
1559 1782 1826 1830 certamina

123 1860 334 1916 poscunt
361 1856 505 1916 idque
527 1856 689 1916 placet
718 1859 998 1915 tantumque
1030 1856 1166 1903 bom's
1197 1855 1529 1904 communibus
1551 1856 1696 1911 obst0,
1727 1870 1825 1904 non
1842 1862 1927 1902 435

132 1931 252 1978 adeo
281 1930 374 1979 has
404 1944 550 1979 exosa
578 1945 759 1978 manus
788 1931 991 1978 victoria
1019 1930 1159 1990 fuqit,
1198 1932 1253 1976 ut
1283 1932 1421 1977 tanta
1451 1930 1707 1990 quicquam
1727 1944 1824 1989 pro

66 2044 73 2063 ÷
130 2018 215 2064 spe
238 2007 468 2065 temptare
489 2017 728 2053 recusem:
757 2019 1021 2053 consensus
1045 2004 1139 2052 iste
1167 2018 1267 2051 non
1290 2019 1348 2051 ex
1370 2003 1630 2052 voluntate
1654 2003 1825 2064 Turni,

58 2094 101 2127 25
131 2077 219 2127 sed
256 2094 314 2127 ex
351 2078 644 2126 necessitate
694 2077 946 2139 veniebat3
995 2093 1111 2125 nam
1160 2076 1313 2125 verba
1361 2078 1468 2126 eius
1518 2077 1589 2126 sic
1626 2078 1825 2140 prolata

130 2155 268 2214 sunt,
306 2154 367 2201 ut
403 2153 654 2200 nolentem
690 2151 858 2214 potius
889 2152 1298 2200 demonstrarent.
1359 2150 1424 2212 si,
1461 2150 1651 2214 inquit,
1690 2152 1823 2199 solus

130 2229 275 2289 petor
327 2227 415 2289 qui
464 2226 660 2274 Aeneae
713 2225 1006 2290 congrediar
1058 2227 1109 2274 et
1159 2225 1252 2273 hoc
1305 2226 1500 2288 putatis
1553 2225 1822 2273 conducere

131 2301 398 2349 commodis
447 2299 647 2362 vestriS‚
695 2301 752 2348 ut
802 2316 859 2348 ex
915 2300 1064 2347 unius
1109 2299 1314 2348 fortuna
1368 2299 1583 2363 pendeat
1628 2299 1821 2347 utilitas

129 2377 309 2436 vestra,
333 2376 383 2422 et
414 2390 505 2439 ego
535 2373 734 2437 inpedio
760 2373 894 2436 quod
916 2373 1146 2435 prodesse
1170 2373 1398 2422 omnibus
1418 2375 1597 2436 potest,
1621 2372 1822 2435 cupiens

56 2463 101 2496 so
129 2448 271 2498 vobis
301 2465 391 2511 pro
422 2449 681 2498 voluntate
703 2449 870 2496 vestra
900 2462 1005 2496 esse
1035 2447 1318 2496 consultum
1349 2446 1685 2496 condicionem
1709 2462 1820 2508 pro·

130 2524 347 2586 positam
384 2539 483 2571 non
522 2537 709 2571 recuso.
784 2537 845 2569 ne
884 2524 1053 2569 autem
1091 2521 1151 2570 de
1197 2537 1249 2570 se
1288 2521 1510 2569 diffidere
1556 2519 1820 2580 videretur,

131 2598 204 2645 ait
240 2613 340 2645 non
379 2597 501 2646 adeo
540 2612 618 2644 me
658 2595 874 2644 deseruit-
915 2595 1116 2644 fortuna
1152 2595 1456 2658 prosperior,
1505 2596 1564 2642 ut
1600 2609 1820 2642 recusem

250 2743 272 2781 1
307 2743 439 2783 erant
468 2751 557 2781 om.
582 2737 653 2781 ed.
697 2737 702 2794 Ι
749 2736 884 2793 diliqi
906 2734 961 2779 V.
1069 2740 1094 2780 3
1126 2737 1384 2791 vulsyomm
1415 2734 1554 2790 (infra
1583 2733 1738 2789 vulso.)
1763 2733 1818 2777 V.

130 2801 156 2841 5
186 2797 400 2842 habemus
416 2823 471 2830 —
497 2802 524 2841 6
556 2796 799 2842 Camillam
831 2809 918 2839 om.
947 2794 1019 2839 ed.
1142 2800 1166 2838 7
1192 2795 1395 2851 preferre
1419 2793 1459 2837 V
1485 2793 1716 2849 praeferri
1746 2792 1816 2837 ed.

129 2857 248 2911 post.
340 2860 368 2900 8
398 2858 468 2901 ait
490 2855 532 2899 V
560 2856 712 2911 inquit
742 2854 812 2898 ed.
906 2858 960 2897 15
991 2854 1204 2899 videntur
1226 2853 1268 2896 V
1297 2867 1410 2897 corr.
1437 2853 1507 2908 ed.
1602 2855 1656 2895 18
1688 2866 1819 2897 arma

45 2965 49 2967 Α
130 2915 381 2970 splendidis
404 2915 446 2959 V
470 2929 583 2959 corr.
610 2914 726 2958 edF.
833 2916 886 2956 19
918 2913 994 2957 me
1017 2912 1059 2956 V
1084 2927 1196 2957 corr.
1223 2913 1294 2957 ed.
1344 2914 1348 2970 Ι
1397 2912 1532 2966 fortis
1560 2912 1612 2955 in
1642 2912 1755 2955 viris
1777 2910 1818 2954 V

129 2974 266 3028 sentes
295 2975 386 3019 viri
417 2974 488 3018 ed.
610 2978 664 3016 27
698 2987 800 3017 cum
823 2973 981 3017 Aenea
1012 2972 1083 3016 ed.

219 3063 315 3095 Don.
331 3063 488 3102 interpr.
501 3063 615 3104 Verg.
638 3062 714 3095 vol.
730 3062 781 3094 11.
1495 3063 1548 3102 31
