2050 3226
764 139 1068 186 AENEIDOS
1099 139 1185 185 XII
1718 142 1828 196 583

131 282 288 330 tatem
337 280 616 329 Romanam
669 280 866 329 dicatur
917 282 1224 329 consecutus.
1300 280 1480 329 talibus
1518 295 1722 329 accensa
1761 283 1831 329 est

130 357 362 404 iuvenum
383 355 620 403 sententia
642 354 807 403 dietis:
838 356 957 418 quia
982 355 1184 404 iuvenes
1207 354 1408 403 fuerant
1429 355 1522 402 hoc
1554 356 1630 403 est
1659 355 1828 417 forta-3,

131 430 277 478 facile
315 428 461 492 quasi
498 427 714 491 quodam
749 428 873 477 flatu
912 429 1270 478 exhortationis
1309 429 1504 477 accensi
1540 430 1671 477 sunt.
1725 430 1829 477 iam

128 505 287 565 maqis
325 506 466 564 atque
501 503 684 564 mayis:
732 503 892 567 magis
930 503 1096 567 inquit
1132 506 1183 552 et
1218 504 1314 552 hoc
1356 502 1490 551 idem
1536 502 1827 565 duplicavit,

78 592 98 625 5
131 578 250 640 quia
300 577 514 626 volentis
569 578 846 626 cohortatio
899 578 1164 640 inpulerat.
1226 577 1466 638 serpitque
1496 591 1590 638 per
1628 578 1828 638 aymina

128 666 376 700 murmur:
405 653 457 700 et
478 651 726 713 paulatim
749 651 1046 714 procedebat
1071 653 1125 700 in
1149 652 1373 716 singulos
1395 650 1590 699 inutilis
1614 651 1827 700 foederis

127 742 352 774 murmur
390 727 543 789 atque
580 727 634 773 in
664 726 898 775 universa
929 726 1130 790 agmina
1159 726 1385 774 vadendo
1418 725 1679 774 crescebat.
1729 726 1829 786 ipsi
1842 734 1930 774 240

127 799 404 848 Laurentes
439 801 616 848 mutati
651 801 840 860 ipsique
878 799 1077 848 Latini:
1126 799 1400 848 Laurentes
1439 814 1700 862 possumus
1749 815 1827 848 ac-

127 873 289 937 cipere
329 889 411 922 eos
452 874 541 937 qui
584 874 638 922 in
684 875 888 923 civitate
934 874 1280 936 morabantur,
1331 873 1540 923 Latinos
1582 890 1699 923 vero
1739 873 1829 936 qui

57 963 97 996 10
127 948 465 996 confluxerant
489 947 550 997 ab
576 949 689 997 aliis
713 949 849 997 locis.
902 950 1004 1012 ipsi
1025 948 1183 1013 igitur
1207 949 1295 1012 qui
1319 948 1547 997 dixerant
1564 942 1674 1015 (11,
1694 942 1826 1015 371)

125 1022 345 1084 „scilicet
382 1024 440 1070 ut
478 1022 645 1071 Turno
694 1023 954 1087 contingat
997 1024 1138 1087 regia
1184 1023 1418 1084 coniunX,
1468 1038 1580 1084 n03‚
1631 1023 1827 1071 animae

125 1096 270 1158 viles,
308 1097 570 1145 inhumata
599 1096 869 1160 infletaque
900 1097 1070 1159 turba,
1110 1100 1386 1146 sternamur
1416 1096 1617 1159 campis.
1674 1098 1827 1145 etiam

126 1174 198 1232 tu,
230 1171 273 1219 si
306 1187 407 1233 qua
438 1171 533 1219 tibi
562 1171 654 1233 vis,
685 1172 728 1220 si
758 1171 913 1234 patrii
945 1172 1067 1234 quid
1088 1171 1263 1220 Martis
1286 1171 1455 1232 habes,
1483 1170 1628 1219 illum
1660 1172 1825 1234 aspice

125 1247 299 1293 contra
342 1245 429 1308 qui
474 1243 671 1306 vocat“‚
720 1246 820 1308 ipsi
868 1245 1052 1294 mutati
1101 1248 1220 1294 sunt
1263 1245 1317 1292 in
1367 1261 1478 1294 eam
1526 1245 1824 1294 sententiam

52 1332 94 1366 ιε
126 1335 274 1382 quam
326 1319 616 1368 dimiserant
662 1322 712 1368 et
758 1321 842 1380 qui
885 1321 980 1368 sibi
1024 1321 1127 1368 iam
1171 1321 1384 1380 requiem
1414 1334 1614 1380 puqnae
1659 1321 1825 1368 rebus-

125 1408 214 1453 que
243 1394 450 1442 salutem
478 1395 745 1454 sperabant
766 1409 898 1442 nune
921 1409 1064 1442 arma
1089 1394 1257 1442 volunt
1277 1394 1541 1454 foedusque
1556 1397 1826 1454 precantur

123 1469 355 1527 infectum
394 1471 438 1515 et
475 1468 636 1516 Twrni
680 1471 855 1516 sortem
898 1469 1198 1516 miserantur
1238 1469 1484 1527 iniquam:
1532 1469 1586 1516 in
1623 1470 1824 1516 tantum

122 1542 308 1590 mutati
331 1544 470 1603 sunt,
493 1544 552 1590 ut
575 1543 661 1604 qui
684 1543 783 1590 iam
811 1542 1081 1605 sperabant
1105 1542 1262 1591 otium
1290 1544 1341 1591 et
1362 1543 1563 1605 plenam
1585 1542 1823 1604 requiem,

124 1617 211 1678 qui
240 1617 342 1665 iam
374 1616 553 1665 salutis
586 1632 644 1665 ac
673 1633 838 1665 rerum
868 1617 1053 1665 fiducia
1083 1617 1381 1665 tenebantur
1404 1631 1544 1664 arma
1568 1619 1823 1679 cuperent,

49 1704 93 1737 ιο
121 1694 407 1740 recusarent
428 1691 599 1740 foedus
620 1693 670 1739 et
692 1690 1010 1740 miseratione
1027 1691 1186 1739 Turni
1208 1691 1499 1753 plenissima
1521 1692 1821 1740 tenerentur.

239 1765 340 1813 His
378 1766 518 1813 aliud
553 1766 718 1814 maius
755 1766 973 1814 Iuturna
1019 1766 1244 1826 adiunyit
1281 1769 1324 1813 et
1362 1766 1458 1813 alto
1497 1765 1583 1813 dat
1627 1766 1822 1826 siynum
1837 1772 1924 1812 245

122 1839 272 1895 caele,
326 1854 416 1900 quo
465 1853 566 1887 non
612 1841 920 1899 praesentius
963 1840 1121 1887 ullum
1170 1840 1386 1887 turbavit
1430 1842 1610 1887 mentes
1659 1839 1822 1887 Italas

121 1916 425 1974 monstroque
460 1914 656 1974 fefellit:
699 1914 797 1975 his,
836 1914 930 1962 hoc
969 1916 1044 1962 est
1080 1914 1181 1962 illis
1222 1929 1349 1975 quae
1389 1913 1614 1976 superius
1653 1913 1822 1962 locuta

122 1989 198 2035 est
227 1987 307 2035 vel
346 2002 470 2049 quos
508 1987 756 2051 loquendo
796 1989 1131 2037 commoverat
1168 1987 1465 2050 praesentis,
1505 1988 1734 2036 adiunxit
1771 1990 1822 2036 et

48 2074 91 2107 π
121 2063 420 2122 monstrum,
458 2063 563 2110 tam
595 2078 835 2126 magnum
868 2065 918 2111 et
946 2062 1021 2111 ita
1061 2062 1122 2110 ad
1156 2077 1355 2111 causam
1387 2063 1664 2125 praesentis
1696 2063 1819 2110 tem·

121 2134 255 2197 poris
295 2135 630 2198 conpositum,
688 2138 747 2184 ut
796 2137 1018 2184 omnium
1066 2136 1300 2184 fefellerit
1348 2151 1535 2185 sensus,
1610 2150 1821 2196 namque

120 2211 292 2258 volans
336 2211 492 2258 rubra
532 2211 702 2270 fulvus
739 2211 876 2258 Iovis
915 2211 1016 2258 ales
1053 2212 1108 2258 in
1154 2211 1323 2259 aethra
1362 2211 1556 2259 litoreas
1603 2211 1822 2271 aqitabat

121 2297 236 2332 aves
266 2285 551 2343 turbamque
580 2288 832 2333 sonantem
864 2285 1075 2345 ayminis
1106 2285 1299 2345 aliyeri,
1331 2286 1487 2334 subito
1516 2299 1624 2332 cum
1649 2285 1819 2344 lapsus

121 2358 187 2406 ad
223 2358 388 2406 undas
427 2373 628 2419 cycnum
666 2359 964 2406 excellentem
988 2358 1197 2419 pedibus
1233 2360 1368 2420 rapit
1405 2360 1617 2419 armiyer
1652 2359 1819 2406 uncis:
1835 2365 1921 2406 250

242 2490 264 2528 1
298 2485 470 2529 dieitur
494 2484 535 2528 V
558 2485 631 2529 ed.
663 2485 846 2529 dicatur
884 2484 955 2528 ed.
992 2486 1112 2541 post.
1162 2485 1167 2542 Ι
1223 2486 1412 2530 incensa
1451 2485 1521 2529 ed.
1564 2486 1611 2528 et
1650 2483 1817 2540 optimi

120 2543 259 2600 Verg.
307 2542 429 2587 libri.
576 2548 601 2587 3
654 2545 831 2588 incensi
879 2543 950 2587 ed.
1097 2549 1123 2588 6
1169 2544 1334 2589 inutile
1370 2543 1413 2588 V
1453 2544 1523 2587 ed.
1579 2544 1666 2588 -lis
1717 2557 1814 2588 nos.

121 2606 147 2646 8
178 2616 315 2658 possu
340 2602 439 2660 (sic)
457 2602 499 2645 V
524 2616 758 2658 possemus
789 2603 859 2647 ed.
954 2607 978 2646 9
1011 2617 1084 2648 eos
1106 2602 1148 2646 V
1171 2605 1295 2660 ipsos
1319 2603 1390 2647 ed.
1486 2607 1540 2646 10
1572 2603 1634 2646 ad
1655 2603 1751 2647 illis
1773 2602 1817 2646 V

120 2662 178 2706 ab
209 2663 240 2706 i.
274 2662 345 2706 ed.
378 2663 435 2706 ab
467 2663 576 2706 aliis
605 2675 702 2706 noe.
837 2666 892 2706 15
925 2664 1262 2718 praemiserant
1301 2663 1372 2706 ed.
1428 2662 1432 2719 Ι
1492 2667 1534 2706 et
1571 2675 1657 2706 om.
1697 2662 1768 2706 ed.

118 2721 250 2765 rebus
290 2735 375 2777 pro
417 2722 636 2776 rebusque
669 2720 726 2766 V.
856 2725 910 2764 18
947 2726 999 2766 ut
1037 2735 1124 2766 om.
1163 2721 1234 2765 ed.
1370 2725 1423 2764 19
1467 2722 1735 2766 tenebantwr

120 2785 308 2825 -rentur
350 2780 423 2824 ed.
546 2784 599 2823 22
633 2781 948 2836 praestantius
977 2779 1020 2824 V
1051 2780 1138 2834 ed„
1179 2780 1259 2824 sed
1299 2781 1490 2836 interpr.
1530 2781 1815 2836 praesentius

119 2839 273 2893 poscit
303 2839 361 2883 cf.
388 2843 487 2883 152.
592 2843 648 2883 24
674 2845 933 2895 praesentes
955 2840 1174 2884 adiunxit
1196 2838 1238 2883 V
1261 2840 1578 2895 praestantius
1600 2839 1815 2896 adiunyit

122 2897 237 2942 edF.
360 2902 416 2942 28
451 2912 536 2942 con
566 2898 721 2943 labsus
750 2897 807 2943 V.
927 2903 983 2942 29
1014 2900 1211 2956 armiyer
1234 2898 1275 2942 V
1308 2898 1365 2942 cf.
1400 2902 1552 2952 9‚·564
1583 2899 1814 2955 improbus

122 2955 193 3000 ed.
226 2958 274 3001 et
303 2956 443 3014 Verg.
476 2956 598 3001 libri.
