2050 3226
243 173 352 227 402
718 172 951 216 DONATI
979 171 1260 216 INTERPR.
1286 172 1464 217 VERG.

244 313 447 361 solitum
485 313 536 359 et
573 311 807 374 portandi
841 311 1247 360 consuetudinem
1285 311 1570 374 perdidisse.
1636 314 1934 373 effusumque

210 428 213 429 γ
244 387 445 447 equitem
482 400 629 446 super
666 387 770 446 ipse
807 389 997 434 secutus
1034 386 1261 446 inplicat:
1299 389 1389 434 aut
1425 386 1572 434 ruina
1607 387 1825 450 corporis
1857 387 1936 436 sui

243 476 399 523 equus
451 460 705 508 dominum
752 459 1015 522 inplicavit
1065 461 1155 507 aut
1205 459 1325 522 quia
1374 461 1445 508 sic
1491 460 1692 521 deiecit,
1741 463 1801 509 ut
1849 461 1934 509 ille

243 550 294 583 se
333 534 575 596 explicare
607 549 707 581 non
745 535 926 595 posset.
989 534 1220 593 eiectoque
1257 534 1491 582 incumbit
1527 549 1734 582 cernuus
1773 550 1934 583 armo.-

242 611 442 671 praeter
490 608 638 656 letale
691 607 824 670 quod
874 609 1132 670 exceperat
1177 607 1359 656 vulnus
1408 608 1536 657 alius
1576 610 1622 656 ei
1660 623 1803 656 casus
1856 625 1934 657 ac·

243 683 412 742 cessit,
452 684 509 729 ut
547 681 700 729 eiecto
742 697 878 729 armo
919 680 1191 730 cecidisset.
1252 697 1486 730 cernuum
1525 681 1699 730 dicunt
1737 683 1934 746 qualem

154 752 158 755 ’
240 756 347 819 ipse
387 755 639 819 Vergilius
691 754 1053 804 demonstravit
1101 757 1327 817 porrecto
1378 772 1476 804 uno
1523 756 1670 818 pede,
1719 757 1813 805 hoc
1859 759 1936 805 est

243 831 398 879 altero
450 846 508 877 ex
557 830 754 891 primis,
804 830 1011 891 reliquis
1061 845 1176 878 vero
1225 829 1469 891 collectis,
1520 830 1682 893 capite
1735 846 1934 894 quoque

241 905 295 951 in
347 907 533 952 terram
586 905 824 952 coartato.
908 904 1026 952 huic
1081 905 1355 952 accesserat
1406 904 1538 952 malo
1596 904 1729 967 quod
1782 906 1935 952 etiam

242 994 436 1026 armum
480 978 787 1040 perdiderat,
833 980 890 1026 ut
938 994 1027 1026 nec
1073 993 1225 1027 ausus
1263 977 1371 1039 ipse
1409 979 1723 1040 reparatione
1763 978 1935 1041 aliqua

138 1062 224 1103 895
240 1053 413 1100 iuvare
474 1053 732 1114 potuisset.
833 1052 1041 1100 clamore
1106 1052 1373 1099 incendunt
1439 1052 1625 1100 caeluan
1694 1053 1935 1136 Troesque

240 1126 530 1185 Latinique:
580 1127 690 1188 quis
745 1126 876 1174 enim
926 1141 1024 1173 non
1074 1127 1342 1174 miraretur
1392 1127 1481 1174 aut
1530 1126 1796 1174 consilium
1839 1126 1936 1175 viri

240 1201 385 1249 fortis
434 1203 523 1249 aut
578 1201 700 1248 facti
743 1199 900 1263 ipsius
957 1205 1007 1248 et
1058 1200 1290 1249 fortunae
1337 1199 1666 1262 proventum?
1740 1200 1937 1249 advolat

240 1273 460 1323 Aeneas:
507 1275 759 1323 celeritate
807 1275 991 1336 quippe
1039 1289 1164 1336 opus
1211 1274 1396 1335 fuerat,
1444 1275 1714 1337 antequam
1757 1273 1844 1322 ille
1882 1289 1933 1323 se

240 1349 369 1397 forte
421 1348 678 1412 colligeret
729 1350 819 1396 aut
863 1348 1045 1396 iterum
1095 1347 1441 1396 subveniretur
1487 1364 1517 1396 a
1564 1347 1723 1396 sociis.
1800 1349 1935 1410 vaqi-

240 1436 400 1483 naque
453 1423 597 1482 eripit
650 1436 810 1470 ensem
860 1426 902 1470 et
954 1436 1101 1483 super
1149 1423 1290 1471 haec:
1344 1423 1393 1469 et
1440 1421 1644 1470 advolat
1690 1424 1741 1470 et
1786 1422 1935 1484 eripit

240 1498 405 1544 totum
453 1496 517 1544 ad
556 1497 861 1545 celeritatem
907 1496 1342 1544 demonstrandam
1381 1495 1619 1558 pertinet3
1666 1499 1933 1558 utrumque

241 1572 374 1618 enim
421 1571 571 1619 simul
617 1571 806 1619 factum
850 1570 1161 1633 intellegitur
1207 1575 1257 1618 et
1303 1585 1451 1632 super
1491 1573 1731 1618 terrorem
1770 1569 1935 1618 educti

241 1644 398 1709 gladii
435 1646 557 1693 haec
596 1645 789 1693 addidit
826 1643 1183 1693 insultantibus
1223 1643 1408 1693 verbis:
1445 1644 1532 1691 ubi
1569 1658 1700 1691 nunc
1737 1644 1933 1692 Mezen-

240 1720 338 1767 tius
388 1733 499 1767 acer
550 1722 593 1766 et
639 1719 729 1767 illa
778 1719 928 1778 effera
975 1719 1051 1766 vis
1101 1718 1289 1766 animi?
1366 1733 1517 1781 quam
1565 1717 1729 1766 brevis
1780 1717 1932 1766 dictio

242 1794 348 1841 eius
401 1792 490 1855 qui
538 1793 838 1855 properabat
888 1792 952 1840 ad
998 1791 1290 1855 exigendam
1334 1790 1581 1854 poenam?
1643 1807 1740 1854 quo
1787 1807 1933 1854 nunc,

240 1867 428 1929 inquit,
476 1867 689 1915 Mezenti
733 1867 977 1915 fortitudo
1025 1865 1284 1914 discessit?
1353 1866 1599 1927 quomodo
1646 1866 1795 1914 semel
1844 1868 1934 1914 tua

241 1942 406 1988 tecum
451 1941 622 1988 feritas
647 1940 852 2003 periit?
926 1939 1048 2004 quid
1093 1940 1286 2002 profuit
1332 1941 1402 1988 sic
1447 1939 1628 1988 vixisse
1676 1943 1766 1988 aut
1802 1941 1932 1988 male

241 2015 479 2062 meruisse
521 2014 579 2061 de
620 2014 799 2064 sociis?
855 2014 978 2077 quid
1016 2014 1131 2062 deos
1170 2015 1279 2062 tota
1316 2015 1600 2062 temeritate
1638 2013 1932 2077 tempsisse?

240 2087 364 2136 haec
387 2088 640 2152 Vergilius
687 2104 786 2136 non
833 2088 1115 2151 specialiter
1153 2087 1344 2150 posuit,
1395 2104 1455 2136 ne
1502 2089 1709 2152 longum
1747 2088 1931 2136 faceret

243 2161 474 2210 dictionis
520 2164 758 2224 tractum,
807 2179 953 2225 quem
997 2162 1196 2210 brevem
1244 2177 1348 2211 esse
1397 2164 1714 2223 convenerat,
1763 2163 1932 2210 tamen

241 2237 295 2283 in
345 2251 401 2284 eo
453 2236 587 2298 quod
637 2236 763 2284 dixit
813 2238 960 2285 effera
1009 2236 1084 2285 vis
1137 2236 1290 2284 animi
1338 2237 1418 2283 tui
1468 2235 1554 2283 ubi
1600 2237 1674 2283 est
1722 2238 1932 2297 possunt

243 2309 395 2358 etiam
448 2310 538 2357 illa
595 2326 720 2372 quae
775 2310 988 2358 diximus
1046 2313 1095 2359 et
1147 2310 1308 2358 multa
1369 2310 1471 2358 alia
1531 2309 1932 2358 coniecturaliter

243 2383 424 2447 colligi.
525 2387 691 2432 contra
747 2385 1046 2445 TyrrhenuS,
1108 2387 1164 2431 ut
1223 2398 1376 2432 auras
1436 2384 1711 2443 suspiciens,
1768 2383 1933 2432 hausit

1967 993 2010 1025 10

1966 1361 2008 1395 15

1965 1731 2008 1764 20

1963 2100 2006 2135 25

244 2458 429 2506 caeluni
481 2461 774 2519 mentemque
826 2459 1023 2518 recepit:
1085 2474 1192 2506 ecce
1254 2459 1457 2520 propter
1517 2472 1666 2520 quam
1728 2472 1930 2506 causam
1961 2470 2004 2502 80

361 2634 388 2671 4
420 2642 579 2672 ceruus
602 2627 644 2671 V
675 2629 740 2684 (et
770 2627 923 2683 infra).
1012 2633 1065 2671 10
1098 2642 1239 2673 ausus
1270 2642 1356 2671 om.
1391 2627 1461 2671 ed.
1548 2631 1600 2670 11
1634 2628 1788 2671 iuvari
1819 2628 1889 2672 ed.
1919 2627 1925 2686 1

242 2688 487 2731 intendunt
524 2687 578 2731 V.
717 2691 770 2730 12
815 2688 1049 2731 miseretur
1083 2687 1125 2730 V
1162 2689 1406 2732 miraretur
1435 2685 1477 2729 U
1508 2699 1591 2729 nos
1629 2687 1818 2731 miretur
1857 2687 1927 2730 ed.

244 2750 299 2789 13
343 2752 545 2791 eventum
590 2746 660 2790 ed.
784 2750 839 2789 14
877 2759 991 2801 opus
1024 2751 1254 2802 spreverat
1282 2745 1325 2789 V
1362 2759 1400 2790 ο.
1431 2746 1584 2799 suerat
1613 2758 1695 2788 nos
1729 2751 1827 2789 erat
1856 2746 1927 2790 ed.

246 2809 299 2848 18
354 2806 474 2849 enim
528 2819 614 2849 om.
664 2804 735 2848 ed.
879 2809 932 2847 21
984 2806 1263 2861 properabat
1306 2804 1349 2847 V
1400 2817 1446 2848 se
1492 2805 1805 2859 praeparabat
1856 2805 1927 2848 ed.

245 2868 299 2906 22
332 2864 462 2908 semel
485 2863 526 2906 V
556 2865 693 2908 simul
724 2863 794 2907 ed.
917 2868 970 2906 23
1004 2870 1147 2908 tecum
1177 2866 1404 2919 transpos.
1439 2862 1509 2906 ed.
1554 2862 1558 2920 Ι
1594 2863 1717 2918 perit
1738 2862 1782 2905 V
1813 2877 1926 2908 corr.

245 2922 315 2965 ed.
354 2924 357 2980 Ι
393 2924 434 2966 si
456 2923 498 2965 V
520 2925 586 2967 sic
611 2937 723 2967 corr.
750 2923 821 2966 ed.
908 2927 963 2966 24
988 2925 1181 2967 tem-sisse
1204 2922 1246 2965 V
1269 2922 1580 2977 contempsisse
1604 2921 1676 2966 ed.
1761 2926 1816 2965 25
1847 2936 1929 2966 nec

246 2982 428 3037 lonqum
452 2981 494 3024 V
526 2995 638 3025 corr.
674 2982 743 3025 ed.
