2050 3226
229 131 337 185 376
701 128 934 174 DONATI
962 128 1243 174 INTERPR.
1266 128 1445 174 VERG.

228 268 506 318 feriendum
557 285 647 319 nec
698 268 1021 334 intellegebat
1067 267 1234 317 omnia
1277 269 1399 318 haec
1447 269 1500 317 in
1545 271 1719 319 ventos
1770 269 1916 332 exire,

227 344 321 392 hoc
367 346 443 393 est
487 342 659 393 inania
696 359 800 392 esse
840 345 891 392 et
926 358 1085 392 vacua
1123 358 1250 405 quae
1289 342 1550 392 clamabat.
1633 346 1756 404 forte
1791 345 1916 393 ratis

229 418 341 466 celsi
378 418 634 467 coniuncta
670 418 914 479 crepidine
942 417 1055 465 saxi
1084 417 1309 477 expositis
1338 418 1500 466 stabat
1527 418 1675 466 scalis
1706 420 1749 466 et
1770 421 1918 478 ponte

219 495 425 553 parato:
461 492 639 541 umbra
675 491 766 540 issa
797 507 910 540 cum
939 491 1151 555 fugeret,
1178 490 1358 540 habuit
1386 491 1592 541 fortuna
1621 494 1917 555 procurante

228 565 619 629 oportunitatem
657 566 822 627 navis,
862 580 1016 627 quam
1052 567 1222 628 posset
1260 564 1541 629 ascendere,
1586 566 1667 615 vel
1703 567 1917 615 maxime

229 639 347 702 quia
383 640 562 689 habuit
599 639 933 688 substantiam
969 640 1159 702 pontis3
1197 656 1314 688 nam
1360 639 1528 689 stabat
1571 641 1715 688 iuxta
1762 639 1916 702 crepi-

152 759 156 762 .
229 714 394 763 dinem
439 714 559 763 saxi.
645 712 946 776 crepidinem
992 713 1213 776 accipere
1259 729 1524 777 possumus
1569 716 1766 777 partem
1811 713 1919 764 saxi

228 804 355 851 quae
391 787 595 851 respicit
630 803 785 849 mare3
825 803 944 835 nam
981 787 1096 836 111110
1135 803 1250 836 saxo
1291 787 1556 852 colligatus
1587 789 1754 837 fuerat
1784 787 1916 837 funis

125 871 211 911 655
229 863 316 926 qui
338 878 516 911 navem
539 861 756 910 tenebat.
810 877 908 922 qua
937 875 1024 909 rex
1057 859 1274 910 Clusinis
1305 862 1532 910 advectus
1565 861 1766 911 Osinius
1796 863 1917 911 oris:

226 937 320 984 hac
361 937 480 985 navi
519 952 549 985 a
587 934 802 985 Clusinis
841 935 1021 984 finibus
1061 938 1231 985 vectus
1271 935 1541 985 advenerat
1579 935 1779 985 Osinius
1817 953 1917 985 rex.

226 1011 319 1058 huc
354 1025 457 1059 sese
493 1009 685 1071 trepida
720 1009 917 1058 Aeneae
945 1009 1179 1058 venientis
1207 1010 1369 1071 imaqo
1400 1010 1572 1058 conicit
1598 1010 1653 1058 in
1684 1011 1919 1060 latebras:

226 1086 336 1146 huc,
366 1085 421 1133 id
451 1085 528 1133 est
555 1085 609 1132 in
637 1100 832 1145 navem,
864 1083 1162 1132 contendens
1185 1084 1323 1133 velut
1345 1082 1542 1133 Aeneae
1571 1084 1737 1149 imago
1767 1085 1917 1148 trepi-

228 1158 392 1207 dantis
433 1174 538 1208 sese
576 1158 780 1207 latebris
821 1157 971 1206 dedit.
1053 1172 1141 1207 nec
1187 1158 1389 1206 Turnus
1426 1158 1618 1219 seynior
1653 1159 1805 1207 instat
1842 1173 1918 1207 ex-

225 1235 488 1294 uperatque
524 1247 689 1281 moras
728 1236 772 1280 et
799 1233 967 1293 pontis
1004 1232 1220 1280 transilit
1256 1232 1402 1280 altos:
1440 1232 1636 1281 Turnus
1667 1233 1720 1280 in
1751 1247 1918 1281 ascen-

227 1306 387 1355 dendo
410 1322 510 1355 non
534 1306 633 1354 fuit
655 1307 846 1370 segnis3
870 1323 986 1355 nam
1010 1307 1255 1369 superatis
1281 1306 1509 1356 omnibus
1533 1307 1684 1356 moris
1716 1309 1919 1370 pontem

224 1383 335 1430 tota
373 1380 625 1429 celeritate
663 1379 983 1430 transcendit.
1066 1381 1149 1428 vix
1188 1395 1393 1441 proram
1439 1381 1683 1442 attiyerah
1731 1381 1919 1443 statim,

225 1455 415 1518 inquit,
452 1458 511 1503 ut
548 1455 743 1503 Turnus
782 1456 926 1503 navis
965 1454 1134 1519 tetigit
1182 1469 1405 1518 proram,
1451 1456 1636 1515 rumpit
1678 1454 1919 1504 Saturnia

126 1536 211 1576 660
225 1531 415 1590 funem,
475 1529 793 1589 avulsumque
847 1529 982 1589 rapit
1035 1529 1255 1576 revoluta
1304 1543 1399 1588 per
1455 1542 1669 1588 aequora
1719 1543 1918 1577 navem:

229 1603 363 1666 quod
413 1602 539 1651 dixit
574 1603 765 1666 rumpit
801 1603 992 1666 funem,
1030 1618 1130 1650 non
1168 1601 1342 1663 solvit,
1388 1604 1438 1650 et
1476 1603 1701 1651 avulsam
1738 1602 1918 1666 inquit,

229 1693 328 1725 non
366 1677 660 1740 simpliciter
697 1679 979 1740 separatam
1019 1693 1049 1725 a
1086 1691 1220 1738 saxo,
1253 1675 1472 1725 ostendit
1500 1692 1737 1741 magnam
1766 1676 1918 1725 inter-

227 1752 418 1800 venisse
458 1751 818 1801 necessitatem.
895 1750 1174 1799 adhibenda
1221 1749 1406 1814 quippe
1452 1750 1586 1799 facto
1626 1750 1791 1800 fuerat
1827 1750 1918 1812 viS‚

229 1841 326 1887 quo
359 1824 507 1874 citius
537 1826 676 1874 fieret
706 1824 841 1888 quod
869 1826 1037 1874 fuerat
1057 1824 1404 1887 necessarium,
1428 1827 1695 1887 antequam
1722 1825 1917 1873 Turnus

229 1899 507 1947 adverteret
550 1898 698 1948 inane
745 1914 848 1948 esse
895 1899 1030 1963 quod
1075 1900 1296 1963 gesserat
1333 1900 1383 1947 et
1419 1899 1616 1947 rediret.
1696 1899 1917 1947 ubicum-
1994 1931 1998 1935 -

229 1989 322 2035 que
361 1975 511 2035 poeta
547 1973 716 2036 posuit
754 1989 982 2036 rumpere
1000 2035 1004 2038 ,
1021 1972 1239 2023 ostendit
1278 1971 1517 2021 maiorem
1559 1973 1918 2037 necessitatem.

228 2046 437 2109 denique
481 2049 554 2095 ait
594 2048 647 2095 in
689 2047 816 2096 libro
854 2048 1001 2096 tertio
1041 2041 1199 2114 (639)
1239 2049 1426 2109 „atque
1465 2047 1527 2095 ab
1566 2047 1712 2095 litore
1750 2047 1919 2095 funem

227 2122 445 2183 rumpite
455 2119 498 2182 “,
536 2137 597 2168 ne
634 2120 992 2171 interveniente
1039 2121 1387 2171 solvendorum
1424 2121 1734 2170 vinculorum
1779 2136 1919 2169 mora

227 2194 457 2243 manibus
505 2193 777 2257 Cyclopum
822 2195 1026 2259 navigia
1070 2197 1379 2257 tenerentur3
1428 2195 1550 2244 item
1596 2211 1707 2243 cum
1746 2195 1918 2258 fugam

231 2268 346 2317 Caci
396 2268 449 2316 in
506 2270 682 2317 octavo
735 2269 862 2318 libro
913 2263 1072 2335 (225)
1123 2268 1441 2331 describeret,
1496 2270 1570 2317 ait
1621 2269 1917 2331 „ruptisque

226 2343 425 2391 inmane
465 2342 650 2391 catenis
691 2342 869 2391 deiecit
907 2342 1133 2405 saxum“‚
1181 2343 1224 2392 si
1262 2342 1394 2391 enim
1433 2343 1622 2391 solvere
1661 2342 1916 2403 voluisset,

229 2416 490 2466 velocitate
543 2419 841 2479 praeventus
891 2417 1119 2466 Herculis
1171 2432 1355 2480 poenas
1406 2416 1604 2465 facilius
1659 2414 1820 2477 daret,
1875 2415 1918 2464 si

229 2492 490 2552 speluncae
529 2493 852 2552 occuparetur
895 2491 1160 2555 ingressus.
1235 2492 1337 2539 tale
1384 2493 1459 2539 est
1505 2492 1555 2538 et
1598 2489 1753 2553 rapit3
1799 2505 1916 2538 nam

228 2566 320 2613 hoc
359 2581 555 2628 quoque
594 2564 896 2613 celeritatem
934 2567 1055 2613 facti
1095 2565 1358 2629 significat.
1421 2565 1462 2612 si
1501 2565 1632 2612 enim
1670 2564 1916 2626 paulatim

349 2709 374 2748 3
407 2706 631 2761 crepidini
653 2705 708 2749 V.
828 2710 853 2748 6
886 2709 977 2761 quc-z
1001 2705 1042 2748 V
1074 2719 1189 2762 quae
1220 2705 1290 2749 ed.
1324 2706 1434 2761 quia
1464 2718 1560 2748 noe.
1677 2707 1732 2747 10
1764 2718 1794 2747 α
1826 2717 1914 2747 0111.

230 2764 300 2808 ed.
350 2765 353 2822 Ι
404 2765 571 2809 clusini
604 2763 658 2808 V.
707 2764 711 2822 Ι
760 2778 842 2808 rex
881 2778 967 2807 om.
1002 2764 1073 2808 ed.
1197 2768 1249 2807 11
1283 2764 1501 2808 venientis
1524 2762 1566 2807 V
1594 2762 1665 2807 ed.
1696 2763 1917 2819 fuyientis

229 2822 367 2880 Verg.
400 2822 522 2867 libri.
646 2827 699 2867 12
732 2823 783 2867 id
813 2827 877 2867 est
907 2837 995 2866 om.
1022 2823 1093 2867 ed.
1218 2827 1271 2866 19
1302 2823 1431 2879 rupit
1461 2821 1533 2866 ed.
1573 2822 1578 2880 Ι
1620 2823 1771 2877 inquit
1793 2820 1835 2864 V
1865 2822 1916 2865 id

230 2887 293 2926 est
324 2882 394 2926 ed.
503 2886 558 2925 24
584 2884 738 2938 potuit
758 2881 801 2925 V
827 2884 983 2937 posuit
1013 2883 1083 2926 ed.
1195 2886 1250 2926 29
1281 2883 1347 2926 sic
1369 2880 1411 2925 V
1441 2882 1483 2925 si
1513 2880 1583 2925 ed.
1699 2884 1754 2923 30
1787 2880 1916 2925 daret

229 2943 336 2996 post
366 2942 606 2998 speluncae
636 2941 807 2997 repetit
831 2940 884 2985 V.
1008 2946 1061 2984 31
1093 2955 1203 2986 nam
1227 2940 1269 2984 V
1298 2954 1407 2984 nam
1438 2944 1478 2984 ct
1509 2939 1579 2983 ed.

1949 953 1992 985 10

1949 1321 1991 1354 15

1949 1664 2050 1724 20Ἰ

1949 2060 1991 2093 25

1946 2429 1991 2461 30
