2050 3226
50 618 70 651 ⁶

28 991 72 1023 10

29 1363 71 1395 15

31 2104 74 2137 25

35 2474 78 2506 80

736 168 1042 213 AENEmos
1072 168 1182 212 ΧΠ.
1687 170 1794 225 553

100 310 325 371 miscuit,
374 310 433 358 ut
470 307 623 358 etiam
667 308 779 373 ipsa
817 324 907 372 pro
955 309 1101 358 certis
1145 309 1504 371 acciperentur:
1554 323 1671 357 nam
1708 325 1796 358 nec

101 384 172 433 sic
202 384 426 432 Turnum
464 384 654 432 amavit
689 386 748 432 ut
777 399 1015 448 generum
1044 398 1134 431 nec
1170 384 1224 431 in
1261 382 1463 446 negotio
1503 382 1607 431 eius
1647 399 1798 433 suasu

101 457 260 506 victus
301 460 377 506 est
406 458 631 521 coniugis
665 460 756 506 aut
785 458 929 506 fletus
964 457 1168 506 admisit
1195 456 1387 518 uxoris»,
1426 457 1513 506 sed
1542 456 1800 506 simulavit

100 533 221 594 ista,
253 534 310 580 ut
332 531 500 581 Turno
531 533 700 594 potius
732 532 985 581 consulere
1015 533 1069 579 in
1097 532 1274 581 salutis
1297 531 1516 594 periculo
1547 530 1799 580 videretur

102 622 256 668 quam
286 605 496 655 eundem
525 607 691 669 ipsum
722 622 753 654 a
783 605 1129 655 coniunctione
1159 606 1293 654 filiae
1322 621 1568 654 revocare.
1629 620 1686 654 επ
1715 606 1798 653 illo

102 682 186 740 qui
213 694 290 728 mc
319 694 485 737 casuS,
526 695 670 740 quae,
712 681 899 737 Turne,
939 683 1207 740 sequantur
1237 680 1362 728 bella
1397 680 1554 737 vides,
1595 683 1801 740 quantos

92 755 291 815 primus
320 755 518 814 patiare
549 755 761 803 labores:
797 754 1128 803 coniecturale
1166 755 1332 802 tenuit
1365 756 1714 818 argumentum
1752 757 1802 801 et

99 827 227 876 illud
274 828 596 892 prosequitur
645 828 780 891 quod
829 844 920 892 pro
973 844 1092 877 vero
1141 830 1311 890 posset
1360 828 1575 877 admitti.
1649 829 1799 889 mala,

100 903 289 965 inquit,
339 918 469 965 quae
513 903 637 951 mihi
686 903 974 952 acciderunt
1020 905 1071 951 et
1115 902 1232 963 tibi,
1283 902 1469 964 Turne,
1520 902 1800 965 considera3

99 977 223 1025 haec
262 978 393 1025 enim
441 977 682 1026 iudicabis
721 992 932 1040 poenam
978 992 1082 1025 esse
1133 976 1339 1025 admissi
1384 976 1581 1025 sceleris
1622 979 1673 1026 et
1709 993 1800 1040 pro

101 1051 294 1099 violata
333 1052 537 1100 deorum
586 1051 849 1100 maiestate
888 1050 1210 1114 supplicium3
1263 1066 1354 1099 nec
1391 1051 1499 1099 ulla
1535 1050 1692 1114 ipsius
1731 1051 1803 1099 rei

101 1125 332 1188 probatio
378 1127 656 1174 necessaria
706 1128 802 1187 est,
853 1140 963 1173 cum
1011 1125 1179 1173 omnia
1228 1125 1450 1174 subiecta
1498 1125 1602 1173 sint
1646 1125 1801 1174 oculis

101 1199 218 1248 tuis.
297 1216 425 1262 quae
471 1215 646 1263 passus
693 1201 789 1248 sim
834 1201 967 1248 nosti
1006 1215 1194 1262 quaeve
1238 1199 1345 1262 ipse
1393 1198 1555 1247 adhuc
1593 1200 1802 1262 patiaris

101 1274 367 1338 intellegis,
444 1275 518 1322 bis
562 1289 746 1335 mayna
789 1275 904 1322 victi
941 1288 1114 1334 puyna
1162 1273 1246 1321 vix
1289 1274 1409 1322 urbe
1453 1277 1645 1321 tuemur
1692 1287 1802 1335 spes

100 1348 289 1397 Italas:
319 1349 365 1397 si
394 1349 547 1396 semel
577 1350 705 1397 esset
735 1348 865 1396 male
896 1349 1199 1412 pugnatum,
1235 1347 1438 1396 daretur
1459 1348 1553 1396 hoc
1577 1349 1801 1397 eventui:

101 1422 179 1470 bis
213 1424 495 1486 pugnatum
525 1424 602 1471 est
632 1425 683 1471 et
711 1422 909 1470 fortiter
940 1422 1141 1485 quidem
1178 1423 1329 1484 atque
1366 1423 1462 1484 ita,
1494 1424 1552 1469 ut
1590 1422 1804 1471 obtineri

103 1496 376 1558 debuisset,
430 1497 528 1545 nisi
578 1497 765 1545 offensa
814 1497 1023 1544 numina
1071 1497 1455 1559 prosperitatem
1505 1511 1700 1545 omnem
1749 1497 1802 1544 in

104 1571 257 1619 aliam
309 1573 505 1633 partem
557 1571 694 1620 facta
757 1572 1041 1620 nostrorum
1095 1570 1243 1619 caede
1295 1571 1574 1619 vertissent.
1652 1573 1802 1632 atque

103 1645 298 1694 utinam
326 1645 472 1694 malis
504 1644 628 1707 ipsis
660 1646 877 1694 venisset
905 1645 1019 1693 finis
1051 1647 1140 1693 aut
1163 1645 1342 1693 saltem
1367 1645 1532 1693 minus
1555 1644 1800 1709 vigerent!

104 1721 160 1767 at
196 1735 328 1768 nova
373 1721 423 1767 et
468 1719 789 1782 pertinaciter
839 1719 1133 1768 continuata
1181 1719 1475 1781 perdurant,
1526 1722 1804 1782 sequuntur

103 1793 353 1842 indefessa
390 1793 596 1843 miseros
627 1796 678 1842 et
708 1810 845 1856 spem
881 1797 1104 1842 nostram
1136 1793 1351 1841 deterius
1382 1795 1626 1855 premunt.
1682 1793 1803 1857 quid

103 1867 206 1915 iam
244 1869 475 1930 speratur
510 1869 759 1931 prosperi,
811 1883 924 1916 cum
963 1870 1104 1916 extra
1147 1867 1319 1915 urbem
1355 1868 1597 1930 perierint
1635 1868 1804 1916 omnia

106 1944 157 1988 et
185 1942 269 1990 vix
298 1943 530 1990 tueamur
552 1958 680 2005 quae
702 1943 973 1991 retinemus
996 1940 1223 1990 inclusa?
1262 1943 1611 2005 argumentum
1635 1941 1802 1990 istius-

105 2016 243 2064 modi
274 2032 373 2077 qua
404 2018 511 2064 arte
543 2032 574 2064 a
602 2018 847 2080 tempore,
886 2031 916 2064 a
947 2032 1151 2064 numero
1191 2017 1242 2063 et
1272 2016 1610 2064 accidentibus
1641 2016 1802 2065 duxit!

106 2105 138 2138 a
166 2091 389 2152 tempore
421 2090 512 2138 sic:
551 2106 610 2139 ex
639 2091 728 2138 illo
762 2092 849 2152 qui
879 2107 957 2139 me
991 2105 1155 2151 casus,
1188 2106 1338 2153 quae,
1370 2090 1553 2151 Turne,
1595 2106 1802 2152 sequan-

105 2167 190 2213 tur
226 2164 360 2212 bella
397 2163 557 2226 vides,
597 2180 703 2226 cur,
745 2164 934 2228 inquit,
981 2181 1039 2212 ex
1076 2165 1163 2211 illo
1201 2166 1422 2227 tempore
1460 2165 1594 2213 mala
1633 2167 1803 2213 exorta

107 2241 225 2287 sunt
270 2254 367 2300 quo
413 2238 532 2287 fides
572 2242 648 2288 est
691 2241 890 2286 mutata
929 2237 1192 2286 Troianis?
1254 2254 1284 2286 a
1322 2254 1547 2287 numero:
1597 2239 1803 2300 totiens3

109 2312 170 2361 ab
201 2312 562 2361 accidentibus:
601 2313 736 2361 victi.
798 2312 1020 2360 adseruit
1050 2311 1357 2361 coniecturae
1388 2312 1614 2375 partibus
1644 2312 1804 2360 inten-

107 2388 295 2435 tionem
335 2402 496 2447 suam,
542 2387 726 2435 transit
765 2387 828 2435 ad
874 2402 932 2435 ea
972 2386 1152 2449 quibus
1198 2387 1332 2435 mala
1376 2387 1489 2449 ipsa
1534 2386 1804 2449 conprobet

107 2461 312 2509 tolerari
342 2476 443 2508 non
473 2475 629 2523 posse.
682 2461 894 2508 recalent
914 2463 1077 2508 nostro
1103 2461 1337 2509 Tiberina
1359 2462 1544 2519 fluenta
1565 2461 1804 2521 sanquine

230 2637 256 2675 6
288 2637 456 2688 quanto
479 2630 534 2675 V.
622 2635 676 2674 13
707 2632 794 2675 sim
817 2630 860 2674 V
882 2644 982 2675 sum
1006 2631 1076 2675 ed.
1165 2637 1219 2675 16
1251 2632 1319 2675 ita
1351 2645 1440 2675 om.
1466 2630 1535 2674 ed.
1624 2635 1677 2674 17
1710 2631 1802 2675 vic-

109 2692 230 2735 toria
252 2692 360 2747 post
383 2691 606 2735 debuisset
628 2690 850 2746 interpos.
877 2690 949 2734 ed.
1038 2694 1093 2734 18
1117 2692 1353 2735 venissent
1377 2689 1416 2732 V
1440 2691 1707 2735 avertissent
1729 2690 1799 2734 ed.

111 2753 166 2793 19
198 2752 371 2794 venisse
401 2749 443 2793 V
476 2763 589 2793 corr.
623 2749 695 2794 ed.
748 2749 752 2807 Ι
809 2754 960 2794 autem
989 2751 1144 2794 miuus
1166 2749 1208 2792 V
1239 2755 1324 2793 aut
1351 2749 1510 2793 saltem
1540 2763 1597 2793 m.
1630 2762 1714 2792 nos
1744 2763 1800 2792 m.

110 2814 260 2853 autem
290 2808 491 2852 absurde
522 2808 593 2853 ed.
637 2808 642 2866 1
688 2809 841 2865 viqent
873 2807 910 2851 V
942 2808 1015 2853 ed.
1136 2813 1192 2852 20
1223 2813 1274 2852 ut
1297 2807 1339 2851 V
1369 2814 1437 2853 at
1449 2821 1532 2851 nos
1563 2821 1618 2852 ac
1647 2813 1701 2852 ut
1730 2807 1801 2851 ed.

31 2909 34 2911 Α
113 2872 168 2911 22
212 2870 444 2923 perierunt
484 2867 523 2910 V
562 2867 634 2911 ed.
779 2871 835 2910 23
882 2870 993 2912 ante
1037 2868 1294 2912 istiusmodi
1339 2867 1612 2910 semirasum
1657 2867 1804 2922 ipsius

111 2925 257 2970 habet
279 2926 334 2971 V.
457 2931 514 2970 24
546 2931 588 2971 et
609 2925 652 2970 V
682 2931 723 2971 et
751 2927 810 2970 ab
842 2926 913 2970 ed.
958 2927 963 2985 1
1005 2927 1352 2971 accendentibus
1383 2925 1523 2983 (infra
1554 2926 1803 2970 accedenti-

113 2986 211 3040 bus)
236 2985 277 3027 V
302 2999 416 3030 corr.
443 2986 514 3030 ed.
637 2990 693 3030 28
724 2987 833 3030 victi
855 2984 898 3029 V
928 2999 1031 3031 vero
1063 2986 1133 3030 ed.

1833 1281 1889 1321 35
