2050 3226
823 199 1127 246 AENEIDOS
1157 199 1222 244 XI
1757 204 1868 258 475

44 334 54 374 ¹
175 341 293 389 dum
331 341 414 401 qui
452 354 658 388 crescere
687 341 918 402 §Uzybrim
959 341 1199 402 sanquine
1237 343 1282 389 et
1301 340 1537 389 Euandri
1575 344 1722 389 totam
1760 357 1869 390 cwm

173 416 323 475 stirpe
343 414 522 462 videbit
531 416 848 475 procubuisse
867 416 1063 463 domum
1086 418 1227 475 atque
1250 418 1414 464 exutos
1428 413 1659 463 Arcadas
1683 417 1868 463 armis?
1885 426 1971 467 395

173 504 358 553 magna
394 504 581 552 pompa
625 489 887 537 verborum
928 489 1131 553 propria
1176 489 1355 538 extulit
1392 491 1554 553 gesta,
1606 488 1693 538 sed
1737 490 1867 538 veris

174 563 305 612 falsa
341 562 652 625 permiscuit,
692 579 808 611 nam
838 563 1079 626 Thybrim
1112 564 1328 612 humano
1367 564 1608 627 sanguine
1649 564 1868 612 cumula-

124 651 143 683 5
172 638 283 685 tum
314 639 488 685 contra
517 639 752 684 naturam
783 640 858 686 est
886 653 1050 686 rerum
1082 640 1133 687 et
1161 653 1261 686 non
1284 639 1452 701 potest
1482 653 1586 686 esse
1618 636 1867 700 possibile.

174 710 350 760 dehinc
389 710 612 760 adseruit
651 727 845 760 omnem
884 727 935 760 se
965 712 1191 760 Euandri
1220 711 1419 775 penitus
1454 711 1662 761 erasisse
1693 727 1868 774 proge-

172 785 328 846 niem,
367 801 479 834 cum
517 800 617 833 non
647 785 806 848 pluris
840 786 1102 835 occidisset
1137 786 1226 848 qui
1256 786 1417 835 solum
1446 788 1726 848 peremerat
1755 784 1869 834 Pal·

171 860 381 921 lantem,
420 859 538 908 licet
575 861 629 907 in
667 875 767 908 uno
808 875 919 923 spes
966 860 1126 909 omnis
1166 859 1412 908 Euandrii
1456 860 1650 924 generis
1691 859 1870 908 fuisset

172 930 461 983 constituta.
501 933 561 983 de
579 933 855 983 Arcadibus
880 935 1046 983 autem
1072 936 1285 998 quantos
1310 934 1573 998 occiderat,
1590 936 1650 982 ut
1672 936 1870 982 tantum

28 1015 33 1026 ³
99 1021 143 1053 10
172 1007 269 1056 sibi
307 1007 526 1056 crederet
565 1007 941 1073 adrogandum?
980 1008 1114 1071 quis,
1153 1008 1342 1071 inquit,
1380 1007 1513 1057 dicet
1538 1025 1617 1056 me
1655 1009 1870 1071 turpiter

30 1085 35 1087 ’
171 1082 395 1145 pulsum,
448 1098 561 1130 cum
598 1098 779 1145 ponere
819 1085 934 1131 ante
974 1083 1142 1131 oeulos
1183 1083 1402 1146 coeperit
1439 1082 1679 1145 Thybrim
1715 1083 1867 1130 maxi-

170 1173 330 1217 mum,
374 1156 607 1204 fluentem
657 1156 908 1205 celeritate
946 1156 1233 1219 praecipiti,
1283 1156 1553 1219 superbum
1598 1156 1868 1206 verticibus

171 1231 437 1279 inundasse
483 1231 633 1292 atque
682 1233 884 1280 auctum
929 1246 1033 1279 esse
1080 1231 1407 1279 Troianorum
1456 1231 1695 1295 sanguine
1745 1246 1869 1293 quos

171 1305 264 1353 hac
295 1304 498 1353 dextera
537 1305 688 1352 effudi
719 1307 868 1368 atque
899 1307 1140 1367 mactavi,
1179 1304 1381 1353 domum
1414 1320 1611 1368 quoque
1642 1304 1870 1353 Euandri

99 1391 140 1423 15
171 1382 220 1427 et
268 1394 462 1427 omnem
513 1394 651 1441 spem
687 1379 998 1442 posteritatis
1049 1379 1154 1427 eius
1204 1379 1473 1427 extinctam
1522 1379 1708 1427 virtute
1756 1394 1868 1426 mea

171 1455 323 1516 atque
376 1454 645 1501 exercitum
694 1453 969 1502 iuventutis
1018 1452 1263 1502 Arcadiae
1313 1454 1379 1500 in.
1414 1455 1622 1516 tropaea
1670 1453 1869 1501 infinita

170 1525 496 1576 conversum?
556 1528 692 1576 ultra
729 1528 933 1577 modum
964 1528 1145 1575 extulit
1174 1527 1374 1576 laudem
1406 1543 1568 1588 suam,
1606 1527 1700 1576 hoc
1738 1528 1869 1575 enim

170 1600 414 1650 suadebat
442 1601 774 1664 respondendi
803 1603 1093 1663 necessitas,
1131 1603 1185 1650 in
1215 1617 1315 1650 uno
1348 1602 1454 1650 solo
1485 1617 1583 1649 non
1612 1601 1869 1663 menfitm,

172 1677 291 1738 quia
313 1675 539 1724 Euandri
560 1677 904 1739 posteritatem
931 1676 1262 1738 subverterat3
1293 1676 1469 1724 unicus
1494 1676 1678 1738 quippe
1703 1675 1869 1723 fuerat

96 1763 140 1796 20
169 1749 339 1799 Pallas
380 1753 430 1799 et
460 1749 697 1798 Euander
732 1751 835 1799 iam
874 1765 1020 1799 senex
1051 1753 1196 1814 pater
1225 1766 1382 1799 novae
1418 1749 1602 1798 subolis
1635 1764 1738 1798 esse
1769 1765 1868 1798 non

170 1826 383 1887 poterat.
459 1825 579 1872 haut
622 1825 694 1872 ita
737 1839 813 1872 me
859 1825 1040 1885 experti
1077 1825 1243 1872 Bitias
1289 1829 1334 1871 et
1368 1824 1637 1872 Pandarus
1674 1824 1868 1884 inyeus:

170 1899 384 1946 istorum
421 1898 555 1946 necis
594 1914 711 1947 vera
756 1899 934 1947 relatio
983 1900 1078 1960 est,
1127 1899 1218 1947 hos
1264 1900 1433 1947 autem
1477 1897 1589 1946 ideo
1629 1897 1757 1946 dixit
1792 1898 1867 1945 in-

171 1974 356 2036 gentis,
394 1989 456 2019 ne
497 1971 713 2021 abiectos
753 1975 804 2021 et
840 1972 1044 2021 humilis
1084 1987 1340 2035 superasse
1378 1972 1643 2020 videretur.
1693 1974 1866 2036 ingens

170 2047 248 2095 bis
288 2045 654 2108 accipiendum,
692 2048 752 2094 ut
790 2046 857 2095 sit
886 2046 1048 2095 Bitias
1087 2046 1262 2110 ingens
1301 2048 1352 2094 et
1381 2045 1639 2095 Pandarus
1678 2046 1866 2110 ingenS.

96 2136 141 2168 25
172 2124 216 2168 et
245 2135 363 2180 quos
392 2121 524 2167 mille
554 2120 632 2168 die
661 2121 811 2168 victor
840 2122 930 2169 sub
957 2122 1174 2169 Tartara
1202 2121 1339 2168 misi:
1376 2120 1471 2168 hoc
1501 2122 1695 2183 partem
1717 2120 1868 2168 habet

170 2197 298 2256 veri,
337 2196 531 2257 partem
564 2194 715 2242 aliam
746 2195 886 2256 falsi3
924 2211 1041 2243 nam
1071 2210 1184 2243 vere
1218 2194 1404 2243 multos
1436 2194 1671 2243 occidisse
1705 2193 1866 2242 dictus

171 2270 269 2331 est,
300 2284 400 2316 non
422 2270 591 2316 tamen
614 2268 765 2316 misse.
818 2269 1038 2316 inclusus
1067 2269 1224 2316 muris
1253 2269 1504 2329 hostilique
1535 2282 1706 2329 ayyere
1728 2282 1866 2327 saep-

171 2346 273 2391 tus:
318 2345 369 2391 et
413 2342 533 2403 vici,
571 2341 760 2404 inquit,
798 2342 920 2390 istos
961 2344 1012 2390 et
1050 2342 1139 2391 sub
1180 2343 1447 2391 Tartarum
1484 2342 1620 2402 misi,
1659 2342 1752 2389 hoc
1792 2344 1867 2389 est

170 2417 367 2478 Bitian,
406 2416 694 2464 Pandarum
724 2418 774 2464 et
811 2416 946 2464 mille
986 2416 1110 2465 alios
1151 2432 1275 2479 quos
1314 2433 1364 2465 se
1402 2416 1624 2465 adseruit
1653 2431 1755 2463 una
1787 2415 1865 2463 die

98 2505 142 2537 30
172 2490 422 2540 occidisse.
474 2490 666 2538 interea
695 2491 773 2538 his
805 2489 999 2538 addidit
1029 2490 1164 2553 quod
1195 2492 1448 2555 egregium
1483 2491 1670 2538 factum
1701 2488 1864 2538 laudis

39 382 51 471 ½-,

292 2607 315 2646 1
361 2607 456 2647 tota
499 2603 569 2646 ed.
692 2606 718 2645 2
762 2606 896 2646 exuto
930 2599 986 2646 V.
1115 2607 1143 2646 4
1181 2603 1462 2647 cumulatum
1492 2606 1650 2645 contra
1673 2599 1715 2643 V
1745 2601 1866 2645 dixit

171 2662 291 2717 quod
329 2661 551 2718 interpOS.
594 2661 665 2704 ed.
788 2665 814 2702 5
851 2662 1006 2717 potuit
1047 2661 1118 2705 ed.
1241 2666 1266 2704 8
1310 2660 1524 2705 euandrii
1562 2659 1604 2703 V
1649 2660 1750 2703 -dri
1792 2659 1863 2703 ed.

174 2724 230 2763 10
274 2721 387 2766 dicit
420 2720 461 2764 V
501 2735 615 2765 corr.
656 2719 772 2763 edF.
909 2724 960 2763 11
1005 2721 1050 2764 th
1086 2721 1225 2765 berim
1259 2720 1302 2763 V
1337 2720 1423 2773 ed.‚
1468 2718 1549 2762 sed
1591 2718 1864 2774 plerumque

171 2779 367 2837 thybrim
404 2779 550 2824 habet
584 2779 638 2823 V.
693 2780 696 2837 Ι
748 2779 998 2823 maximum
1028 2735 1084 2823 Vl
1108 2794 1213 2823 -ma
1248 2779 1318 2822 ed.
1444 2783 1497 2821 12
1541 2783 1582 2822 et
1618 2779 1866 2833 praecipiti

171 2837 214 2881 V
246 2838 317 2883 ed.
362 2844 403 2884 et
444 2838 607 2883 delevi.
661 2839 664 2895 J
715 2838 846 2882 vertit
882 2838 1004 2883 cibos
1039 2852 1124 2894 pro
1156 2838 1397 2883 verticibus
1428 2837 1480 2880 V.
1606 2841 1660 2880 14
1691 2837 1800 2880 haec
1822 2836 1865 2878 V

173 2910 286 2941 corr.
321 2897 393 2942 ed.
520 2903 570 2942 17
612 2899 731 2942 enim
769 2897 991 2942 suadebat
1019 2896 1059 2940 V
1099 2902 1249 2941 autem
1280 2896 1441 2941 suadet
1475 2895 1545 2940 ed.
1671 2898 1724 2938 18
1763 2909 1866 2939 men

172 2957 252 3012 qui
281 2956 324 3000 V
362 2959 579 3002 mentitur
609 2958 718 3012 quia
753 2969 835 2999 nos
875 2961 940 3000 est
969 2958 1048 3012 qui
1078 2955 1160 3000 ΗΟ
1186 2955 1257 3000 ed.
1380 2959 1436 2998 24
1475 2954 1788 3010 accipiendum
1823 2953 1866 2997 V

174 3029 218 3058 a.
250 3020 314 3060 est
344 3016 415 3059 ed.
539 3021 595 3059 26
627 3015 799 3060 dictum
829 3014 900 3059 ed.
