2078 3260
771 213 1075 269 AENEIDOS
1107 223 1192 267 XII
1721 226 1829 280 633

137 365 280 415 malis
321 367 493 414 contra
532 380 658 427 quae
708 365 953 413 maximus
1002 363 1145 413 labor
1192 365 1270 413 est
1306 366 1357 412 et
1406 364 1575 413 nullus
1615 365 1831 414 effectuS.

137 440 385 489 subnectit
429 438 787 502 apostropham
834 438 887 487 in
927 454 1027 502 qua
1070 439 1263 501 plenius
1314 436 1469 487 animi
1518 439 1594 486 sui
1638 438 1831 488 dolores

137 514 359 577 exponit:
404 514 507 561 iam
535 514 639 561 iam
677 514 840 574 linquo
871 510 1021 568 aeie3‚
1060 527 1122 561 ne
1150 527 1227 561 me
1256 515 1423 561 terrete
1453 513 1713 569 timentem,
1754 515 1832 562 ob·
1849 525 1935 567 875

136 602 307 636 scenae
349 587 587 643 volucreS,
639 587 836 635 alarwm
879 588 1082 635 verbera
1125 601 1269 635 nosco
1315 587 1593 648 letalemque
1636 601 1834 635 sonwm:

86 673 105 705 5
138 662 372 725 quoniam
410 662 518 710 sola
564 660 810 710 nuntiatis
856 661 1065 710 adversa
1110 663 1162 709 et
1205 660 1324 709 novi
1369 660 1491 724 quid
1535 663 1698 710 vester
1749 662 1832 710 ad-

136 738 311 785 ventus
352 736 603 796 ostendat,
642 735 879 784 obscenae
918 735 1167 796 volucre8‚
1216 735 1445 798 relinquo
1485 734 1613 784 acies
1654 735 1833 798 quibus

137 809 376 872 opitulari
399 826 498 858 non
528 825 756 872 possum:
786 809 1022 874 intellego
1055 808 1176 871 quid
1197 809 1431 859 infaustis
1463 809 1657 858 alarum
1688 811 1834 858 moti-

135 885 226 933 bus
265 884 387 933 meis
426 883 664 933 nuntietis
703 883 1040 933 incommodis.
1104 897 1189 932 nec
1225 884 1410 943 fallunt
1444 884 1586 933 iussa
1622 885 1834 945 simeo-ba

134 959 443 1019 maynanimi
487 959 648 1007 Iovis:
695 958 813 1006 haec
853 972 945 1018 pro
991 958 1269 1018 viryinitate
1313 959 1534 1019 reporto?
1595 973 1695 1006 non
1740 974 1835 1019 me,

0 1071 1 1086 ἢ
62 1045 105 1076 10
133 1032 315 1096 inquit,
345 1032 480 1081 fallit
510 1031 748 1095 quicquid
771 1031 998 1095 Iuppiter
1019 1031 1173 1091 iubet,
1203 1034 1369 1080 totum
1400 1034 1515 1081 ante
1544 1031 1835 1095 praevideo:

135 1108 227 1155 hoc
259 1109 334 1155 est
363 1108 642 1169 praemium
673 1106 806 1169 quod
835 1107 957 1154 mihi
989 1121 1079 1169 pro
1112 1109 1281 1169 erepto
1312 1106 1620 1170 virginitatis
1649 1107 1835 1155 honore

136 1181 371 1243 contulit,
409 1183 468 1230 ut
502 1183 618 1229 ante
648 1181 850 1244 lugeam
879 1181 1086 1229 fratrem
1118 1197 1266 1243 quam
1298 1180 1434 1229 illius
1465 1181 1624 1230 vitam
1652 1181 1835 1230 ultima

135 1255 243 1303 fata
274 1254 587 1305 concludant.
642 1269 733 1315 quo
763 1256 916 1302 vitam
946 1254 1077 1302 dedit
1106 1255 1387 1303 aeternam?
1426 1269 1513 1303 cur
1546 1256 1715 1303 mortis
1746 1255 1833 1304 ad·

136 1333 295 1389 empta
332 1333 402 1378 est
439 1329 685 1378 condicio?
715 1343 911 1388 possem
948 1332 1107 1377 tantos
1135 1330 1282 1387 finire
1319 1329 1506 1377 dolores
1543 1344 1676 1378 nunc
1713 1332 1835 1378 certe
1850 1342 1937 1384 880

62 1414 103 1447 15
135 1407 177 1451 et
213 1404 388 1452 misero
419 1403 570 1463 fratri
600 1417 753 1451 comes
782 1404 855 1451 ire
882 1417 970 1463 per
999 1404 1226 1451 umbras:
1262 1403 1315 1450 in
1348 1403 1651 1452 contrarium
1681 1403 1835 1452 vertit

136 1478 270 1540 quod
308 1478 432 1525 mihi
463 1494 553 1540 pro
583 1493 786 1525 munere
816 1477 1150 1539 beneficioque
1181 1492 1465 1526 concessum
1496 1479 1593 1539 est,
1634 1477 1833 1540 quando

134 1567 223 1600 nec
253 1551 400 1600 fratri
437 1552 697 1600 subvenire
727 1554 787 1600 ut
817 1552 1098 1600 inmortalis
1130 1566 1333 1613 possum
1367 1567 1456 1599 nec
1487 1553 1690 1600 interire
1722 1567 1834 1600 cum

134 1626 289 1674 fratre
329 1642 457 1689 quae
496 1642 606 1674 sum
643 1627 767 1674 nata
803 1626 1044 1674 mortalis.
1113 1624 1373 1674 finirentur
1411 1626 1598 1689 quippe
1637 1626 1832 1676 dolores

133 1701 232 1749 mei
271 1702 322 1748 et
360 1701 600 1763 quicquid
638 1700 859 1748 animum
894 1701 1086 1748 cruciat
1124 1699 1346 1748 condicio
1385 1700 1560 1749 mortis
1599 1701 1832 1761 auferret,

60 1785 103 1817 20
134 1777 263 1823 certe
292 1774 418 1822 irem
449 1774 514 1823 ad
543 1775 793 1823 infernum
822 1775 1014 1837 pariter
1043 1776 1095 1822 et
1117 1773 1307 1823 sociata
1338 1774 1484 1823 fratri
1515 1775 1652 1823 sedes
1684 1774 1835 1823 Erebi

133 1849 346 1896 libenter
377 1848 676 1912 adpeterem.
734 1849 835 1897 alia
866 1849 1172 1911 apostropha
1202 1848 1268 1896 ad
1290 1850 1454 1911 ipsum
1483 1849 1689 1898 fratrem
1721 1864 1833 1897 cum

134 1923 408 1972 necessaria
446 1924 810 1986 propositione:
846 1923 1122 1971 inmortalis
1157 1924 1267 1984 eye!
1309 1923 1613 1985 inmortalis,
1650 1922 1832 1985 inquit,

134 1996 291 2058 dicor,
340 1997 454 2044 inde
493 1997 666 2045 infelix
706 1996 835 2044 unde
881 2013 958 2044 me
998 1997 1196 2045 beatam
1242 1996 1530 2046 existimant
1572 1997 1682 2058 alii,
1732 2013 1832 2045 non

133 2072 291 2119 honor
322 2074 399 2120 est
427 2070 537 2133 iste,
569 2071 654 2120 sed
683 2087 857 2134 poena.
905 2074 991 2119 aut
1014 2072 1271 2131 quicquam
1299 2072 1420 2119 mihi
1450 2072 1587 2120 dulce
1616 2086 1832 2120 meorum

60 2155 102 2188 25
134 2148 175 2192 te
197 2146 324 2202 sine,
355 2149 525 2207 frater,
552 2146 673 2193 erit?
712 2144 858 2207 quasi
885 2145 1080 2193 demum
1108 2144 1234 2192 mihi
1264 2145 1459 2208 aliquid
1491 2146 1632 2194 dulce
1664 2161 1831 2209 super-

134 2220 362 2268 futurum
400 2220 491 2281 sit,
538 2235 647 2267 cum
687 2220 820 2267 inter
854 2218 986 2267 bona
1031 2235 1143 2267 mea
1188 2235 1288 2268 non
1326 2219 1479 2268 fuerit
1514 2219 1831 2268 incolumitas

133 2296 234 2343 tua.
297 2308 323 2342 o
363 2308 486 2353 quae
523 2294 645 2342 satis
681 2294 785 2341 ima
822 2293 1037 2341 dehiscat
1073 2296 1203 2342 terra
1240 2294 1362 2342 mihi
1397 2296 1652 2355 manisque
1690 2294 1832 2342 deam

133 2368 349 2416 demittat
390 2368 456 2416 ad
499 2368 655 2416 imos?
705 2369 856 2429 atque
899 2367 1095 2416 utinam
1144 2369 1317 2417 contra
1355 2367 1639 2417 istiusmodi
1687 2367 1830 2415 bene·

255 2513 280 2551 3
324 2510 568 2553 obscaenae
602 2508 643 2551 V
683 2508 816 2565 <alibi
859 2510 1100 2566 obscenae).
1223 2514 1249 2553 5
1285 2510 1502 2565 quoniam
1532 2508 1574 2552 V
1613 2508 1831 2565 quomodo

135 2567 206 2611 ed.
254 2567 259 2625 Ι
310 2573 353 2612 et
381 2569 489 2612 novi
518 2569 630 2624 quid
654 2567 693 2611 V
724 2569 832 2612 novi
862 2573 905 2613 et
934 2569 1046 2624 quid
1076 2569 1146 2613 ed.
1270 2573 1295 2612 9
1335 2574 1509 2624 reperto
1539 2567 1582 2611 V
1617 2581 1727 2624 ergo
1762 2582 1830 2612 re-

129 2631 263 2683 porto
293 2628 347 2669 ut
379 2626 415 2670 Ο
450 2627 614 2682 scripsi
644 2629 822 2683 reponit
844 2627 888 2670 H
912 2627 983 2671 ed.
1017 2629 1065 2672 et
1095 2627 1234 2685 Verg.
1267 2627 1378 2671 libri
1409 2627 1600 2683 interpr.
1635 2626 1829 2670 dubium

135 2685 371 2742 relinquit.
473 2691 528 2730 10
555 2687 827 2742 praevidebo
859 2685 896 2730 Ο
921 2686 992 2731 ed.
1090 2692 1143 2730 11
1171 2701 1258 2743 per
1287 2687 1650 2743 indiynationem
1680 2687 1832 2741 inquit

135 2747 242 2801 post
269 2747 529 2801 praemium
566 2745 763 2790 inseruit
802 2745 874 2789 ed.
915 2759 1008 2790 non
1038 2746 1184 2790 habet
1207 2745 1250 2789 V
1281 2759 1365 2789 nec
1398 2744 1495 2789 ΗΟ.
1619 2748 1674 2787 19
1714 2750 1756 2788 et
1789 2744 1831 2787 V

134 2810 186 2848 ut
226 2805 299 2848 ed.
429 2809 485 2847 20
524 2805 757 2859 infernam
790 2803 832 2847 V
871 2807 1012 2851 -num
1054 2820 1139 2850 nos
1182 2819 1275 2849 -na
1313 2805 1384 2848 ed.
1437 2805 1441 2862 β
1493 2805 1675 2860 pariter
1713 2809 1754 2848 et
1788 2803 1830 2846 V

129 2865 242 2919 pari
279 2863 350 2907 ed.
403 2864 406 2919 ζ
463 2864 589 2908 sedes
619 2863 660 2906 V
691 2869 796 2908 ets.
830 2864 901 2908 ed.
953 2865 958 2922 Ι
1016 2866 1136 2910 erebi
1172 2864 1211 2906 V
1250 2864 1427 2918 inferas
1465 2863 1536 2911 ed.
1659 2867 1715 2905 24
1753 2863 1830 2907 ho-

134 2935 267 2966 nores
288 2922 331 2966 V
360 2924 503 2967 honor
533 2928 598 2967 est
628 2937 741 2966 corr.
775 2923 847 2967 ed.
959 2924 1072 2968 haut
1103 2923 1144 2966 V
1172 2923 1260 2977 ed.‚
1294 2923 1374 2967 sed
1407 2923 1541 2978 quasi
1571 2922 1750 2966 demum
1780 2922 1830 2965 in

69 2995 71 2997 ¹
135 2981 326 3036 interpr.
359 2981 420 3026 ad
458 2987 542 3026 aut
579 2981 805 3026 inclinare
835 2981 881 3026 vi
918 2984 1033 3026 etur.
1156 2987 1211 3026 26
1250 2983 1312 3026 sit
1349 2995 1437 3026 om.
1474 2981 1546 3026 ed.
1599 2982 1603 3039 Ι
1662 2981 1829 3026 incolo-

136 3041 272 3084 mitas
294 3039 336 3084 V
366 3041 659 3086 commoditas
689 3041 761 3085 ed.
885 3045 940 3085 28
971 3042 1175 3087 dimittat
1196 3041 1239 3084 V
1264 3041 1334 3085 ed.
