2050 3226
761 192 1065 238 AENEmos
1096 192 1140 236 x
1690 198 1797 253 387

103 334 256 384 oculis
300 334 516 395 spatium
562 347 783 383 emensus
822 337 1059 394 quantum
1103 334 1225 382 satis
1276 333 1469 382 hastae:
1529 336 1678 397 atque
1722 337 1799 384 ita

103 409 368 458 aestimato
392 407 548 457 oculis
579 407 743 470 spatio
769 424 866 471 quo
897 409 951 456 in
982 423 1159 471 corpus
1183 407 1341 456 hostis
1370 408 1628 471 pervenire
1652 410 1799 459 hasta

102 484 337 546 potuerat
374 483 565 539 dextra,
612 482 801 545 inquit,
849 482 970 530 mihi
1008 482 1127 531 deus
1173 485 1218 530 et
1253 482 1399 530 telum
1445 483 1572 542 quod
1615 484 1799 532 missile

103 558 225 606 libro
263 571 396 606 nime
433 556 612 605 adsint.
674 557 795 619 quia
840 555 1068 605 omnibus
1107 556 1229 605 locis
1276 557 1588 620 contemptor
1626 557 1800 607 divum

52 642 73 676 ⁶
102 631 263 680 dictus
302 632 399 692 est,
437 633 724 693 perseverat
759 630 814 678 in
851 646 908 679 eo
948 647 1010 678 ne
1041 630 1187 679 deum
1226 630 1447 694 aliquem
1479 633 1623 695 roget
1660 632 1799 680 adse—

99 721 213 754 rens
252 704 348 754 sibi
377 705 574 753 nullum
604 720 710 754 esse
732 705 1066 754 necessarium
1103 705 1193 753 ubi
1223 707 1354 754 esset
1383 705 1587 754 dextera
1624 720 1718 754 sua
1748 708 1800 755 et

99 780 247 829 hasta
271 795 422 843 quam
453 779 671 844 gerebat,
697 780 818 843 quia
839 779 944 827 iam
966 779 1151 828 multos
1175 778 1435 828 occiderat.
1490 781 1799 828 contrarium

100 856 176 903 est
211 853 329 903 huic
368 853 526 911 omnis
566 853 683 902 deos
722 853 986 902 inbellibus
1016 853 1250 916 prodesse
1286 869 1387 903 non
1417 868 1584 917 posse,
1623 855 1668 903 si
1705 869 1799 904 sua

97 929 286 977 virtute
323 944 424 977 non
454 927 626 976 fidant.
679 927 775 978 iste
805 929 900 976 hoc
931 927 1131 977 videtur
1161 927 1369 976 dixisse:
1407 928 1529 977 deus
1559 927 1685 977 mihi
1722 931 1799 978 est

91 1003 273 1052 'dextra
307 1019 442 1064 mea,
481 1018 569 1051 cur
607 1001 671 1051 ad
708 1001 921 1051 ulterius
961 1001 1323 1050 adminiculum
1361 1001 1631 1065 quaeram?
1674 1001 1797 1052 deus

97 1075 222 1124 mihi
251 1079 328 1126 est
356 1077 514 1125 telum
543 1093 733 1138 meum,
773 1092 870 1140 quo
901 1091 1103 1140 possum
1134 1075 1324 1125 inimici
1357 1077 1655 1141 sanguinem
1683 1077 1798 1125 fun-

98 1150 235 1213 dere,
260 1167 348 1200 cur
371 1150 592 1213 aliquem
613 1149 819 1215 rogem?
865 1151 968 1199 sint
991 1151 1080 1199 alii
1104 1150 1351 1213 supplices
1377 1150 1465 1214 qui
1487 1166 1587 1199 non
1610 1150 1799 1201 habent

97 1225 358 1288 proprium
389 1241 488 1288 quo
519 1224 622 1273 tuti
651 1240 756 1274 esse
787 1225 841 1272 in
871 1223 1105 1288 periculis
1134 1224 1331 1287 possint
1361 1226 1412 1272 et
1433 1225 1630 1274 hostem
1652 1241 1796 1289 supe-

95 1315 208 1348 rare
241 1300 491 1349 certando.
543 1313 688 1348 voveo
712 1299 982 1361 praedonis
1013 1313 1208 1360 corpore
1244 1299 1403 1359 raptis
1431 1299 1659 1348 indutwm
1689 1314 1797 1360 spo·
1815 1311 1900 1353 '¹175

23 1404 25 1406 -
98 1374 180 1422 liis
216 1374 381 1434 ipsum
418 1377 482 1430 te,
522 1373 713 1430 Lause,
754 1376 1006 1433 tropaeum
1035 1370 1256 1422 Aeneae:
1295 1373 1459 1422 solent
1495 1373 1594 1423 viri
1626 1374 1797 1437 forteS,

97 1463 211 1496 cum
249 1448 468 1510 aliquem
504 1448 672 1496 virum
708 1447 1084 1496 memorabilem
1121 1447 1362 1509 fundunt,
1408 1446 1504 1496 diis
1543 1448 1795 1511 aliquibus

97 1524 149 1571 et
192 1522 345 1571 Marti
390 1522 470 1571 vel
522 1521 736 1570 maxime
788 1524 998 1585 tropaea
1050 1521 1266 1570 muneris
1315 1523 1365 1570 et
1410 1521 1597 1586 gloriae
1644 1538 1797 1572 causa

95 1596 318 1645 conferre
350 1599 414 1658 et,
446 1612 559 1645 cum
587 1597 642 1644 id
671 1597 880 1658 faciunt,
912 1595 1129 1660 deligere
1162 1595 1354 1644 arboris
1385 1597 1619 1645 truncum
1650 1596 1795 1660 eique

95 1670 246 1720 occisi
284 1686 425 1719 arma
455 1670 776 1734 suspendere,
813 1671 868 1718 in
897 1672 1099 1719 tantum
1136 1673 1196 1719 ut
1227 1670 1409 1719 armati
1438 1670 1654 1720 hominis
1686 1686 1795 1734 spe-

89 1745 219 1794 'ciem
242 1744 561 1794 mentiantur.
602 1745 897 1807 Mezentius,
921 1746 1010 1808 qui
1034 1745 1149 1793 deos
1177 1760 1293 1794 suos
1320 1744 1447 1793 dixit
1469 1760 1574 1794 esse
1596 1746 1795 1794 hastam

94 1822 146 1868 et
183 1818 408 1868 dextram
447 1834 592 1869 suam
630 1821 783 1882 atque
822 1820 982 1869 omnis
1014 1834 1207 1882 semper
1245 1821 1294 1867 et
1324 1818 1510 1883 ubique
1541 1821 1793 1883 contemp-

95 1893 183 1955 sit,
235 1895 316 1942 cui
363 1909 414 1943 se
453 1894 771 1942 conlaturum
809 1893 1020 1957 spondet
1059 1909 1188 1957 quae
1235 1909 1286 1942 se
1325 1893 1559 1956 sperabat
1594 1894 1794 1943 Aeneae

94 1969 330 2030 superato
361 1983 506 2031 posse
539 1967 829 2017 detrahere?
875 1971 1153 2031 tropaeum,
1186 1968 1274 2030 ait,
1304 1970 1353 2016 te
1383 1968 1582 2029 faciam,
1613 1967 1794 2031 Lause,

92 2041 300 2090 induam
337 2043 387 2090 te
427 2042 597 2104 spoliis
638 2058 764 2105 quae
788 2042 985 2090 Aeneae
1015 2057 1228 2105 rapuero
1269 2043 1321 2090 et
1350 2042 1416 2090 ad
1438 2042 1599 2091 vicem
1628 2042 1791 2092 inanis

46 2130 66 2164 5
88 2113 312 2164 'numinis
343 2115 439 2164 tibi
478 2116 772 2165 consecrabo
811 2116 987 2165 melius
1020 2115 1261 2179 quicquid
1292 2116 1484 2165 dederit
1513 2117 1671 2166 hostis
1712 2133 1790 2166 oc·

89 2191 240 2239 cisus.
272 2190 397 2238 discit
416 2190 785 2251 stridentemque
808 2191 997 2239 eminus
1019 2191 1212 2239 hastam
1233 2190 1365 2239 iecit:
1393 2190 1483 2238 ubi
1505 2191 1627 2240 haec
1651 2191 1792 2252 dixit,

92 2264 387 2313 stridentem
415 2265 615 2312 hastam
645 2265 836 2313 eminus
866 2265 998 2313 iecit.
1054 2264 1186 2327 quod
1217 2264 1290 2312 ait
1320 2263 1534 2326 eminus,
1574 2265 1792 2314 ostendit

91 2341 418 2401 metuentem3
457 2338 625 2387 nullus
665 2339 798 2386 enim
834 2355 894 2386 ex
923 2338 1196 2402 longinquo
1226 2338 1350 2387 iacit
1378 2339 1535 2387 telum
1572 2341 1672 2388 nisi
1705 2340 1791 2402 qui

16 2470 17 2473 Ἴ
92 2412 228 2461 hosti
273 2412 508 2476 congredi
554 2412 829 2461 comminus
866 2413 1024 2461 timet.
1094 2416 1146 2461 at
1181 2413 1271 2461 illa
1315 2414 1488 2462 volans
1536 2414 1682 2474 clipeo
1723 2416 1791 2461 est

88 2491 296 2536 ‘excussa
323 2487 587 2547 proculque
617 2487 858 2548 eqreqium
880 2485 1115 2535 Antorem
1146 2487 1275 2535 latus
1305 2488 1431 2535 inter
1461 2490 1504 2535 et
1540 2488 1628 2535 ilia
1658 2488 1790 2546 fixit.-

93 2561 247 2610 missa
279 2561 427 2610 hasta
466 2561 583 2609 dum
620 2561 780 2622 volat,
820 2561 1016 2609 obiectu
1055 2561 1203 2623 clipei
1241 2561 1544 2610 occurrentis
1584 2576 1788 2610 excussa

94 2636 171 2683 est
201 2637 252 2684 et
282 2651 409 2698 quae
441 2634 642 2684 Aenean
673 2634 910 2698 perimere
949 2651 1048 2684 non
1078 2635 1245 2698 potuit
1274 2636 1327 2683 in
1358 2635 1563 2684 Antoris
1596 2650 1788 2697 corpus,

214 2781 240 2820 5
278 2790 334 2821 ne
372 2776 506 2821 deum
542 2777 738 2832 aliquem
767 2781 891 2833 roqet
911 2775 954 2819 V
983 2777 1158 2820 temere
1195 2778 1310 2820 mut.
1344 2776 1415 2819 ed.
1540 2779 1563 2818 7
1604 2777 1715 2831 quia
1745 2775 1787 2817 V

93 2849 186 2891 qua
217 2835 289 2878 ed.
384 2839 438 2878 10
470 2835 725 2880 adulterius
747 2834 789 2878 V
820 2835 1010 2880 alterius
1039 2836 1111 2879 ed.
1205 2840 1260 2878 12
1291 2840 1399 2879 sunt
1429 2833 1500 2878 ed.
1600 2838 1652 2878 13
1677 2847 1786 2890 pos-

34 2937 38 2940 .
92 2899 192 2939 sent
214 2893 256 2938 V
281 2907 396 2938 corr.
421 2894 492 2939 ed.
580 2899 634 2939 15
665 2894 891 2949 trofaeum
914 2893 957 2937 V
987 2894 1128 2951 (infra
1150 2896 1337 2950 tropea).
1424 2898 1476 2936 17
1506 2895 1707 2938 numeris
1729 2893 1783 2937 V.

96 2957 151 2995 19
183 2958 235 2998 ut
262 2959 444 2998 tantum
475 2953 550 2997 ed.
641 2958 696 2997 22
727 2953 912 3009 spondit
933 2952 987 2996 V.
1079 2958 1135 2997 29
1167 2967 1268 2998 cum
1298 2954 1420 2997 hoste
1450 2952 1521 2996 ed.
1612 2956 1667 2996 30
1700 2967 1785 2998 an-

95 3017 233 3057 torem
263 3011 386 3056 infra
417 3017 607 3058 antoren
633 3012 687 3067 V,
720 3012 801 3056 sed
834 3012 984 3058 Antor
1010 3013 1229 3057 Antorem
1259 3011 1423 3067 poscit.
1473 3018 1477 3069 Ι
1529 3017 1571 3056 et
1607 3024 1695 3055 om
1728 3012 1782 3055 V.

1433 3099 1518 3143 25*
