<?xml version="1.0" encoding="UTF-8"?>
<!DOCTYPE html PUBLIC "-//W3C//DTD XHTML 1.0 Transitional//EN"
    "http://www.w3.org/TR/xhtml1/DTD/xhtml1-transitional.dtd">
<html xmlns="http://www.w3.org/1999/xhtml" xml:lang="en" lang="en">
 <head>
  <title>
</title>
<meta http-equiv="Content-Type" content="text/html;charset=utf-8" />
  <meta name='ocr-system' content='tesseract 3.04.00' />
  <meta name='ocr-capabilities' content='ocr_page ocr_carea ocr_par ocr_line ocrx_word'/>
</head>
<body>
  <div class='ocr_page' id='page_1' title='image "./interpretationes02donauoft_0237.png"; bbox 0 0 2050 3226; ppageno 0'>
   <div class='ocr_carea' id='block_1_1' title="bbox 0 0 72 1729">
    <p class='ocr_par' dir='ltr' id='par_1_1' title="bbox 0 0 72 1729">
     <span class='ocr_line' id='line_1_1' title="bbox 0 0 72 1729; baseline 0 0"><span class='ocrx_word' id='word_1_1' title='bbox 0 0 72 1729; x_wconf 95' lang='lat' dir='ltr'> </span> 
     </span>
    </p>
   </div>
   <div class='ocr_carea' id='block_1_2' title="bbox 0 3141 11 3226">
    <p class='ocr_par' dir='ltr' id='par_1_2' title="bbox 0 3141 11 3226">
     <span class='ocr_line' id='line_1_2' title="bbox 0 3141 11 3226; textangle 90"><span class='ocrx_word' id='word_1_2' title='bbox 0 3141 11 3226; x_wconf 57' lang='grc' dir='ltr'><strong>,ν’-ν</strong></span> 
     </span>
    </p>
   </div>
   <div class='ocr_carea' id='block_1_3' title="bbox 811 138 1859 196">
    <p class='ocr_par' dir='ltr' id='par_1_3' title="bbox 811 138 1859 196">
     <span class='ocr_line' id='line_1_3' title="bbox 811 138 1859 196; baseline 0 -13"><span class='ocrx_word' id='word_1_3' title='bbox 811 138 1117 184; x_wconf 77' lang='lat' dir='ltr'>AENEmos</span> <span class='ocrx_word' id='word_1_4' title='bbox 1147 138 1211 183; x_wconf 83' lang='lat' dir='ltr'>1x</span> <span class='ocrx_word' id='word_1_5' title='bbox 1751 142 1859 196; x_wconf 86' lang='lat'>233</span> 
     </span>
    </p>
   </div>
   <div class='ocr_carea' id='block_1_4' title="bbox 93 278 1966 2640">
    <p class='ocr_par' dir='ltr' id='par_1_4' title="bbox 93 278 1966 2640">
     <span class='ocr_line' id='line_1_4' title="bbox 169 278 1860 344; baseline 0.001 -16"><span class='ocrx_word' id='word_1_6' title='bbox 169 278 403 343; x_wconf 86' lang='lat' dir='ltr'>quoniam</span> <span class='ocrx_word' id='word_1_7' title='bbox 449 278 645 327; x_wconf 91' lang='lat' dir='ltr'>sublato</span> <span class='ocrx_word' id='word_1_8' title='bbox 693 279 856 342; x_wconf 87' lang='lat' dir='ltr'>capite</span> <span class='ocrx_word' id='word_1_9' title='bbox 901 293 1074 342; x_wconf 87' lang='lat' dir='ltr'>parere</span> <span class='ocrx_word' id='word_1_10' title='bbox 1120 293 1220 326; x_wconf 92' lang='lat' dir='ltr'>non</span> <span class='ocrx_word' id='word_1_11' title='bbox 1258 280 1514 341; x_wconf 76' lang='lat' dir='ltr'>poterant,</span> <span class='ocrx_word' id='word_1_12' title='bbox 1560 279 1860 344; x_wconf 79' lang='lat' dir='ltr'>singultibus</span> 
     </span>
     <span class='ocr_line' id='line_1_5' title="bbox 169 352 1861 418; baseline 0 -15"><span class='ocrx_word' id='word_1_13' title='bbox 169 353 426 418; x_wconf 83' lang='lat' dir='ltr'>sanguinis</span> <span class='ocrx_word' id='word_1_14' title='bbox 449 352 870 402; x_wconf 74' lang='lat' dir='ltr'>monstrabantur.</span> <span class='ocrx_word' id='word_1_15' title='bbox 934 355 1040 409; x_wconf 76' lang='lat' dir='ltr'>atro</span> <span class='ocrx_word' id='word_1_16' title='bbox 1064 353 1303 413; x_wconf 78' lang='lat' dir='ltr'>tepefacta</span> <span class='ocrx_word' id='word_1_17' title='bbox 1333 367 1501 401; x_wconf 81' lang='lat' dir='ltr'>cruore</span> <span class='ocrx_word' id='word_1_18' title='bbox 1525 355 1656 402; x_wconf 87' lang='lat' dir='ltr'>terra</span> <span class='ocrx_word' id='word_1_19' title='bbox 1679 356 1861 414; x_wconf 79' lang='lat' dir='ltr'>torique</span> 
     </span>
     <span class='ocr_line' id='line_1_6' title="bbox 167 426 1860 489; baseline 0.001 -13"><span class='ocrx_word' id='word_1_20' title='bbox 167 428 386 477; x_wconf 78' lang='lat' dir='ltr'>madent:</span> <span class='ocrx_word' id='word_1_21' title='bbox 422 429 595 476; x_wconf 90' lang='lat' dir='ltr'>tantus</span> <span class='ocrx_word' id='word_1_22' title='bbox 626 443 685 475; x_wconf 85' lang='lat' dir='ltr'>ex</span> <span class='ocrx_word' id='word_1_23' title='bbox 713 426 886 475; x_wconf 89' lang='lat' dir='ltr'>multis</span> <span class='ocrx_word' id='word_1_24' title='bbox 918 426 1242 475; x_wconf 82' lang='lat' dir='ltr'>cadaveribus</span> <span class='ocrx_word' id='word_1_25' title='bbox 1282 427 1448 475; x_wconf 84' lang='lat' dir='ltr'>fuerat</span> <span class='ocrx_word' id='word_1_26' title='bbox 1478 442 1625 476; x_wconf 87' lang='lat' dir='ltr'>cruor</span> <span class='ocrx_word' id='word_1_27' title='bbox 1663 428 1860 489; x_wconf 83' lang='lat' dir='ltr'>effusuS,</span> 
     </span>
     <span class='ocr_line' id='line_1_7' title="bbox 166 500 1860 564; baseline -0.001 -14"><span class='ocrx_word' id='word_1_28' title='bbox 166 505 225 551; x_wconf 91' lang='lat' dir='ltr'>ut</span> <span class='ocrx_word' id='word_1_29' title='bbox 261 501 511 564; x_wconf 88' lang='lat' dir='ltr'>tepefacta</span> <span class='ocrx_word' id='word_1_30' title='bbox 549 504 601 549; x_wconf 89' lang='lat' dir='ltr'>et</span> <span class='ocrx_word' id='word_1_31' title='bbox 637 500 839 549; x_wconf 89' lang='lat' dir='ltr'>madida</span> <span class='ocrx_word' id='word_1_32' title='bbox 871 501 1044 550; x_wconf 89' lang='lat' dir='ltr'>effecta</span> <span class='ocrx_word' id='word_1_33' title='bbox 1075 500 1264 549; x_wconf 84' lang='lat' dir='ltr'>fuerint</span> <span class='ocrx_word' id='word_1_34' title='bbox 1300 503 1435 549; x_wconf 88' lang='lat' dir='ltr'>terra</span> <span class='ocrx_word' id='word_1_35' title='bbox 1473 500 1623 549; x_wconf 91' lang='lat' dir='ltr'>simul</span> <span class='ocrx_word' id='word_1_36' title='bbox 1662 517 1720 549; x_wconf 90' lang='lat' dir='ltr'>ac</span> <span class='ocrx_word' id='word_1_37' title='bbox 1749 502 1860 549; x_wconf 90' lang='lat' dir='ltr'>tori.</span> 
     </span>
     <span class='ocr_line' id='line_1_8' title="bbox 118 574 1861 639; baseline 0 -16"><span class='ocrx_word' id='word_1_38' title='bbox 118 591 137 623; x_wconf 79' lang='lat'><strong>5</strong></span> <span class='ocrx_word' id='word_1_39' title='bbox 167 575 404 625; x_wconf 89' lang='lat' dir='ltr'>feminino</span> <span class='ocrx_word' id='word_1_40' title='bbox 442 577 493 624; x_wconf 88' lang='lat' dir='ltr'>et</span> <span class='ocrx_word' id='word_1_41' title='bbox 529 575 805 624; x_wconf 89' lang='lat' dir='ltr'>masculino</span> <span class='ocrx_word' id='word_1_42' title='bbox 843 574 1061 624; x_wconf 88' lang='lat' dir='ltr'>neutrali</span> <span class='ocrx_word' id='word_1_43' title='bbox 1090 591 1267 639; x_wconf 90' lang='lat' dir='ltr'>genere</span> <span class='ocrx_word' id='word_1_44' title='bbox 1305 575 1539 636; x_wconf 87' lang='lat' dir='ltr'>occurrit,</span> <span class='ocrx_word' id='word_1_45' title='bbox 1579 574 1713 638; x_wconf 92' lang='lat' dir='ltr'>quod</span> <span class='ocrx_word' id='word_1_46' title='bbox 1751 576 1861 623; x_wconf 91' lang='lat' dir='ltr'>imi-</span> 
     </span>
     <span class='ocr_line' id='line_1_9' title="bbox 166 648 1862 711; baseline 0 -13"><span class='ocrx_word' id='word_1_47' title='bbox 166 650 377 699; x_wconf 85' lang='lat' dir='ltr'>tandum</span> <span class='ocrx_word' id='word_1_48' title='bbox 415 652 513 711; x_wconf 88' lang='lat' dir='ltr'>est,</span> <span class='ocrx_word' id='word_1_49' title='bbox 560 665 671 698; x_wconf 90' lang='lat' dir='ltr'>cum</span> <span class='ocrx_word' id='word_1_50' title='bbox 711 648 775 698; x_wconf 86' lang='lat' dir='ltr'>ad</span> <span class='ocrx_word' id='word_1_51' title='bbox 813 648 1099 698; x_wconf 90' lang='lat' dir='ltr'>huiusmodi</span> <span class='ocrx_word' id='word_1_52' title='bbox 1142 649 1418 698; x_wconf 86' lang='lat' dir='ltr'>locutiones</span> <span class='ocrx_word' id='word_1_53' title='bbox 1455 648 1607 697; x_wconf 82' lang='lat' dir='ltr'>fuerit</span> <span class='ocrx_word' id='word_1_54' title='bbox 1644 651 1862 698; x_wconf 87' lang='lat' dir='ltr'>ventum.</span> 
     </span>
     <span class='ocr_line' id='line_1_10' title="bbox 166 723 1861 788; baseline -0.001 -15"><span class='ocrx_word' id='word_1_55' title='bbox 166 727 380 786; x_wconf 90' lang='lat' dir='ltr'>utraque</span> <span class='ocrx_word' id='word_1_56' title='bbox 424 724 583 788; x_wconf 88' lang='lat' dir='ltr'>igitur</span> <span class='ocrx_word' id='word_1_57' title='bbox 626 723 924 772; x_wconf 85' lang='lat' dir='ltr'>maduerant</span> <span class='ocrx_word' id='word_1_58' title='bbox 968 724 1232 788; x_wconf 88' lang='lat' dir='ltr'>sanguine,</span> <span class='ocrx_word' id='word_1_59' title='bbox 1281 725 1494 787; x_wconf 88' lang='lat' dir='ltr'>utraque</span> <span class='ocrx_word' id='word_1_60' title='bbox 1544 723 1648 772; x_wconf 90' lang='lat' dir='ltr'>eius</span> <span class='ocrx_word' id='word_1_61' title='bbox 1700 724 1861 772; x_wconf 89' lang='lat' dir='ltr'>calore</span> 
     </span>
     <span class='ocr_line' id='line_1_11' title="bbox 150 797 1861 860; baseline -0.001 -13"><span class='ocrx_word' id='word_1_62' title='bbox 150 800 451 860; x_wconf 80' lang='lat' dir='ltr'>tepuerant,</span> <span class='ocrx_word' id='word_1_63' title='bbox 492 797 556 845; x_wconf 89' lang='lat' dir='ltr'>ad</span> <span class='ocrx_word' id='word_1_64' title='bbox 595 797 816 845; x_wconf 91' lang='lat' dir='ltr'>omnium</span> <span class='ocrx_word' id='word_1_65' title='bbox 846 813 1016 846; x_wconf 82' lang='lat' dir='ltr'>necem</span> <span class='ocrx_word' id='word_1_66' title='bbox 1047 797 1306 860; x_wconf 76' lang='lat' dir='ltr'>respondit</span> <span class='ocrx_word' id='word_1_67' title='bbox 1335 797 1542 847; x_wconf 88' lang='lat' dir='ltr'>dicendo</span> <span class='ocrx_word' id='word_1_68' title='bbox 1581 799 1691 846; x_wconf 88' lang='lat' dir='ltr'>atro</span> <span class='ocrx_word' id='word_1_69' title='bbox 1727 800 1861 860; x_wconf 90' lang='lat' dir='ltr'>tepe-</span> 
     </span>
     <span class='ocr_line' id='line_1_12' title="bbox 166 871 1864 934; baseline 0 -14"><span class='ocrx_word' id='word_1_70' title='bbox 166 872 303 920; x_wconf 84' lang='lat' dir='ltr'>facta</span> <span class='ocrx_word' id='word_1_71' title='bbox 341 887 514 920; x_wconf 89' lang='lat' dir='ltr'>cruore</span> <span class='ocrx_word' id='word_1_72' title='bbox 552 874 686 920; x_wconf 88' lang='lat' dir='ltr'>terra</span> <span class='ocrx_word' id='word_1_73' title='bbox 723 872 922 934; x_wconf 89' lang='lat' dir='ltr'>torique</span> <span class='ocrx_word' id='word_1_74' title='bbox 960 871 1187 932; x_wconf 85' lang='lat' dir='ltr'>madent3</span> <span class='ocrx_word' id='word_1_75' title='bbox 1231 871 1285 920; x_wconf 91' lang='lat' dir='ltr'>in</span> <span class='ocrx_word' id='word_1_76' title='bbox 1323 874 1458 920; x_wconf 88' lang='lat' dir='ltr'>terra</span> <span class='ocrx_word' id='word_1_77' title='bbox 1495 872 1628 920; x_wconf 91' lang='lat' dir='ltr'>enim</span> <span class='ocrx_word' id='word_1_78' title='bbox 1665 872 1864 921; x_wconf 85' lang='lat' dir='ltr'>fuerant</span> 
     </span>
     <span class='ocr_line' id='line_1_13' title="bbox 94 944 1863 1009; baseline 0.001 -17"><span class='ocrx_word' id='word_1_79' title='bbox 94 960 137 992; x_wconf 87' lang='lat'>10</span> <span class='ocrx_word' id='word_1_80' title='bbox 167 947 298 995; x_wconf 82' lang='lat' dir='ltr'>servi</span> <span class='ocrx_word' id='word_1_81' title='bbox 344 948 395 999; x_wconf 85' lang='lat' dir='ltr'>et</span> <span class='ocrx_word' id='word_1_82' title='bbox 440 945 638 1009; x_wconf 87' lang='lat' dir='ltr'>auriga,</span> <span class='ocrx_word' id='word_1_83' title='bbox 685 944 793 1008; x_wconf 90' lang='lat' dir='ltr'>ipse</span> <span class='ocrx_word' id='word_1_84' title='bbox 844 948 1013 995; x_wconf 88' lang='lat' dir='ltr'>autem</span> <span class='ocrx_word' id='word_1_85' title='bbox 1059 946 1287 995; x_wconf 90' lang='lat' dir='ltr'>dominus</span> <span class='ocrx_word' id='word_1_86' title='bbox 1332 947 1387 994; x_wconf 93' lang='lat' dir='ltr'>in</span> <span class='ocrx_word' id='word_1_87' title='bbox 1431 949 1557 995; x_wconf 89' lang='lat' dir='ltr'>toro.</span> <span class='ocrx_word' id='word_1_88' title='bbox 1633 960 1721 994; x_wconf 79' lang='lat' dir='ltr'>uec</span> <span class='ocrx_word' id='word_1_89' title='bbox 1764 961 1863 994; x_wconf 76' lang='lat' dir='ltr'>non</span> 
     </span>
     <span class='ocr_line' id='line_1_14' title="bbox 168 1019 1965 1081; baseline -0.001 -13"><span class='ocrx_word' id='word_1_90' title='bbox 168 1021 528 1081; x_wconf 73' lang='lat' dir='ltr'>Tamyrmnque</span> <span class='ocrx_word' id='word_1_91' title='bbox 565 1020 874 1081; x_wconf 77' lang='lat' dir='ltr'><strong><em>Lamumque</em></strong></span> <span class='ocrx_word' id='word_1_92' title='bbox 913 1023 956 1068; x_wconf 88' lang='lat' dir='ltr'>et</span> <span class='ocrx_word' id='word_1_93' title='bbox 990 1021 1214 1069; x_wconf 73' lang='lat' dir='ltr'>iuvenem</span> <span class='ocrx_word' id='word_1_94' title='bbox 1249 1019 1545 1069; x_wconf 78' lang='lat' dir='ltr'>Serranum:</span> <span class='ocrx_word' id='word_1_95' title='bbox 1590 1035 1703 1068; x_wconf 90' lang='lat' dir='ltr'>cum</span> <span class='ocrx_word' id='word_1_96' title='bbox 1742 1019 1864 1069; x_wconf 92' lang='lat' dir='ltr'>dicit</span> <span class='ocrx_word' id='word_1_97' title='bbox 1879 1028 1965 1068; x_wconf 86' lang='lat'>335</span> 
     </span>
     <span class='ocr_line' id='line_1_15' title="bbox 165 1094 1864 1158; baseline -0.001 -15"><span class='ocrx_word' id='word_1_98' title='bbox 165 1111 255 1143; x_wconf 90' lang='lat' dir='ltr'>nec</span> <span class='ocrx_word' id='word_1_99' title='bbox 292 1111 415 1153; x_wconf 90' lang='lat' dir='ltr'>non,</span> <span class='ocrx_word' id='word_1_100' title='bbox 461 1095 614 1143; x_wconf 88' lang='lat' dir='ltr'>etiam</span> <span class='ocrx_word' id='word_1_101' title='bbox 659 1095 748 1142; x_wconf 89' lang='lat' dir='ltr'>hos</span> <span class='ocrx_word' id='word_1_102' title='bbox 787 1094 940 1143; x_wconf 85' lang='lat' dir='ltr'>Nisus</span> <span class='ocrx_word' id='word_1_103' title='bbox 977 1095 1290 1158; x_wconf 85' lang='lat' dir='ltr'>intellegitur</span> <span class='ocrx_word' id='word_1_104' title='bbox 1327 1094 1576 1144; x_wconf 90' lang='lat' dir='ltr'>occidisse.</span> <span class='ocrx_word' id='word_1_105' title='bbox 1652 1095 1742 1143; x_wconf 78' lang='lat' dir='ltr'>illa</span> <span class='ocrx_word' id='word_1_106' title='bbox 1779 1095 1864 1154; x_wconf 81' lang='lat' dir='ltr'>qui</span> 
     </span>
     <span class='ocr_line' id='line_1_16' title="bbox 158 1167 1862 1232; baseline 0.001 -16"><span class='ocrx_word' id='word_1_107' title='bbox 158 1169 383 1230; x_wconf 78' lang='lat' dir='ltr'>plurima</span> <span class='ocrx_word' id='word_1_108' title='bbox 404 1172 538 1217; x_wconf 80' lang='lat' dir='ltr'>nocte</span> <span class='ocrx_word' id='word_1_109' title='bbox 569 1169 765 1225; x_wconf 86' lang='lat' dir='ltr'>luserat,</span> <span class='ocrx_word' id='word_1_110' title='bbox 796 1169 890 1217; x_wconf 90' lang='lat' dir='ltr'>hoc</span> <span class='ocrx_word' id='word_1_111' title='bbox 922 1170 998 1217; x_wconf 90' lang='lat' dir='ltr'>est</span> <span class='ocrx_word' id='word_1_112' title='bbox 1026 1169 1243 1232; x_wconf 85' lang='lat' dir='ltr'>plurima</span> <span class='ocrx_word' id='word_1_113' title='bbox 1272 1171 1416 1232; x_wconf 89' lang='lat' dir='ltr'>parte</span> <span class='ocrx_word' id='word_1_114' title='bbox 1447 1167 1607 1217; x_wconf 89' lang='lat' dir='ltr'>noctis</span> <span class='ocrx_word' id='word_1_115' title='bbox 1637 1169 1862 1231; x_wconf 89' lang='lat' dir='ltr'>perinde·</span> 
     </span>
     <span class='ocr_line' id='line_1_17' title="bbox 167 1242 1863 1306; baseline 0 -15"><span class='ocrx_word' id='word_1_116' title='bbox 167 1259 262 1306; x_wconf 91' lang='lat' dir='ltr'>que</span> <span class='ocrx_word' id='word_1_117' title='bbox 300 1243 509 1304; x_wconf 90' lang='lat' dir='ltr'>maiore,</span> <span class='ocrx_word' id='word_1_118' title='bbox 556 1242 694 1291; x_wconf 90' lang='lat' dir='ltr'>cuius</span> <span class='ocrx_word' id='word_1_119' title='bbox 740 1243 974 1306; x_wconf 86' lang='lat' dir='ltr'>fatigatio</span> <span class='ocrx_word' id='word_1_120' title='bbox 1022 1243 1252 1292; x_wconf 73' lang='lat' dir='ltr'>ebrietati</span> <span class='ocrx_word' id='word_1_121' title='bbox 1303 1244 1568 1291; x_wconf 89' lang='lat' dir='ltr'>coniuncta</span> <span class='ocrx_word' id='word_1_122' title='bbox 1612 1243 1863 1291; x_wconf 90' lang='lat' dir='ltr'>hominem</span> 
     </span>
     <span class='ocr_line' id='line_1_18' title="bbox 94 1316 1863 1379; baseline 0.001 -17"><span class='ocrx_word' id='word_1_123' title='bbox 94 1329 136 1362; x_wconf 84' lang='lat'>15</span> <span class='ocrx_word' id='word_1_124' title='bbox 166 1333 267 1366; x_wconf 91' lang='lat' dir='ltr'>non</span> <span class='ocrx_word' id='word_1_125' title='bbox 328 1333 524 1378; x_wconf 90' lang='lat' dir='ltr'>somno,</span> <span class='ocrx_word' id='word_1_126' title='bbox 588 1317 675 1365; x_wconf 89' lang='lat' dir='ltr'>sed</span> <span class='ocrx_word' id='word_1_127' title='bbox 735 1317 1018 1379; x_wconf 84' lang='lat' dir='ltr'>sepulturae</span> <span class='ocrx_word' id='word_1_128' title='bbox 1077 1316 1368 1366; x_wconf 87' lang='lat' dir='ltr'>tradiderat.</span> <span class='ocrx_word' id='word_1_129' title='bbox 1404 1363 1408 1366; x_wconf 82' lang='grc'><em>,</em></span> <span class='ocrx_word' id='word_1_130' title='bbox 1466 1317 1677 1378; x_wconf 76' lang='lat' dir='ltr'>insiqnis</span> <span class='ocrx_word' id='word_1_131' title='bbox 1735 1318 1863 1377; x_wconf 79' lang='lat' dir='ltr'>faeie</span> 
     </span>
     <span class='ocr_line' id='line_1_19' title="bbox 165 1391 1862 1451; baseline 0 -12"><span class='ocrx_word' id='word_1_132' title='bbox 165 1393 406 1451; x_wconf 86' lang='lat' dir='ltr'>multoque</span> <span class='ocrx_word' id='word_1_133' title='bbox 443 1392 632 1439; x_wconf 77' lang='lat' dir='ltr'>iacebat</span> <span class='ocrx_word' id='word_1_134' title='bbox 667 1392 885 1439; x_wconf 84' lang='lat' dir='ltr'>membra</span> <span class='ocrx_word' id='word_1_135' title='bbox 923 1391 1009 1439; x_wconf 84' lang='lat' dir='ltr'>deo</span> <span class='ocrx_word' id='word_1_136' title='bbox 1047 1392 1226 1440; x_wconf 60' lang='lat' dir='ltr'>victus?</span> <span class='ocrx_word' id='word_1_137' title='bbox 1279 1391 1470 1440; x_wconf 87' lang='lat' dir='ltr'>ebrium</span> <span class='ocrx_word' id='word_1_138' title='bbox 1516 1391 1862 1440; x_wconf 91' lang='lat' dir='ltr'>tantummodo</span> 
     </span>
     <span class='ocr_line' id='line_1_20' title="bbox 166 1464 1865 1529; baseline -0.001 -14"><span class='ocrx_word' id='word_1_139' title='bbox 166 1467 278 1515; x_wconf 85' lang='lat' dir='ltr'>vult</span> <span class='ocrx_word' id='word_1_140' title='bbox 321 1466 477 1514; x_wconf 86' lang='lat' dir='ltr'>istum</span> <span class='ocrx_word' id='word_1_141' title='bbox 522 1464 780 1514; x_wconf 89' lang='lat' dir='ltr'>ostendere</span> <span class='ocrx_word' id='word_1_142' title='bbox 820 1481 972 1528; x_wconf 90' lang='lat' dir='ltr'>quam</span> <span class='ocrx_word' id='word_1_143' title='bbox 1017 1481 1190 1515; x_wconf 91' lang='lat' dir='ltr'>somno</span> <span class='ocrx_word' id='word_1_144' title='bbox 1231 1481 1545 1529; x_wconf 88' lang='lat' dir='ltr'>oppressum,</span> <span class='ocrx_word' id='word_1_145' title='bbox 1591 1465 1726 1528; x_wconf 90' lang='lat' dir='ltr'>quod</span> <span class='ocrx_word' id='word_1_146' title='bbox 1763 1465 1865 1514; x_wconf 87' lang='lat' dir='ltr'>fuit</span> 
     </span>
     <span class='ocr_line' id='line_1_21' title="bbox 166 1539 1864 1604; baseline 0 -16"><span class='ocrx_word' id='word_1_147' title='bbox 166 1539 331 1604; x_wconf 90' lang='lat' dir='ltr'>peius,</span> <span class='ocrx_word' id='word_1_148' title='bbox 376 1541 435 1588; x_wconf 92' lang='lat' dir='ltr'>ut</span> <span class='ocrx_word' id='word_1_149' title='bbox 474 1539 579 1588; x_wconf 94' lang='lat' dir='ltr'>solo</span> <span class='ocrx_word' id='word_1_150' title='bbox 628 1539 745 1588; x_wconf 85' lang='lat' dir='ltr'>vino</span> <span class='ocrx_word' id='word_1_151' title='bbox 786 1541 1050 1602; x_wconf 89' lang='lat' dir='ltr'>superatus</span> <span class='ocrx_word' id='word_1_152' title='bbox 1098 1540 1169 1589; x_wconf 93' lang='lat' dir='ltr'>sic</span> <span class='ocrx_word' id='word_1_153' title='bbox 1213 1539 1399 1589; x_wconf 90' lang='lat' dir='ltr'>iaceret</span> <span class='ocrx_word' id='word_1_154' title='bbox 1442 1542 1502 1588; x_wconf 89' lang='lat' dir='ltr'>ut</span> <span class='ocrx_word' id='word_1_155' title='bbox 1546 1540 1625 1588; x_wconf 90' lang='lat' dir='ltr'>illi</span> <span class='ocrx_word' id='word_1_156' title='bbox 1672 1539 1760 1602; x_wconf 90' lang='lat' dir='ltr'>qui</span> <span class='ocrx_word' id='word_1_157' title='bbox 1806 1556 1864 1588; x_wconf 86' lang='lat' dir='ltr'>ex</span> 
     </span>
     <span class='ocr_line' id='line_1_22' title="bbox 165 1614 1865 1677; baseline -0.001 -15"><span class='ocrx_word' id='word_1_158' title='bbox 165 1616 378 1677; x_wconf 89' lang='lat' dir='ltr'>utroque</span> <span class='ocrx_word' id='word_1_159' title='bbox 401 1614 602 1662; x_wconf 87' lang='lat' dir='ltr'>fuerant</span> <span class='ocrx_word' id='word_1_160' title='bbox 623 1614 738 1662; x_wconf 82' lang='lat' dir='ltr'>fusi.</span> <span class='ocrx_word' id='word_1_161' title='bbox 797 1614 931 1673; x_wconf 76' lang='lat' dir='ltr'>felix,</span> <span class='ocrx_word' id='word_1_162' title='bbox 964 1615 1009 1662; x_wconf 78' lang='lat' dir='ltr'>si</span> <span class='ocrx_word' id='word_1_163' title='bbox 1036 1615 1262 1674; x_wconf 77' lang='lat' dir='ltr'>protinus</span> <span class='ocrx_word' id='word_1_164' title='bbox 1285 1615 1426 1662; x_wconf 79' lang='lat' dir='ltr'>illum</span> <span class='ocrx_word' id='word_1_165' title='bbox 1457 1618 1711 1674; x_wconf 79' lang='lat' dir='ltr'>aequasset</span> <span class='ocrx_word' id='word_1_166' title='bbox 1738 1614 1865 1662; x_wconf 76' lang='lat' dir='ltr'>nocti</span> 
     </span>
     <span class='ocr_line' id='line_1_23' title="bbox 93 1688 1863 1750; baseline 0.002 -17"><span class='ocrx_word' id='word_1_167' title='bbox 93 1701 137 1733; x_wconf 60' lang='grc' dir='ltr'>πο</span> <span class='ocrx_word' id='word_1_168' title='bbox 168 1689 339 1737; x_wconf 75' lang='lat' dir='ltr'>badum</span> <span class='ocrx_word' id='word_1_169' title='bbox 357 1689 412 1736; x_wconf 78' lang='lat' dir='ltr'>in</span> <span class='ocrx_word' id='word_1_170' title='bbox 436 1688 679 1747; x_wconf 83' lang='lat' dir='ltr'>lucemque</span> <span class='ocrx_word' id='word_1_171' title='bbox 702 1688 910 1736; x_wconf 76' lang='lat' dir='ltr'>tulisset:</span> <span class='ocrx_word' id='word_1_172' title='bbox 932 1688 1054 1737; x_wconf 87' lang='lat' dir='ltr'>felix</span> <span class='ocrx_word' id='word_1_173' title='bbox 1078 1691 1220 1750; x_wconf 89' lang='lat' dir='ltr'>esset,</span> <span class='ocrx_word' id='word_1_174' title='bbox 1244 1688 1288 1738; x_wconf 90' lang='lat' dir='ltr'>si</span> <span class='ocrx_word' id='word_1_175' title='bbox 1311 1689 1488 1737; x_wconf 88' lang='lat' dir='ltr'>ludum</span> <span class='ocrx_word' id='word_1_176' title='bbox 1509 1690 1618 1737; x_wconf 91' lang='lat' dir='ltr'>toto</span> <span class='ocrx_word' id='word_1_177' title='bbox 1642 1690 1863 1750; x_wconf 88' lang='lat' dir='ltr'>tempore</span> 
     </span>
     <span class='ocr_line' id='line_1_24' title="bbox 167 1762 1862 1825; baseline 0 -15"><span class='ocrx_word' id='word_1_178' title='bbox 167 1763 328 1812; x_wconf 88' lang='lat' dir='ltr'>noctis</span> <span class='ocrx_word' id='word_1_179' title='bbox 352 1765 628 1825; x_wconf 88' lang='lat' dir='ltr'>aequasset,</span> <span class='ocrx_word' id='word_1_180' title='bbox 658 1762 752 1811; x_wconf 90' lang='lat' dir='ltr'>hoc</span> <span class='ocrx_word' id='word_1_181' title='bbox 783 1764 859 1811; x_wconf 92' lang='lat' dir='ltr'>est</span> <span class='ocrx_word' id='word_1_182' title='bbox 889 1763 1187 1812; x_wconf 88' lang='lat' dir='ltr'>continuans</span> <span class='ocrx_word' id='word_1_183' title='bbox 1211 1765 1574 1825; x_wconf 86' lang='lat' dir='ltr'>perseverasset</span> <span class='ocrx_word' id='word_1_184' title='bbox 1602 1763 1656 1810; x_wconf 90' lang='lat' dir='ltr'>in</span> <span class='ocrx_word' id='word_1_185' title='bbox 1686 1763 1862 1812; x_wconf 88' lang='lat' dir='ltr'>lucem.</span> 
     </span>
     <span class='ocr_line' id='line_1_25' title="bbox 166 1836 1862 1898; baseline 0 -13"><span class='ocrx_word' id='word_1_186' title='bbox 166 1838 394 1898; x_wconf 78' lang='lat' dir='ltr'>inpastus</span> <span class='ocrx_word' id='word_1_187' title='bbox 432 1851 518 1884; x_wconf 87' lang='lat' dir='ltr'>ceu</span> <span class='ocrx_word' id='word_1_188' title='bbox 549 1837 701 1897; x_wconf 79' lang='lat' dir='ltr'>plena</span> <span class='ocrx_word' id='word_1_189' title='bbox 747 1837 816 1884; x_wconf 86' lang='lat' dir='ltr'>leo</span> <span class='ocrx_word' id='word_1_190' title='bbox 848 1851 941 1897; x_wconf 78' lang='lat' dir='ltr'>per</span> <span class='ocrx_word' id='word_1_191' title='bbox 978 1838 1127 1885; x_wconf 79' lang='lat' dir='ltr'>ovilia</span> <span class='ocrx_word' id='word_1_192' title='bbox 1172 1838 1399 1894; x_wconf 70' lang='lat' dir='ltr'>turbam,</span> <span class='ocrx_word' id='word_1_193' title='bbox 1446 1837 1540 1886; x_wconf 93' lang='lat' dir='ltr'>hoc</span> <span class='ocrx_word' id='word_1_194' title='bbox 1578 1839 1655 1886; x_wconf 89' lang='lat' dir='ltr'>est</span> <span class='ocrx_word' id='word_1_195' title='bbox 1691 1836 1862 1885; x_wconf 90' lang='lat' dir='ltr'>turbas</span> 
     </span>
     <span class='ocr_line' id='line_1_26' title="bbox 169 1910 1864 1974; baseline 0 -15"><span class='ocrx_word' id='word_1_196' title='bbox 169 1911 308 1960; x_wconf 90' lang='lat' dir='ltr'>dans.</span> <span class='ocrx_word' id='word_1_197' title='bbox 367 1911 623 1973; x_wconf 90' lang='lat' dir='ltr'>inpastum</span> <span class='ocrx_word' id='word_1_198' title='bbox 653 1910 780 1958; x_wconf 83' lang='lat' dir='ltr'>dixit</span> <span class='ocrx_word' id='word_1_199' title='bbox 811 1911 1130 1974; x_wconf 84' lang='lat' dir='ltr'>esurientem3</span> <span class='ocrx_word' id='word_1_200' title='bbox 1169 1912 1416 1960; x_wconf 86' lang='lat' dir='ltr'>feritatem</span> <span class='ocrx_word' id='word_1_201' title='bbox 1457 1911 1644 1974; x_wconf 82' lang='lat' dir='ltr'>quippe</span> <span class='ocrx_word' id='word_1_202' title='bbox 1674 1910 1864 1960; x_wconf 87' lang='lat' dir='ltr'>bestiae</span> 
     </span>
     <span class='ocr_line' id='line_1_27' title="bbox 169 1984 1863 2049; baseline -0.001 -15"><span class='ocrx_word' id='word_1_203' title='bbox 169 1984 487 2047; x_wconf 83' lang='lat' dir='ltr'>conduplicat</span> <span class='ocrx_word' id='word_1_204' title='bbox 523 1985 695 2033; x_wconf 86' lang='lat' dir='ltr'>fames.</span> <span class='ocrx_word' id='word_1_205' title='bbox 756 1985 891 2033; x_wconf 90' lang='lat' dir='ltr'>leoni</span> <span class='ocrx_word' id='word_1_206' title='bbox 921 1986 1217 2049; x_wconf 86' lang='lat' dir='ltr'>conparavit</span> <span class='ocrx_word' id='word_1_207' title='bbox 1252 1985 1454 2048; x_wconf 87' lang='lat' dir='ltr'>Nisum,</span> <span class='ocrx_word' id='word_1_208' title='bbox 1492 1986 1708 2034; x_wconf 86' lang='lat' dir='ltr'>Rutulos</span> <span class='ocrx_word' id='word_1_209' title='bbox 1747 2001 1863 2035; x_wconf 86' lang='lat' dir='ltr'>vero</span> 
     </span>
     <span class='ocr_line' id='line_1_28' title="bbox 94 2058 1966 2123; baseline 0.002 -20"><span class='ocrx_word' id='word_1_210' title='bbox 94 2071 138 2103; x_wconf 74' lang='lat'>25</span> <span class='ocrx_word' id='word_1_211' title='bbox 166 2058 467 2108; x_wconf 89' lang='lat' dir='ltr'>inertissimo</span> <span class='ocrx_word' id='word_1_212' title='bbox 507 2058 799 2107; x_wconf 89' lang='lat' dir='ltr'>animalium</span> <span class='ocrx_word' id='word_1_213' title='bbox 838 2059 1020 2123; x_wconf 83' lang='lat' dir='ltr'>generi.</span> <span class='ocrx_word' id='word_1_214' title='bbox 1083 2059 1281 2120; x_wconf 81' lang='lat' dir='ltr'>(suadet</span> <span class='ocrx_word' id='word_1_215' title='bbox 1310 2060 1438 2108; x_wconf 78' lang='lat' dir='ltr'>enim</span> <span class='ocrx_word' id='word_1_216' title='bbox 1466 2074 1652 2108; x_wconf 79' lang='lat' dir='ltr'>vesana</span> <span class='ocrx_word' id='word_1_217' title='bbox 1681 2060 1863 2119; x_wconf 83' lang='lat' dir='ltr'>fames)</span> <span class='ocrx_word' id='word_1_218' title='bbox 1881 2066 1966 2106; x_wconf 86' lang='lat'>340</span> 
     </span>
     <span class='ocr_line' id='line_1_29' title="bbox 166 2132 1862 2196; baseline 0.001 -14"><span class='ocrx_word' id='word_1_219' title='bbox 166 2134 449 2193; x_wconf 75' lang='lat' dir='ltr'>manditque</span> <span class='ocrx_word' id='word_1_220' title='bbox 501 2133 739 2192; x_wconf 77' lang='lat' dir='ltr'>trahitque</span> <span class='ocrx_word' id='word_1_221' title='bbox 789 2134 930 2182; x_wconf 84' lang='lat' dir='ltr'>molle</span> <span class='ocrx_word' id='word_1_222' title='bbox 978 2148 1127 2194; x_wconf 82' lang='lat' dir='ltr'>pecus</span> <span class='ocrx_word' id='word_1_223' title='bbox 1175 2133 1484 2196; x_wconf 83' lang='lat' dir='ltr'>[mutumque</span> <span class='ocrx_word' id='word_1_224' title='bbox 1531 2132 1690 2196; x_wconf 83' lang='lat' dir='ltr'>metu]</span> <span class='ocrx_word' id='word_1_225' title='bbox 1697 2151 1713 2182; x_wconf 93' lang='lat'>.·</span> <span class='ocrx_word' id='word_1_226' title='bbox 1766 2133 1862 2183; x_wconf 92' lang='lat' dir='ltr'>duo</span> 
     </span>
     <span class='ocr_line' id='line_1_30' title="bbox 169 2206 1862 2271; baseline -0.001 -15"><span class='ocrx_word' id='word_1_227' title='bbox 169 2210 418 2271; x_wconf 89' lang='lat' dir='ltr'>oportuna</span> <span class='ocrx_word' id='word_1_228' title='bbox 456 2206 670 2270; x_wconf 88' lang='lat' dir='ltr'>praedae</span> <span class='ocrx_word' id='word_1_229' title='bbox 710 2208 1061 2269; x_wconf 87' lang='lat' dir='ltr'>conficiendae,</span> <span class='ocrx_word' id='word_1_230' title='bbox 1100 2208 1257 2257; x_wconf 90' lang='lat' dir='ltr'>leonis</span> <span class='ocrx_word' id='word_1_231' title='bbox 1297 2209 1453 2257; x_wconf 88' lang='lat' dir='ltr'>fames</span> <span class='ocrx_word' id='word_1_232' title='bbox 1493 2210 1544 2256; x_wconf 89' lang='lat' dir='ltr'>et</span> <span class='ocrx_word' id='word_1_233' title='bbox 1579 2207 1862 2256; x_wconf 86' lang='lat' dir='ltr'>teneritudo</span> 
     </span>
     <span class='ocr_line' id='line_1_31' title="bbox 169 2281 1862 2345; baseline -0.001 -15"><span class='ocrx_word' id='word_1_234' title='bbox 169 2281 422 2330; x_wconf 89' lang='lat' dir='ltr'>animalis:</span> <span class='ocrx_word' id='word_1_235' title='bbox 464 2281 729 2330; x_wconf 88' lang='lat' dir='ltr'>accedebat</span> <span class='ocrx_word' id='word_1_236' title='bbox 759 2281 891 2330; x_wconf 86' lang='lat' dir='ltr'>enim</span> <span class='ocrx_word' id='word_1_237' title='bbox 927 2281 1174 2331; x_wconf 87' lang='lat' dir='ltr'>timiditas</span> <span class='ocrx_word' id='word_1_238' title='bbox 1209 2281 1398 2345; x_wconf 89' lang='lat' dir='ltr'>pecoris</span> <span class='ocrx_word' id='word_1_239' title='bbox 1430 2284 1614 2331; x_wconf 86' lang='lat' dir='ltr'>natura</span> <span class='ocrx_word' id='word_1_240' title='bbox 1645 2282 1862 2342; x_wconf 87' lang='lat' dir='ltr'>veniens,</span> 
     </span>
     <span class='ocr_line' id='line_1_32' title="bbox 170 2356 1863 2420; baseline -0.001 -16"><span class='ocrx_word' id='word_1_241' title='bbox 170 2357 304 2418; x_wconf 91' lang='lat' dir='ltr'>quod</span> <span class='ocrx_word' id='word_1_242' title='bbox 355 2357 515 2405; x_wconf 89' lang='lat' dir='ltr'>nescit</span> <span class='ocrx_word' id='word_1_243' title='bbox 572 2356 786 2404; x_wconf 90' lang='lat' dir='ltr'>clamare</span> <span class='ocrx_word' id='word_1_244' title='bbox 845 2356 962 2404; x_wconf 91' lang='lat' dir='ltr'>dum</span> <span class='ocrx_word' id='word_1_245' title='bbox 1011 2356 1216 2419; x_wconf 88' lang='lat' dir='ltr'>petitur.</span> <span class='ocrx_word' id='word_1_246' title='bbox 1303 2372 1412 2405; x_wconf 88' lang='lat' dir='ltr'>ecce</span> <span class='ocrx_word' id='word_1_247' title='bbox 1463 2359 1653 2419; x_wconf 90' lang='lat' dir='ltr'>quanta</span> <span class='ocrx_word' id='word_1_248' title='bbox 1703 2357 1863 2420; x_wconf 87' lang='lat' dir='ltr'>gloria</span> 
     </span>
     <span class='ocr_line' id='line_1_33' title="bbox 95 2430 1863 2492; baseline -0.001 -14"><span class='ocrx_word' id='word_1_249' title='bbox 95 2441 139 2473; x_wconf 79' lang='lat'>30</span> <span class='ocrx_word' id='word_1_250' title='bbox 169 2430 519 2491; x_wconf 83' lang='lat' dir='ltr'>Troianorum,</span> <span class='ocrx_word' id='word_1_251' title='bbox 567 2432 812 2492; x_wconf 86' lang='lat' dir='ltr'>quantum</span> <span class='ocrx_word' id='word_1_252' title='bbox 849 2430 1150 2479; x_wconf 88' lang='lat' dir='ltr'>Rutulorum</span> <span class='ocrx_word' id='word_1_253' title='bbox 1186 2430 1474 2479; x_wconf 88' lang='lat' dir='ltr'>ludibrium.</span> <span class='ocrx_word' id='word_1_254' title='bbox 1551 2432 1863 2492; x_wconf 89' lang='lat' dir='ltr'>conparatur,</span> 
     </span>
     <span class='ocr_line' id='line_1_34' title="bbox 169 2503 1865 2566; baseline -0.002 -13"><span class='ocrx_word' id='word_1_255' title='bbox 169 2507 226 2553; x_wconf 90' lang='lat' dir='ltr'>ut</span> <span class='ocrx_word' id='word_1_256' title='bbox 265 2503 452 2552; x_wconf 89' lang='lat' dir='ltr'>dictum</span> <span class='ocrx_word' id='word_1_257' title='bbox 491 2505 587 2566; x_wconf 90' lang='lat' dir='ltr'>est,</span> <span class='ocrx_word' id='word_1_258' title='bbox 626 2504 777 2552; x_wconf 89' lang='lat' dir='ltr'>Nisus</span> <span class='ocrx_word' id='word_1_259' title='bbox 815 2504 948 2552; x_wconf 89' lang='lat' dir='ltr'>leoni</span> <span class='ocrx_word' id='word_1_260' title='bbox 999 2506 1049 2553; x_wconf 92' lang='lat' dir='ltr'>et</span> <span class='ocrx_word' id='word_1_261' title='bbox 1094 2504 1270 2554; x_wconf 84' lang='lat' dir='ltr'>ovibus</span> <span class='ocrx_word' id='word_1_262' title='bbox 1307 2505 1500 2553; x_wconf 88' lang='lat' dir='ltr'>Rutuli.</span> <span class='ocrx_word' id='word_1_263' title='bbox 1575 2519 1661 2552; x_wconf 82' lang='lat' dir='ltr'>nec</span> <span class='ocrx_word' id='word_1_264' title='bbox 1704 2505 1865 2552; x_wconf 79' lang='lat' dir='ltr'>minor</span> 
     </span>
     <span class='ocr_line' id='line_1_35' title="bbox 169 2578 1863 2640; baseline 0 -15"><span class='ocrx_word' id='word_1_265' title='bbox 169 2578 385 2639; x_wconf 75' lang='lat' dir='ltr'>Euryali</span> <span class='ocrx_word' id='word_1_266' title='bbox 435 2579 624 2635; x_wconf 74' lang='lat' dir='ltr'>caedeS,</span> <span class='ocrx_word' id='word_1_267' title='bbox 675 2579 903 2626; x_wconf 76' lang='lat' dir='ltr'>incensus</span> <span class='ocrx_word' id='word_1_268' title='bbox 953 2582 996 2627; x_wconf 85' lang='lat' dir='ltr'>et</span> <span class='ocrx_word' id='word_1_269' title='bbox 1042 2580 1147 2639; x_wconf 77' lang='lat' dir='ltr'>ipse</span> <span class='ocrx_word' id='word_1_270' title='bbox 1186 2580 1406 2640; x_wconf 76' lang='lat' dir='ltr'>perfurit</span> <span class='ocrx_word' id='word_1_271' title='bbox 1455 2594 1513 2627; x_wconf 86' lang='lat' dir='ltr'>ac</span> <span class='ocrx_word' id='word_1_272' title='bbox 1560 2579 1764 2626; x_wconf 83' lang='lat' dir='ltr'>multam</span> <span class='ocrx_word' id='word_1_273' title='bbox 1810 2579 1863 2625; x_wconf 78' lang='lat' dir='ltr'>in</span> 
     </span>
    </p>
   </div>
   <div class='ocr_carea' id='block_1_5' title="bbox 170 2672 525 2677">
    <p class='ocr_par' dir='ltr' id='par_1_5' title="bbox 170 2672 525 2677">
     <span class='ocr_line' id='line_1_36' title="bbox 170 2672 525 2677; baseline 0 0"><span class='ocrx_word' id='word_1_274' title='bbox 170 2672 525 2677; x_wconf 95' lang='lat' dir='ltr'> </span> 
     </span>
    </p>
   </div>
   <div class='ocr_carea' id='block_1_6' title="bbox 170 2719 1864 3009">
    <p class='ocr_par' dir='ltr' id='par_1_6' title="bbox 170 2719 1864 3009">
     <span class='ocr_line' id='line_1_37' title="bbox 289 2719 1864 2778; baseline 0.001 -15"><span class='ocrx_word' id='word_1_275' title='bbox 289 2723 317 2762; x_wconf 85' lang='lat'>4</span> <span class='ocrx_word' id='word_1_276' title='bbox 346 2719 522 2774; x_wconf 74' lang='lat' dir='ltr'>fuerint</span> <span class='ocrx_word' id='word_1_277' title='bbox 551 2719 594 2763; x_wconf 91' lang='lat' dir='ltr'><strong>V</strong></span> <span class='ocrx_word' id='word_1_278' title='bbox 632 2720 721 2764; x_wconf 85' lang='lat' dir='ltr'>-rit</span> <span class='ocrx_word' id='word_1_279' title='bbox 751 2719 823 2763; x_wconf 80' lang='lat' dir='ltr'>ed..</span> <span class='ocrx_word' id='word_1_280' title='bbox 875 2719 880 2778; x_wconf 94' lang='grc' dir='ltr'>Ι</span> <span class='ocrx_word' id='word_1_281' title='bbox 937 2721 1116 2765; x_wconf 84' lang='lat' dir='ltr'>auctori</span> <span class='ocrx_word' id='word_1_282' title='bbox 1141 2719 1183 2763; x_wconf 91' lang='lat' dir='ltr'><strong>V</strong></span> <span class='ocrx_word' id='word_1_283' title='bbox 1216 2734 1329 2765; x_wconf 88' lang='lat' dir='ltr'>corr.</span> <span class='ocrx_word' id='word_1_284' title='bbox 1364 2720 1436 2764; x_wconf 91' lang='lat' dir='ltr'>ed.</span> <span class='ocrx_word' id='word_1_285' title='bbox 1559 2725 1584 2763; x_wconf 89' lang='grc'><strong>6</strong></span> <span class='ocrx_word' id='word_1_286' title='bbox 1624 2720 1864 2764; x_wconf 78' lang='lat' dir='ltr'>locutionis</span> 
     </span>
     <span class='ocr_line' id='line_1_38' title="bbox 170 2777 1864 2836; baseline 0.001 -16"><span class='ocrx_word' id='word_1_287' title='bbox 170 2777 212 2820; x_wconf 92' lang='lat' dir='ltr'><strong>V</strong></span> <span class='ocrx_word' id='word_1_288' title='bbox 237 2777 309 2820; x_wconf 89' lang='lat' dir='ltr'>ed.</span> <span class='ocrx_word' id='word_1_289' title='bbox 413 2782 467 2822; x_wconf 89' lang='lat'>11</span> <span class='ocrx_word' id='word_1_290' title='bbox 501 2783 860 2836; x_wconf 80' lang='lat' dir='ltr'>tammyrumque</span> <span class='ocrx_word' id='word_1_291' title='bbox 883 2778 938 2822; x_wconf 93' lang='lat' dir='ltr'>V.</span> <span class='ocrx_word' id='word_1_292' title='bbox 1044 2783 1098 2823; x_wconf 84' lang='lat'>15</span> <span class='ocrx_word' id='word_1_293' title='bbox 1129 2780 1207 2824; x_wconf 84' lang='lat' dir='ltr'>sed</span> <span class='ocrx_word' id='word_1_294' title='bbox 1230 2779 1272 2823; x_wconf 91' lang='lat' dir='ltr'><strong>V</strong></span> <span class='ocrx_word' id='word_1_295' title='bbox 1302 2794 1336 2824; x_wconf 83' lang='lat' dir='ltr'>s.</span> <span class='ocrx_word' id='word_1_296' title='bbox 1362 2779 1496 2835; x_wconf 81' lang='lat' dir='ltr'>quasi</span> <span class='ocrx_word' id='word_1_297' title='bbox 1526 2778 1596 2822; x_wconf 91' lang='lat' dir='ltr'>ed.</span> <span class='ocrx_word' id='word_1_298' title='bbox 1704 2782 1757 2822; x_wconf 88' lang='lat'>16</span> <span class='ocrx_word' id='word_1_299' title='bbox 1789 2779 1864 2822; x_wconf 86' lang='lat' dir='ltr'>de-</span> 
     </span>
     <span class='ocr_line' id='line_1_39' title="bbox 170 2837 1864 2894; baseline 0.001 -14"><span class='ocrx_word' id='word_1_300' title='bbox 170 2838 316 2881; x_wconf 81' lang='lat' dir='ltr'>victus</span> <span class='ocrx_word' id='word_1_301' title='bbox 356 2851 441 2892; x_wconf 87' lang='lat' dir='ltr'>pro</span> <span class='ocrx_word' id='word_1_302' title='bbox 484 2837 566 2882; x_wconf 83' lang='lat' dir='ltr'>deo</span> <span class='ocrx_word' id='word_1_303' title='bbox 603 2840 750 2883; x_wconf 81' lang='lat' dir='ltr'>victus</span> <span class='ocrx_word' id='word_1_304' title='bbox 772 2837 827 2882; x_wconf 92' lang='lat' dir='ltr'>V.</span> <span class='ocrx_word' id='word_1_305' title='bbox 966 2842 1020 2881; x_wconf 77' lang='lat'>17</span> <span class='ocrx_word' id='word_1_306' title='bbox 1060 2853 1196 2894; x_wconf 87' lang='lat' dir='ltr'>quam</span> <span class='ocrx_word' id='word_1_307' title='bbox 1227 2838 1269 2882; x_wconf 91' lang='lat' dir='ltr'><strong>V</strong></span> <span class='ocrx_word' id='word_1_308' title='bbox 1305 2853 1432 2894; x_wconf 87' lang='lat' dir='ltr'>quem</span> <span class='ocrx_word' id='word_1_309' title='bbox 1472 2837 1543 2881; x_wconf 88' lang='lat' dir='ltr'>ed.</span> <span class='ocrx_word' id='word_1_310' title='bbox 1669 2841 1722 2880; x_wconf 84' lang='lat'>19</span> <span class='ocrx_word' id='word_1_311' title='bbox 1763 2837 1864 2891; x_wconf 82' lang='lat' dir='ltr'>fue-</span> 
     </span>
     <span class='ocr_line' id='line_1_40' title="bbox 170 2894 1864 2996; baseline 0 -57"><span class='ocrx_word' id='word_1_312' title='bbox 170 2901 279 2996; x_wconf 40' lang='lat' dir='ltr'>rant</span> <span class='ocrx_word' id='word_1_313' title='bbox 315 2894 357 2939; x_wconf 96' lang='lat' dir='ltr'><strong>V</strong></span> <span class='ocrx_word' id='word_1_314' title='bbox 398 2897 607 2942; x_wconf 80' lang='lat' dir='ltr'>iacebant</span> <span class='ocrx_word' id='word_1_315' title='bbox 653 2897 723 2941; x_wconf 91' lang='lat' dir='ltr'>ed.</span> <span class='ocrx_word' id='word_1_316' title='bbox 847 2896 906 2941; x_wconf 84' lang='lat'>26&#39;</span> <span class='ocrx_word' id='word_1_317' title='bbox 948 2902 1210 2954; x_wconf 88' lang='lat' dir='ltr'>mutumque</span> <span class='ocrx_word' id='word_1_318' title='bbox 1254 2903 1373 2942; x_wconf 86' lang='lat' dir='ltr'>metu</span> <span class='ocrx_word' id='word_1_319' title='bbox 1420 2897 1551 2940; x_wconf 86' lang='lat' dir='ltr'>deest</span> <span class='ocrx_word' id='word_1_320' title='bbox 1591 2897 1641 2940; x_wconf 91' lang='lat' dir='ltr'>in</span> <span class='ocrx_word' id='word_1_321' title='bbox 1680 2895 1736 2951; x_wconf 91' lang='lat' dir='ltr'>V,</span> <span class='ocrx_word' id='word_1_322' title='bbox 1783 2897 1864 2941; x_wconf 87' lang='lat' dir='ltr'>sed</span> 
     </span>
     <span class='ocr_line' id='line_1_41' title="bbox 172 2954 444 3009; baseline 0.007 -12"><span class='ocrx_word' id='word_1_323' title='bbox 172 2967 259 3009; x_wconf 87' lang='lat' dir='ltr'>exp</span> <span class='ocrx_word' id='word_1_324' title='bbox 280 2954 444 2999; x_wconf 86' lang='lat' dir='ltr'>icatur.</span> 
     </span>
    </p>
   </div>
  </div>
 </body>
</html>
