2050 3226
250 177 357 230 346
724 174 957 219 DONATI
984 174 1265 220 INTERPR.
1290 175 1471 220 VERG.

251 391 385 438 aetas
415 389 649 438 traxisset
677 388 730 436 in
760 391 986 449 mortem,
1017 387 1273 438 deficiente
1310 389 1397 452 pia
1435 389 1661 440 custodia
1697 388 1937 439 destituto

248 464 527 512 intulerunt
563 463 672 511 fata
709 463 1000 511 violentiam
1031 477 1182 524 quam
1212 463 1462 526 parabant
1491 467 1542 513 et
1572 463 1797 512 Euandri
1825 463 1937 512 telis

248 537 563 586 tradiderunt
606 536 950 600 iugulandum.
1026 550 1165 597 quem
1208 538 1279 586 sic
1314 537 1488 587 Pallas
1528 539 1647 599 petit
1684 540 1796 586 ante
1823 551 1940 598 pre·

250 615 409 660 catus:
446 612 583 660 facta
621 612 696 659 est
731 611 814 659 hic
851 610 1092 658 nonnulla
1125 610 1426 673 obscuritas,
1465 611 1587 675 quia
1616 612 1779 660 iunxit
1810 612 1940 674 petit
1982 623 2010 658 s

250 689 301 735 et
337 687 567 748 precatus
581 722 594 746 ‚
634 686 780 747 quasi
817 686 1084 747 utrumque
1123 685 1188 733 ad
1234 685 1631 749 deprecationem
1674 685 1939 748 pertineat,

251 759 382 822 quod
413 775 513 807 non
542 760 617 807 ita
648 762 738 807 est.
790 758 921 822 petit
950 759 1081 807 enim
1119 759 1222 808 telo
1261 759 1449 808 dictum
1489 763 1585 822 est,
1623 775 1723 809 non
1760 759 1938 809 verbis.

250 834 341 895 sic,
390 832 580 896 inquit,
628 833 682 880 in
732 849 845 880 eum
892 832 1011 882 iecit
1058 834 1215 882 telum
1266 834 1503 897 adpetens
1561 834 1667 883 eius
1725 835 1940 882 salutem
2028 844 2037 910 ᾗ

168 925 172 927 ”
250 907 439 957 emissis
478 909 594 955 ante
632 907 882 970 precibus,
920 909 980 956 ut
1017 907 1188 956 futuro
1227 909 1360 957 facto
1401 907 1625 958 divinum
1657 909 1941 971 proveniret
2031 914 2050 967 ξι

250 981 503 1030 auxilium.
591 984 840 1044 quantum
888 981 1003 1030 huic
1052 981 1254 1031 virtutis
1306 982 1475 1044 datur,
1525 985 1584 1030 ut
1635 981 1792 1031 occidi
1839 997 1939 1030 non
1971 987 2050 1045 1112<

249 1058 437 1119 posset,
468 1055 567 1103 nisi
596 1071 857 1118 percussor
887 1055 993 1104 eius
1025 1055 1107 1104 dei
1135 1056 1392 1105 iuvaretur
1429 1057 1641 1106 auxilio!
1696 1056 1763 1105 da
1793 1070 1938 1113 nunc,
2044 1063 2046 1069 '

251 1131 434 1192 Thybri
475 1132 639 1190 pater,
689 1130 843 1190 ferro,
896 1130 1023 1190 quod
1069 1130 1254 1179 missile
1304 1131 1447 1188 libro,
1497 1131 1750 1191 fortunam
1799 1134 1941 1190 atque

248 1206 382 1253 viani
419 1204 534 1252 duri
565 1218 657 1264 per
687 1207 856 1264 pectus
894 1204 1128 1253 Halaesi:
1165 1206 1314 1269 rogat
1349 1204 1519 1254 Pallas
1564 1203 1779 1268 regionis
1823 1219 1941 1253 suae

250 1279 419 1340 deum,
457 1281 517 1327 ut
554 1277 653 1326 duo
691 1279 972 1341 praestaret
1010 1294 1137 1341 quae
1166 1281 1380 1327 mortem
1411 1279 1706 1328 conficerent
1734 1277 1940 1340 inimici,

148 325 233 364 420
249 315 445 376 telisque
466 317 730 364 sacrarunt
749 314 1009 363 Euandri:
1039 315 1125 363 sed
1156 330 1270 363 eum
1299 315 1570 365 sollicitum
1600 331 1766 365 senem
1787 315 1939 380 longa
2023 273 2043 486 ἶ

249 1354 523 1414 fortunam,
571 1356 631 1401 ut
678 1352 959 1415 perveniret
1006 1353 1158 1415 ictuS,
1208 1355 1259 1402 et
1303 1354 1438 1402 viam
1485 1354 1579 1402 hoc
1625 1354 1702 1402 est
1747 1352 1942 1401 aditum
1972 1363 2017 1406 14

248 1427 450 1491 plagae,
490 1427 727 1489 quoniam
765 1442 916 1489 supra
953 1426 1080 1475 dixit
1117 1442 1302 1490 „seque
1331 1427 1386 1475 in
1417 1443 1509 1476 sua
1540 1427 1735 1491 colligit
1764 1425 1942 1475 arma“

249 1501 551 1564 perindeque
601 1516 777 1564 corpus
827 1503 1017 1549 tectum
1065 1501 1317 1564 penetrari
1369 1517 1470 1550 non
1522 1504 1735 1565 poterat.
1825 1501 1942 1549 haec

250 1591 393 1624 arma
438 1575 731 1635 exuviasque
774 1575 872 1623 viri
915 1578 1003 1623 tua
1048 1590 1251 1635 quercus
1294 1576 1509 1624 habebit:
1553 1591 1714 1637 arma,
1760 1575 1940 1638 quibus
2037 1581 2042 1650 j

248 1650 333 1698 ille
385 1665 584 1698 securus
635 1649 841 1698 dimicat
890 1649 1168 1713 quibusque
1216 1651 1440 1698 munitus
1494 1652 1591 1711 est,
1645 1648 1939 1698 consecrabo
2035 1657 2041 1691 ι’

251 1724 416 1773 arbori
462 1727 602 1786 tuae,
650 1725 745 1772 hoc
793 1725 868 1772 est
917 1723 1068 1772 armis
1119 1726 1269 1787 atque
1309 1724 1496 1773 exuviis
1536 1725 1643 1773 eius
1680 1726 1942 1786 tropaeum
1971 1703 2050 1788 mxl*

251 1797 549 1861 suspendam
586 1799 639 1846 in
677 1798 789 1846 luco
827 1800 929 1846 tu0.
983 1798 1142 1846 audiit
1177 1798 1267 1846 illa
1297 1798 1437 1855 deus‘,
1468 1798 1561 1846 illa
1592 1798 1782 1847 scilicet
1812 1812 1940 1860 quae

249 1872 413 1922 tenuit
451 1872 745 1935 deprecatio.
823 1887 931 1920 ecce
969 1872 1070 1920 iam
1107 1873 1396 1935 praestatur
1432 1873 1538 1933 via,
1584 1874 1642 1920 ut
1687 1874 1818 1921 esset
1862 1887 1940 1920 oc·

148 1953 233 1992 425
251 1946 383 1995 casio
431 1946 662 1995 feriendi:
708 1947 826 1994 dum
869 1946 984 1994 texit
1030 1946 1244 1995 Imaona
1288 1946 1563 2003 Halaesus,
1610 1944 1828 1995 Arcadio
1865 1946 1940 1993 in-

249 2021 368 2081 felix
406 2020 493 2068 telo
533 2021 619 2069 dat
648 2024 818 2081 pectus
847 2021 1113 2068 inermum:
1152 2023 1270 2083 quia
1302 2023 1520 2069 extrema
1550 2020 1629 2068 illi
1660 2020 1767 2069 fata
1798 2019 1940 2068 debe·

250 2095 453 2155 bantur,
501 2111 630 2157 quae
677 2097 851 2143 cautus
899 2110 955 2143 ac
1001 2094 1211 2159 diligens
1261 2097 1582 2158 praecaverat
1626 2096 1790 2158 pater,
1830 2109 1940 2142 cum
1972 2107 2015 2149 Βῆ

251 2170 407 2218 alium
445 2168 583 2232 cupit
621 2184 651 2217 a
688 2171 847 2217 morte
886 2168 1169 2230 defendere,
1208 2184 1259 2218 se
1296 2169 1461 2231 ipsum
1507 2168 1696 2217 nudato
1743 2171 1941 2231 pectore

251 2245 552 2307 oportunum
600 2243 810 2291 tradidit
854 2244 1019 2291 morti.
1103 2258 1211 2291 ecce
1257 2244 1554 2306 praestitum
1600 2245 1675 2291 est
1718 2241 1941 2290 Pallanti

253 2317 386 2381 quod
425 2316 770 2380 deprecatione
810 2317 1075 2380 conplexus
1116 2318 1216 2378 est,
1253 2319 1314 2366 ut
1351 2317 1605 2366 videretur
1634 2315 1823 2363 nudum
1853 2316 1938 2364 ho·

250 2391 397 2440 minis
447 2392 617 2454 pectus
669 2393 719 2439 et
767 2390 850 2439 via
901 2407 999 2453 qua
1047 2391 1208 2454 perire
1253 2392 1497 2453 potuisset
1535 2393 1586 2439 et
1621 2391 1845 2451 fortuna,
1883 2393 1941 2438 ut
2018 2430 2020 2434 ,

249 2466 376 2514 ictus
415 2465 618 2514 haberet
656 2465 897 2513 effectum.
975 2468 1025 2513 at
1062 2480 1162 2513 non
1200 2466 1342 2514 caede
1379 2466 1476 2513 viri
1513 2467 1651 2513 tanta
1679 2465 1940 2525 perterrita
1971 2477 2014 2509 so

370 2641 395 2679 2
428 2637 639 2681 traxisset
661 2635 702 2679 V
732 2636 968 2680 transisset
997 2636 1051 2680 R.
1160 2639 1186 2678 3
1216 2640 1499 2693 paraveramt
1530 2634 1600 2678 ed.
1709 2639 1735 2679 8
1766 2635 1819 2679 in
1849 2648 1938 2678 om.

250 2695 292 2738 V
324 2695 395 2739 ed.
443 2696 447 2754 Ι
497 2696 603 2750 fecit
626 2694 710 2739 VR
740 2696 845 2739 iecit
874 2709 957 2738 nos
987 2696 1103 2751 petit
1133 2695 1204 2739 ed.
1328 2698 1353 2738 9
1385 2699 1491 2738 ante
1521 2694 1562 2737 R
1596 2699 1734 2738 antea
1756 2693 1799 2737 V
1822 2694 1893 2737 ed.
1929 2693 1934 2751 Ι

244 2756 504 2810 proveniret
540 2754 625 2798 VR
662 2754 918 2812 provideret
955 2755 1024 2798 ed.
1151 2759 1203 2797 11
1239 2754 1530 2798 deiuvaretur
1563 2752 1648 2796 VR
1684 2753 1941 2797 deviaretur

251 2813 323 2857 ed.
378 2814 452 2857 dei
503 2815 593 2858 iuv.
643 2813 713 2857 ed.
762 2814 880 2868 post.
1027 2818 1082 2857 14
1128 2814 1395 2868 conficerent
1446 2812 1486 2855 R
1543 2826 1636 2856 non
1679 2813 1861 2868 ficei-ent
1897 2811 1939 2855 V

249 2874 451 2926 facerent
480 2873 551 2917 ed.
656 2877 710 2916 15
737 2873 975 2928 perveniat
1004 2872 1075 2916 ed.
1180 2877 1235 2916 16
1267 2872 1481 2928 quoniam
1504 2871 1588 2914 VR
1619 2871 1835 2927 quomodo
1866 2870 1938 2914 ed.

254 2936 305 2974 17
345 2932 619 3032 periindeque
642 2931 726 2974 VR
763 2931 959 2988 proinde
990 2931 1061 2976 ed.
1185 2936 1239 2975 25
1275 2936 1574 2987 praecaverat
1606 2929 1691 2973 VR
1726 2934 1940 2986 precatus

251 2996 349 3034 erat
380 3003 403 3033 e
442 3026 449 3034 .
