2050 3226
232 173 304 226 94
705 171 935 216 DONATI
965 170 1246 214 INTERPR.
1271 170 1452 215 VERG.

230 310 442 360 sublime
481 311 723 360 columnis
761 311 884 360 urbe
922 310 1022 359 fuit
1060 326 1274 372 summa,
1314 309 1578 361 Laurentis
1621 313 1761 376 regia
1798 312 1924 374 Pici,

229 387 353 448 quin
399 386 551 434 etiam
597 387 821 434 veterum
868 385 1055 449 effigies
1103 401 1162 432 ex
1212 384 1381 432 ordine
1431 401 1635 434 avorum
1686 387 1922 449 antiquae

229 460 394 520 cedro,
426 459 683 522 Italusque
713 461 954 522 paterque
987 458 1199 507 Sabinus
1223 458 1457 508 vitisator
1487 474 1690 509 curvam
1721 476 1921 509 servans

230 533 319 581 sub
369 533 588 597 imagine
637 534 817 582 falcem
864 532 1206 595 Saturnusque
1258 548 1404 582 senex
1439 533 1649 597 Ianique
1688 534 1921 583 bifrontis

227 606 394 672 imago
446 608 631 669 aliique
680 607 741 655 ab
788 607 979 671 origine
1027 622 1192 671 reges,
1230 607 1415 655 Martia
1462 609 1550 670 qui
1598 607 1659 656 ob
1705 609 1923 670 patriam
1977 621 1998 654 5

154 731 159 734 ,
227 681 497 746 pugnando
536 681 743 730 vulnera
779 682 937 744 passi,
977 683 1028 729 et
1057 680 1206 730 Picus
1247 698 1429 744 equum
1468 680 1734 731 domitor“.
1795 698 1921 746 quae

227 770 304 804 res
343 772 434 818 per
462 755 673 804 maiores
705 754 874 803 Latini
911 755 1126 803 feliciter
1156 757 1324 818 gestae
1357 771 1621 818 procurare
1652 758 1924 818 potuerunt

227 832 286 878 ut
324 829 388 877 ad
425 831 591 892 ipsum
628 828 867 878 Latinum
911 829 1058 878 mitia
1102 831 1330 891 tempora
1374 831 1703 892 pervenirent.
1781 831 1923 878 ardet

226 902 440 952 inexcita
463 903 688 952 Ausonia
719 906 869 966 atque
892 904 1146 953 inmobilis
1171 905 1308 952 ante:
1347 919 1456 952 ecce
1481 906 1724 966 quantum
1754 904 1924 966 potuit

227 978 381 1026 factio
420 978 649 1039 IunoniS,
696 977 766 1026 sic
806 977 1012 1026 ardebat
1056 978 1109 1026 in
1147 977 1336 1025 bellum
1372 979 1531 1027 omnis
1571 978 1819 1040 Ausonia,
1865 980 1924 1026 ut
1955 991 1998 1024 10
2049 972 2050 977 ’

227 1051 367 1099 nulla
419 1067 535 1114 pars
592 1052 696 1100 eius
758 1052 1077 1101 remansisset
1130 1052 1370 1113 inmunis,
1425 1054 1475 1100 et
1524 1053 1596 1101 sic
1650 1051 1923 1101 ducebatur

228 1125 402 1174 ardore
442 1125 682 1187 bellandi,
721 1128 781 1173 ut
819 1127 947 1175 hanc
985 1142 1074 1174 nec
1111 1127 1222 1189 ipsa
1253 1127 1485 1175 avocaret
1516 1142 1546 1174 a
1574 1125 1809 1188 periculis
1842 1126 1922 1175 de·

227 1199 453 1248 suetudo.
520 1199 891 1264 subiunguntur
928 1201 1115 1263 species
1146 1200 1284 1262 ipsae
1315 1201 1629 1248 incensarum
1658 1201 1921 1248 mentium:

220 1288 367 1334 parS,
418 1273 606 1336 inquit,
654 1274 798 1334 pedes
843 1275 915 1322 ire
956 1278 1112 1334 parat
1157 1275 1363 1334 campie,
1407 1289 1535 1334 pars
1581 1275 1771 1323 arduus
1810 1274 1924 1323 altis

124 1358 209 1397 625
217 1348 590 1408 pulverulentus
629 1348 762 1407 equis
806 1349 952 1408 furit:
999 1349 1087 1397 alii
1124 1347 1340 1410 pedestri
1382 1350 1488 1397 arte
1531 1349 1788 1409 certaturi,
1836 1348 1925 1397 alii
1955 1362 1996 1395 15

227 1422 367 1484 equis
406 1421 642 1470 sublimes
680 1422 917 1484 petebant
958 1438 1199 1484 campum.
1262 1436 1426 1470 omnes
1465 1437 1609 1471 arma
1645 1423 1923 1482 requirunt:

226 1495 394 1544 nullus
433 1495 534 1543 fuit
572 1496 659 1558 qui
698 1511 837 1544 arma
878 1512 978 1544 non
1019 1497 1293 1559 quaereret.
1368 1497 1630 1559 inquisitio
1671 1511 1921 1544 armorum

227 1569 521 1618 ostendebat
572 1571 813 1618 maiorem
866 1570 1089 1618 certandi
1149 1569 1489 1632 cupiditatem.
1567 1570 1734 1618 nullus
1789 1570 1922 1618 enim

226 1643 425 1705 quaerit
471 1643 655 1691 armari
700 1644 799 1692 nisi
846 1644 932 1706 qui
980 1643 1220 1692 desiderio
1268 1643 1600 1692 dimicationis
1646 1643 1921 1706 inpellitur.

226 1717 430 1766 dicendo
480 1717 742 1780 requirunt
790 1733 956 1766 omnes
1008 1734 1147 1767 arma
1200 1717 1458 1766 confirmat
1511 1719 1661 1780 poeta
1714 1718 1922 1782 longum
1953 1732 1996 1765 20

224 1792 561 1840 interventum
599 1793 736 1854 pacis
767 1791 1108 1840 habendorum
1140 1807 1389 1839 armorum
1420 1807 1590 1840 curam
1621 1793 1920 1855 corrupisse3

227 1866 336 1927 quis
377 1865 509 1913 enim
538 1865 766 1914 habenda
796 1882 886 1927 per
915 1866 1074 1914 otium
1106 1866 1309 1926 diceret,
1350 1882 1476 1927 quae
1509 1868 1672 1915 essent
1701 1866 1918 1915 turbatis

224 1939 530 2002 temporibus
570 1938 881 1988 necessaria?
934 1954 1061 1999 pars
1100 1940 1217 1988 levis
1256 1941 1430 2000 clipeos
1462 1943 1506 1987 et
1533 1941 1725 2000 spicula
1756 1941 1920 1989 lucida

224 2016 427 2074 teryent:
459 2015 601 2061 erant
630 2016 798 2062 tamen
828 2014 1056 2061 nonnulli
1088 2015 1177 2076 qui
1206 2014 1446 2062 haberent
1477 2016 1618 2063 scuta
1648 2017 1698 2062 et
1729 2014 1919 2076 spicula

226 2087 347 2134 olim
398 2103 520 2149 pace
574 2089 799 2136 currente
849 2088 1094 2151 neglecta,
1143 2088 1264 2136 haec
1314 2090 1483 2136 tamen
1531 2088 1815 2152 tergebant,
1860 2090 1920 2136 ut
1949 2101 1991 2153 25

226 2160 537 2222 splendorem
567 2161 864 2223 reciperent,
904 2161 1139 2223 quoniam
1169 2162 1336 2226 fulgor
1367 2178 1619 2211 armorum
1649 2162 1918 2223 plurimum

226 2235 450 2284 hostibus
488 2236 690 2283 terroris
730 2237 968 2297 inportat.
1037 2237 1237 2292 arvina,
1277 2235 1463 2298 inquit,
1492 2237 1694 2297 pinqui,
1734 2238 1795 2283 ut
1833 2236 1916 2284 do-

227 2311 358 2357 ceret
396 2325 496 2372 qua
526 2310 687 2371 specie
727 2309 816 2357 fiat
853 2309 1084 2358 mundius
1117 2310 1317 2359 sermm.
1378 2310 1698 2370 subiquntque
1734 2310 1789 2357 in
1820 2313 1918 2358 cote

225 2383 434 2431 securis:
479 2385 529 2431 et
568 2383 700 2445 quod
737 2383 887 2431 fiebat
925 2385 1167 2445 expressit
1212 2386 1262 2431 et
1301 2383 1726 2447 quemadmodum
1757 2384 1916 2446 fieret,

226 2456 501 2520 subigentis
540 2458 672 2504 enim
709 2473 845 2505 more
884 2458 1081 2506 acuitur
1112 2459 1296 2520 species
1327 2457 1487 2506 multo
1519 2457 1648 2506 ferro
1680 2458 1914 2519 perfecta.
1947 2470 1989 2502 30

346 2633 371 2671 2
403 2630 620 2685 antiquae
652 2627 812 2671 caedro
844 2629 897 2671 ut
929 2632 1013 2672 178
1046 2627 1101 2672 V.
1223 2633 1249 2671 8
1281 2629 1688 2683 ‘ut—pervenirent
1719 2642 1807 2671 om.
1841 2627 1911 2671 ed.

229 2691 279 2730 11
313 2688 522 2732 inmultis
544 2686 586 2730 V
617 2688 821 2731 inmunis
852 2687 923 2730 ed.
1018 2692 1071 2730 12
1103 2701 1183 2732 nec
1213 2689 1340 2743 ipsae
1370 2692 1548 2731 vocaret
1571 2685 1612 2728 V
1634 2700 1716 2731 ‘nec
1737 2699 1914 2731 sevoca-

225 2751 293 2790 φεύ
334 2747 406 2790 ed.
537 2750 592 2789 13
634 2747 822 2790 incensa
862 2748 1134 2790 sumentium
1167 2746 1208 2789 V
1250 2748 1539 2791 incensarum
1580 2747 1797 2789 mentium
1841 2746 1911 2788 ed.

228 2810 283 2847 14
308 2806 481 2860 campis
502 2819 616 2861 pars
640 2819 727 2849 om.
746 2804 800 2848 V.
886 2810 939 2848 21
966 2807 1217 2861 cm·rupisse
1240 2805 1282 2849 V
1305 2805 1574 2861 corripuisse
1597 2804 1667 2847 ed.
1753 2808 1808 2846 25
1832 2818 1914 2848 rnec

227 2864 341 2907 lecta
371 2863 413 2906 V
451 2865 651 2921 ‘neglecta
684 2877 767 2907 nos
802 2865 975 2907 temere
1014 2867 1126 2907 mut.
1161 2866 1231 2908 ed.
1361 2868 1417 2907 26
1449 2863 1535 2919 quo'
1557 2884 1602 2899 =
1625 2864 1838 2919 quoniam
1874 2862 1912 2904 V

226 2923 443 2977 quomodo
475 2926 544 2979 (ut
575 2925 730 2980 saepe)
763 2923 834 2967 ed.
931 2927 986 2966 28
1019 2924 1304 2980 subiyintque
1331 2923 1483 2966 incute
1506 2921 1548 2964 V
1577 2923 1830 2979 subiyitque
1860 2923 1912 2966 in

227 2986 320 3025 cote
352 2982 422 3025 ed.
454 2983 754 3039 subiyuntque
784 2983 836 3026 in
867 2987 959 3026 cote
989 2996 1071 3026 nos
1105 2995 1164 3025 an
1195 2981 1386 3027 incude?
1419 2981 1475 3025 cf.
1503 2985 1601 3025 629.
