2078 3260
252 214 360 268 598
726 211 961 256 DONATI
990 211 1475 257 1NTERPR.VERG.

252 352 386 416 quod
416 352 618 403 volebat
647 351 777 400 effici
813 366 977 399 moras
1010 350 1223 413 adferre,
1261 367 1361 399 non
1400 352 1728 414 conpendium
1758 353 1946 416 potuit3

250 443 368 476 nam
407 429 647 491 sagittam
683 442 856 488 rapere
897 427 947 474 et
975 426 1080 473 lato
1120 441 1233 473 ense
1264 426 1461 488 penitus
1501 442 1663 475 secare
1702 427 1947 475 latebram

250 502 342 551 teli
364 504 688 566 augmentum
711 499 930 549 vulneris
954 499 1074 560 fuit,
1107 515 1165 547 ex
1197 501 1461 563 augmento
1484 499 1593 563 ipso
1621 502 1783 548 maior
1806 501 1947 550 dolor

251 578 301 624 et
330 576 469 639 longi
498 575 736 637 temporis
770 589 903 622 cura.
955 575 1117 622 totum
1147 573 1307 638 igitur
1337 575 1638 636 properanti,
1671 577 1727 622 ut
1758 574 1946 623 dictum

250 651 347 711 est,
387 648 692 699 contrarium
729 648 848 709 fuit,
887 648 975 696 sed
1005 649 1168 696 totum
1203 647 1449 711 redigitur
1487 649 1551 696 ad
1589 650 1812 697 animum
1849 650 1949 698 viri·
2000 663 2020 696 5

249 724 394 773 fortis
435 722 654 772 ardentis
691 721 744 769 in
774 722 982 783 bellum,
1023 723 1111 785 qui
1150 721 1343 771 dolores
1382 723 1541 772 omnis
1578 723 1764 771 fidebat
1802 739 1946 787 posse

183 797 187 800 ’
250 814 300 847 se
332 798 544 846 tolerare
580 798 630 844 et
656 796 850 846 vincere
883 795 1190 860 sustinendo,
1223 797 1266 844 si
1297 797 1486 860 sagitta
1517 798 1768 846 caruisset.
1823 799 1946 846 iam-

250 887 339 932 que
388 872 561 920 aderat
603 871 792 919 Phoebo
839 873 950 918 ante
1000 870 1124 918 alios
1171 870 1371 918 dilectus
1416 870 1604 932 Iapyx:
1654 874 1769 920 ante
1819 871 1946 920 alios

250 946 480 1007 dilectus,
519 947 634 1009 plus
675 945 882 993 dilectus
922 961 1075 1007 quam
1114 944 1224 1006 alii3
1263 960 1363 992 non
1402 946 1535 992 enim
1572 945 1733 994 solum
1763 944 1946 1009 Apollo

250 1020 504 1084 diligebat.
569 1019 789 1068 Iasides:
841 1018 945 1067 Iasi
995 1018 1141 1067 filius.
1211 1020 1316 1067 acri
1358 1019 1603 1079 quondam
1652 1020 1731 1068 cui
1776 1023 1947 1080 captus
1979 1034 2021 1065 ιο

250 1109 413 1143 amore
450 1095 554 1154 ipse
583 1108 703 1141 suas
742 1093 886 1149 artiS,
927 1107 1022 1140 sua
1050 1107 1258 1141 munera
1290 1093 1444 1141 laetus
1475 1091 1651 1152 Apollo
1683 1094 1947 1154 auyuriu‘m

147 1177 232 1216 395
250 1169 577 1228 citharamque
615 1168 767 1216 dabat
803 1167 1060 1226 celerisque
1096 1168 1311 1228 sayittas.
1366 1168 1467 1223 ille,
1507 1170 1563 1215 ut
1599 1167 1800 1228 depositi
1833 1182 1947 1228 pro—

248 1246 395 1303 ferret
447 1245 557 1302 fata
603 1242 848 1301 parentis,
911 1242 1034 1289 scire
1079 1244 1339 1300 potestates
1390 1242 1652 1289 herbarum
1710 1256 1948 1301 usumque

247 1317 471 1365 medendi
499 1317 676 1364 maluit
705 1319 748 1363 et
777 1319 938 1363 mutas
969 1316 1156 1376 aqitare
1184 1316 1423 1377 iuylorius
1454 1316 1600 1364 artis:
1637 1316 1770 1364 hunc
1800 1315 1945 1379 Iapy-

249 1407 362 1455 gem
401 1390 533 1454 quod
580 1391 796 1453 amplius
837 1406 987 1453 quam
1038 1392 1224 1438 ceteros
1263 1390 1447 1452 Apollo
1488 1389 1738 1454 diligeret,
1787 1391 1947 1438 voluit
1978 1403 2020 1436 15

249 1465 455 1515 diversis
489 1464 676 1513 artibus
709 1463 925 1525 erudire3
964 1463 1132 1525 potuit
1162 1465 1308 1524 enim,
1339 1466 1515 1526 utpote
1547 1465 1636 1527 qui
1659 1464 1944 1513 innumeras

247 1542 469 1588 noverat.
532 1554 670 1600 suas,
701 1539 888 1601 inquit,
922 1537 1065 1598 artis,
1101 1553 1191 1586 sua
1222 1554 1452 1586 munera:
1491 1539 1731 1600 quicquid
1763 1539 1946 1587 artium

247 1615 455 1663 noverat
488 1613 684 1676 optavit
713 1612 792 1660 illi
824 1612 1058 1672 conferre,
1089 1614 1147 1659 ut
1178 1611 1384 1660 scientia
1415 1612 1563 1660 simul
1595 1612 1674 1660 dei
1704 1612 1947 1676 gauderet

249 1691 299 1736 et
343 1704 544 1736 munere
591 1687 890 1748 haberetque
945 1685 1170 1734 divinum
1214 1685 1523 1747 beneficium,
1578 1686 1618 1734 si
1668 1687 1944 1735 doctrinam

248 1762 464 1810 numinis
502 1761 843 1824 plenissimam
871 1760 1117 1808 retineret.
1174 1760 1336 1808 laetus
1369 1759 1574 1822 Apollo:
1613 1760 1784 1809 multis
1824 1760 1945 1809 locis
1977 1775 2021 1806 20

247 1838 341 1885 hoc
380 1839 430 1884 et
467 1837 519 1883 in
558 1851 687 1883 nono
727 1835 855 1882 libro
893 1834 1113 1897 positum
1151 1835 1248 1895 est,
1298 1850 1533 1898 magnam
1579 1849 1683 1883 esse
1730 1836 1947 1898 gratiam

249 1911 440 1972 dantis,
480 1911 522 1958 si
561 1911 723 1958 laetus
764 1908 958 1971 aliquid
995 1909 1237 1971 praestet,
1276 1908 1380 1956 illic
1419 1909 1549 1956 enim
1582 1908 1710 1957 dixit
1749 1903 1823 1975 (9,
1852 1902 1945 1976 88)

250 1985 375 2045 „has
408 2001 499 2048 ego
531 1983 786 2042 Dardanio
818 1983 1002 2043 iuveni,
1042 1998 1153 2030 cum
1186 1982 1357 2031 classis
1390 1984 1576 2046 egeret,
1615 1984 1749 2031 laeta
1781 1982 1945 2031 dedi“.

248 2074 622 2120 nonnumquam
668 2059 799 2107 enim
847 2057 1023 2106 damus
1071 2055 1264 2119 aliquid
1311 2056 1462 2106 inviti
1499 2057 1800 2120 perindeque
1846 2073 1945 2105 non

249 2133 397 2193 laeti,
438 2148 549 2180 cum
589 2132 652 2180 ad
684 2131 902 2179 dandum
937 2130 1226 2179 necessitate
1260 2131 1451 2194 aliqua,
1490 2147 1589 2179 non
1629 2147 1792 2179 amore
1831 2147 1944 2180 con·
1976 2144 2018 2176 85

249 2206 494 2269 pellimur.
556 2205 738 2268 Apollo
780 2207 947 2253 autem
986 2205 1144 2252 laetus
1185 2205 1276 2252 hoc
1316 2206 1522 2266 fecerat,
1573 2206 1692 2267 quia
1729 2205 1944 2253 multum

250 2281 492 2328 dilexerat
528 2280 789 2343 Iapygem,
840 2283 897 2327 ut
936 2279 1140 2327 Aenean
1178 2281 1340 2326 mater
1379 2279 1539 2328 deum.
1615 2279 1790 2341 incipit
1828 2295 1943 2327 enu-

249 2371 437 2403 merare
493 2354 674 2416 quibus
730 2353 920 2402 artibus
976 2353 1157 2414 Apollo
1213 2352 1511 2413 abundaret,
1573 2354 1841 2416 augurium
1895 2355 1945 2400 et

251 2430 494 2477 citharam
543 2430 593 2476 et
642 2427 814 2476 celeris
865 2427 1101 2490 sagittaS,
1155 2426 1410 2475 scientiam
1459 2442 1655 2490 quoque
1710 2425 1942 2490 colligen-

251 2504 424 2551 dorum
478 2502 762 2550 futurorum
816 2503 866 2548 et
925 2500 1165 2548 musicam
1226 2502 1482 2562 artemque
1544 2500 1839 2548 chordarum
1894 2503 1944 2548 et
1974 2514 2016 2545 80

252 2575 666 2639 quemadmodum
697 2576 909 2639 sagittae
942 2574 1241 2637 dirigantur,
1273 2576 1331 2622 ut
1359 2575 1609 2623 destinata
1638 2575 1942 2637 percutiant:

251 2650 336 2699 sed
373 2651 458 2698 ille
497 2651 590 2698 hoc
628 2648 788 2713 magis
827 2648 969 2710 sequi
1006 2648 1207 2707 maluit,
1254 2650 1312 2696 ut
1349 2648 1562 2710 depositi
1599 2649 1691 2696 hoc
1731 2650 1805 2695 est
1841 2647 1943 2695 iam

251 2724 480 2773 morituri
511 2725 590 2773 vel
620 2724 804 2771 mortui
835 2723 994 2784 patris
1026 2722 1103 2770 sui
1134 2724 1302 2783 posset
1325 2722 1432 2770 fata
1462 2722 1515 2770 in
1539 2722 1741 2785 longum
1766 2720 1941 2769 ducere

372 2856 394 2893 1
440 2851 616 2904 adferri
650 2849 692 2893 V
728 2850 785 2893 ed
795 2849 827 2892 I.
966 2853 991 2891 8
1035 2849 1230 2894 delectus
1270 2848 1393 2891 infra
1435 2849 1624 2891 dilectus
1657 2846 1711 2891 V.
1766 2847 1768 2903 l
1826 2848 1942 2891 alios

252 2911 443 2954 dilectus
465 2909 506 2952 V
538 2911 655 2953 alios
686 2909 756 2952 ed.
873 2913 927 2951 14
959 2909 1151 2963 iapicem
1176 2908 1216 2951 V
1249 2907 1492 2963 sequentia
1523 2909 1696 2950 temere
1727 2907 1840 2949 mut.
1869 2906 1938 2949 ed.

255 2974 308 3012 16
340 2970 600 3012 innumeros
632 2968 701 3011 ed.
807 2972 862 3010 25
895 2967 1154 3011 addendum
1178 2967 1220 3010 V
1251 2967 1313 3010 ad
1343 2966 1547 3010 dandum
1578 2964 1650 3008 ed.
1755 2969 1807 3007 31
1835 2979 1940 3020 per-

252 3029 428 3071 cutiant
451 3026 493 3069 V
522 3027 695 3081 feriant
725 3026 795 3070 ed.
