2050 3226
130 1259 215 1300 655

235 149 306 202 98
710 145 943 190 DONATI
972 144 1254 189 INTERPR.
1278 144 1460 189 VERG.

236 301 411 347 equum
448 285 654 334 domitor
690 285 1040 344 debellatorque
1077 285 1322 344 ferarum:
1373 287 1428 332 in
1471 285 1678 347 pulchro
1725 301 1928 349 corpore

234 377 335 409 non
389 361 535 409 facile
587 361 755 422 potest
804 358 1012 422 reperiri
1063 357 1329 419 fortitudo,
1383 374 1510 421 quae
1561 361 1680 422 (11113
1729 359 1827 408 fuit
1875 361 1929 408 in

234 435 422 496 LauSO,
460 433 717 495 laudatur;
763 449 880 481 113111
927 433 1190 495 equitandi
1227 431 1448 481 studium
1487 435 1538 481 et
1574 434 1790 482 venandi
1827 434 1930 482 11116

234 524 340 558 6556
386 507 616 557 convenit
660 507 747 555 ubi
793 508 945 556 fuerit
977 508 1167 568 1111115,
1206 508 1261 555 at
1297 509 1350 554 111
1387 506 1553 555 Lauso
1590 507 1771 569 maior,
1811 507 1930 570 quia

235 597 389 647 equos
427 582 558 630 feros
597 581 796 630 domare
837 583 887 629 et
924 583 1069 643 aptos
1106 581 1341 630 humanis
1379 580 1553 630 usibus
1593 581 1783 630 efficere
1814 597 1928 630 con-

235 658 478 706 sueverat.
546 655 679 704 ducit
705 655 942 717 Aqyllina
971 655 1291 714 nequicquam
1329 669 1385 703 ex
1421 656 1541 704 urbe
1577 659 1762 704 secutos
1798 656 1930 704 mille

161 725 165 727 ’
232 732 388 780 viros:
436 730 548 786 ideo
595 731 949 792 nequicquam,
987 728 1108 791 quia
1145 745 1245 778 non
1285 730 1427 778 erant
1463 730 1674 778 evasuri.
1750 730 1928 791 diynus

225 805 409 867 patriis
447 805 530 864 qui
565 803 734 852 laetior
763 807 883 852 esset
911 803 1129 863 imperiis
1161 807 1203 851 et
1233 804 1311 851 cui
1334 807 1479 863 pater
1506 805 1626 852 haut
1654 804 1930 852 Mezentius

235 882 380 928 esset:
418 877 598 942 dignus
629 877 706 926 bis
738 877 1080 940 accipiendum
1113 879 1202 939 est,
1226 877 1405 941 dignus
1437 876 1527 939 qui
1556 879 1746 926 teneret
1768 877 1928 941 patris

232 953 519 1016 imperium,
567 951 745 1015 dignus
793 953 881 1014 qui
927 967 1026 999 non
1069 950 1316 1000 diceretur
1352 950 1594 1000 Mezentio
1633 954 1776 1014 patre
1815 968 1928 1015 pro-

233 1027 446 1091 genitus.
507 1025 779 1075 Mezentius
819 1026 1004 1088 quippe
1044 1040 1074 1072 3
1112 1025 1215 1074 51115
1255 1027 1440 1074 eiectus
1476 1028 1552 1074 est
1585 1028 1790 1088 propter
1820 1042 1928 1074 cru-

234 1102 494 1150 delitatem
530 1100 810 1149 inauditam
849 1102 900 1147 et
929 1099 1167 1162 profanus
1199 1100 1318 1162 fuit,
1349 1098 1542 1148 Lausus
1572 1115 1688 1149 vero
1720 1102 1928 1149 naturae

232 1174 447 1224 mitioris
488 1175 539 1222 et
575 1174 841 1238 religiosus
881 1176 930 1221 et
968 1174 1127 1222 fortiS.

350 1250 469 1297 Post
505 1251 612 1305 hos,
651 1248 706 1296 id
744 1250 820 1296 est
855 1250 972 1311 post
1001 1247 1300 1296 Mezentium
1331 1249 1381 1295 et
1411 1246 1655 1310 Lausum,
1689 1248 1930 1309 insignem

225 1324 402 1385 palma
431 1336 526 1383 per
559 1323 791 1383 qramina
830 1336 1027 1370 currum
1064 1323 1355 1383 victoresque
1386 1325 1590 1370 ostentat
1619 1336 1761 1382 equos
1791 1326 1929 1370 satus

232 1398 445 1446 Hercule
479 1397 683 1458 pulchro
714 1396 919 1456 pulcher
952 1396 1227 1444 Aventinus
1266 1396 1506 1455 clipeoque
1543 1397 1734 1457 insiqne
1764 1399 1929 1457 pater-

232 1486 354 1520 nwm
399 1474 587 1520 centum
633 1484 816 1531 anyues
863 1471 1159 1529 cinctamque
1201 1470 1326 1530 yerit
1361 1470 1664 1529 serpentibus
1700 1470 1928 1530 hydram:

233 1547 397 1607 venit,
433 1545 620 1607 inquit,
661 1546 813 1592 etiam
849 1544 1126 1593 Aventinus
1167 1543 1231 1592 ad
1268 1543 1476 1605 bellum,
1515 1544 1595 1592 hic
1633 1544 1764 1592 filius
1803 1543 1926 1592 Her-

234 1620 359 1668 culis
395 1619 514 1680 fuit,
545 1618 815 1667 vehebatur
847 1634 993 1666 curru
1025 1634 1136 1666 cum
1169 1618 1312 1681 signo
1344 1618 1540 1680 palmae
1571 1633 1707 1665 more
1740 1617 1929 1667 scilicet

232 1693 616 1756 triumphantis,
655 1694 855 1756 gestans
895 1692 1110 1754 clipeum
1149 1707 1260 1740 cum
1289 1691 1476 1754 hydrae
1508 1691 1839 1754 serpentibus,
1870 1695 1929 1741 ut

233 1770 327 1816 hoc
377 1783 554 1832 genere
606 1766 967 1815 demonstraret
1015 1766 1229 1830 gloriam
1277 1766 1458 1828 patris,
1505 1766 1594 1828 qui
1636 1781 1746 1814 eam
1785 1781 1927 1814 11663-

234 1843 375 1891 verat
426 1843 503 1891 tot
557 1840 805 1904 capitibus
858 1841 1113 1888 venenatis
1169 1841 1427 1888 armatam.
1515 1840 1649 1888 collis
1694 1838 1928 1888 Aventini

133 1926 218 1967 660
234 1917 361 1965 silva
392 1930 530 1976 quem
553 1915 693 1963 Rhea
722 1914 947 1962 sacerdos
976 1914 1215 1973 furtivum
1243 1917 1396 1974 partu
1426 1914 1516 1961 sub
1549 1913 1749 1962 luminis
1780 1914 1930 1962 edidit

235 2004 389 2039 auras
419 1991 573 2037 mixta
603 1989 688 2036 deo
718 1988 906 2044 mulier,
933 1991 1197 2047 postquam
1219 1987 1496 2036 Laurentia
1525 1989 1676 2036 victor
1708 1987 1928 2049 Geryone

235 2065 435 2112 extincto
462 2063 746 2123 Tirynthius
777 2062 933 2122 attiqit
963 2077 1087 2109 arva
1112 2062 1452 2122 Tyrrhenoque
1484 2063 1622 2110 boves
1650 2062 1704 2109 in
1726 2063 1927 2120 flumine

236 2138 356 2186 lavit
399 2138 640 2185 Hiberas:
700 2135 978 2184 Aventinus
1028 2135 1226 2197 quidem
1275 2136 1464 2199 gloriae
1514 2151 1665 2184 causa
1717 2136 1927 2197 hydram

236 2211 467 2276 gestabat
503 2210 557 2258 in
595 2209 776 2272 clipeo,
811 2213 869 2258 ut
898 2210 991 2257 hoc
1022 2209 1163 2273 518110
1195 2209 1355 2257 filium
1387 2225 1437 2258 se
1467 2209 1694 2257 Herculis
1727 2210 1925 2257 demon-

236 2287 441 2346 straret,
479 2283 566 2332 sed
603 2283 876 2332 ludibrium
909 2282 1083 2331 matris
1116 2284 1208 2331 1106
1239 2299 1415 2347 genere
1446 2283 1771 2345 prodebatur,
1809 2299 1927 2331 nam

234 2360 364 2407 hanc
400 2359 566 2407 Rheae
613 2357 943 2406 sacerdotium
988 2357 1348 2419 praeferentem
1386 2359 1557 2419 stupro
1596 2357 1832 2405 Hercules
1872 2358 1925 2404 in

235 2433 485 2482 Aventino
523 2435 690 2479 monte
730 2432 963 2494 adpetiit,
1000 2431 1130 2479 unde
1161 2430 1399 2480 Aventini
1435 2431 1599 2479 tenuit
1628 2446 1806 2479 nomen
1837 2430 1926 2493 qui

236 2508 371 2556 furto
422 2507 684 2568 conceptus
737 2521 794 2553 36
842 2505 974 2553 furto
1022 2505 1182 2553 editus
1229 2507 1380 2567 atque
1427 2505 1645 2553 nutritus
1684 2504 1925 2553 relatione

238 2581 479 2629 didicerat
516 2579 691 2628 matris
723 2594 822 2640 quo
854 2581 983 2628 esset
1014 2582 1215 2628 auctore
1247 2581 1519 2642 susceptus.
1580 2579 1727 2627 datur
1758 2580 1925 2627 autem

237 2656 460 2718 signum,
508 2655 567 2702 ut
617 2655 858 2716 appareat
906 2655 1099 2715 tempus
1148 2669 1244 2715 quo
1293 2653 1566 2702 admissum
1611 2654 1687 2700 est
1725 2652 1923 2713 crimen,

237 2731 377 2790 tunc,
429 2728 615 2790 inquit,
670 2727 869 2789 quando
923 2725 1146 2789 Geryone
1200 2728 1416 2775 extincto
1476 2743 1565 2788 per
1617 2725 1923 2774 Aventinum

358 2902 385 2941 8
409 2903 490 2942 aut
512 2911 595 2953 pro
619 2898 733 2942 haut
747 2896 800 2940 V.
886 2901 940 2939 21
966 2902 1209 2953 neyaverat
1223 2897 1264 2941 V
1288 2898 1561 2942 contriverat
1582 2895 1654 2940 ed.
1739 2899 1794 2938 24
1819 2907 1924 2939 oras

238 2970 322 3013 pro
355 2971 496 3001 auras
520 2957 573 3001 V.
697 2960 750 2999 32
785 2957 923 3000 datur
945 2955 986 2998 V
1016 2961 1206 3000 testatur
1237 2956 1308 2999 ed.
1431 2960 1487 2999 33
1518 2955 1638 3012 quod
1659 2953 1702 2998 V
1732 2967 1818 3010 quo
1850 2953 1920 2997 ed.

1962 966 2004 999 10

1961 1335 2001 1368 15

1959 1706 2002 1739 20

1958 2075 2000 2107 25

1955 2444 2000 2476 30
