2050 3226
158 199 267 253 300
630 196 862 242 DoNATI
890 196 1171 240 mTERPR.
1195 194 1376 240 VERG.

157 335 312 386 studii
359 339 540 386 veteris
588 336 642 385 in
692 338 966 386 ceterorum
1017 336 1240 385 sensibus
1278 333 1656 384 remansurum?
1730 335 1846 385 hinc

155 411 313 475 igitur
342 411 547 460 Iunonis
577 413 792 460 mentem
822 411 963 460 furor
990 410 1266 471 invaserat,
1297 409 1417 472 quia
1447 410 1606 458 solam
1637 409 1844 458 Veneris

155 485 396 550 tangebat
431 485 645 547 invidia,
685 485 947 534 accedente
986 500 1042 532 eo
1093 499 1313 546 quoque,
1360 483 1494 546 quod
1537 483 1602 531 iri
1647 482 1846 533 obviam

157 560 344 623 coeptis
385 560 509 621 suis,
549 575 676 623 quae
713 558 883 621 inique
923 560 1229 621 susceperat,
1276 557 1642 620 considerabat,
1679 557 1846 621 ipsum

157 633 310 682 etiam
357 632 527 682 Iovem
573 632 825 695 aequitate
874 631 1063 690 victum
1111 648 1203 696 pro
1250 631 1580 680 Troianorum
1618 631 1845 695 partibus

155 707 333 756 facere.
410 723 498 756 cur
542 723 643 756 non
687 707 876 755 fureret
914 722 1042 769 quae
1081 721 1232 755 ausus
1271 721 1387 755 suos
1441 721 1541 754 non
1591 706 1848 754 sinebatur

155 781 380 845 inplere}>
434 797 521 830 cur
550 797 649 830 non
681 781 871 829 fureret
903 797 1028 844 quae
1059 780 1215 829 libera
1237 779 1444 828 Veneris
1475 795 1593 829 voce
1619 780 1848 844 gemebat

157 870 208 904 se
247 871 351 904 esse
397 854 766 918 contemptam?
854 854 976 917 quid
1024 855 1193 903 tamen
1246 854 1382 903 dicat
1434 853 1847 903 considerandum

153 931 253 993 ⁷est3
291 931 345 977 in
390 930 549 992 ipsius
597 928 729 976 enim
776 928 1094 991 responsione
1134 929 1440 978 obiectorum
1477 929 1712 992 purgatio
1752 929 1847 977 erit

155 1006 205 1052 et
252 1003 306 1051 in
346 1003 552 1052 Veneris
603 1005 654 1052 et
701 1004 754 1051 in
805 1003 1132 1052 Troianorum
1180 1018 1443 1066 personam
1491 1017 1634 1050 omne
1684 1001 1846 1051 crimi-

155 1076 372 1126 nationis
410 1077 728 1127 revocabitur
765 1078 973 1140 pondus.
1027 1093 1136 1126 ecce
1169 1078 1412 1140 quantum
1443 1077 1634 1139 profuit
1663 1075 1847 1125 Veneri

154 1168 255 1200 non
292 1167 454 1215 pauca
499 1151 701 1213 dixisse,
749 1151 868 1215 quia
904 1152 1066 1200 multa
1103 1151 1276 1214 paucis
1318 1151 1417 1199 dici
1453 1166 1554 1198 non
1591 1152 1847 1213 poterant3

155 1227 410 1275 occasione
443 1227 626 1289 quippe
659 1227 859 1288 arrepta
890 1226 1088 1275 concilii
1119 1241 1362 1289 angorum
1391 1227 1616 1274 veterum
1640 1225 1847 1274 collecta

155 1301 405 1364 congeries
444 1301 597 1349 semel
642 1300 882 1348 debuerat
927 1300 1132 1362 effundi,
1179 1315 1307 1362 quae
1351 1298 1551 1362 penitus
1599 1300 1847 1348 aemulam

153 1376 377 1423 mitteret
412 1373 466 1422 in
504 1374 735 1422 furorem.
812 1375 930 1434 qaid
965 1389 1040 1422 me
1079 1375 1182 1422 alta
1219 1374 1414 1422 silentia
1452 1374 1579 1434 coyis
1624 1388 1848 1434 rumpere

155 1451 199 1496 et
249 1449 505 1497 obductam
556 1449 716 1497 verbis
767 1449 970 1509 valyare
1022 1449 1265 1496 dolorem?
1348 1447 1492 1495 duxit
1547 1448 1848 1511 principium

56 1540 73 1547 ·
153 1538 365 1585 persona
415 1538 526 1584 sua,
579 1539 729 1585 quam
779 1523 968 1572 sciebat
1017 1523 1161 1586 gravi
1213 1521 1406 1571 invidia
1459 1521 1706 1583 laborare,
1762 1523 1846 1570 ad·

154 1612 319 1645 serens
370 1614 520 1659 quam
568 1613 669 1646 non
718 1596 894 1645 habuit
942 1596 1289 1646 verecundiam
1338 1598 1388 1643 et
1437 1611 1646 1659 gravare
1692 1612 1750 1644 ex
1789 1612 1846 1644 eo

153 1671 356 1734 cupiens
388 1671 652 1733 Venerem,
685 1687 811 1734 quae
844 1687 895 1719 se
927 1671 1122 1719 dicebat
1151 1669 1414 1733 provocari
1441 1670 1495 1717 in
1526 1670 1848 1732 conloquium

153 1745 408 1809 publicum
448 1748 498 1794 et
536 1761 737 1794 causam
778 1745 936 1794 dicere
969 1761 1192 1808 quaeque
1222 1746 1499 1793 monstrare
1531 1760 1582 1792 se
1614 1744 1848 1807 cupiebat

153 1820 431 1868 modestam
480 1821 530 1867 et
577 1835 840 1882 personam
876 1819 1083 1867 Veneris
1138 1819 1453 1881 provocantis
1507 1818 1845 1881 inpudentem.

157 1893 297 1956 quid,
336 1893 524 1955 inquit,
562 1910 642 1942 me
673 1909 911 1956 provocas
943 1891 1117 1955 loqui?
1172 1892 1294 1954 quid
1329 1908 1476 1956 urges
1507 1892 1561 1940 in
1594 1893 1847 1955 publicum

154 1967 374 2030 proferre
414 1968 548 2030 quod
585 1968 859 2016 verecundo
899 1967 1098 2016 silentio
1138 1966 1416 2015 diutissime
1456 1966 1647 2029 pressi?
1717 1983 1846 2030 quae

154 2041 376 2104 profecto
424 2042 586 2090 adhuc
632 2042 855 2091 sensibus
900 2041 1187 2102 retinerem,
1233 2040 1332 2090 nisi
1377 2042 1505 2089 esset
1551 2041 1735 2089 crimen
1771 2041 1845 2088 in-

154 2115 399 2179 pudenter
429 2115 622 2164 obiecta
652 2132 751 2163 non
781 2116 1024 2164 refutasse
1054 2130 1306 2178 responso.
1358 2114 1490 2178 quod
1522 2115 1595 2164 ait
1623 2131 1723 2176 me,
1754 2115 1847 2164 hoc

155 2189 354 2238 videtur
375 2189 622 2253 tetigisse:
646 2207 722 2238 me
746 2189 1090 2251 verecundam,
1107 2206 1185 2237 me
1207 2188 1416 2237 iniurias
1434 2189 1846 2250 dissimulantem,

154 2280 232 2312 me
261 2263 517 2312 inimicam
547 2264 685 2312 nulli.
753 2280 981 2327 rumpere
1012 2279 1209 2326 quoque
1240 2279 1340 2311 non
1373 2264 1590 2311 inaniter
1627 2262 1847 2326 positum

155 2341 252 2400 est3
304 2338 422 2386 hinc
474 2337 605 2385 enim
652 2341 900 2386 monstrat
952 2339 1091 2388 velut
1144 2338 1433 2400 conpulsam
1487 2352 1538 2385 se
1598 2336 1736 2398 loqui
1797 2339 1848 2385 et

157 2415 380 2461 coactam
424 2412 740 2474 respondere3
789 2412 1040 2474 rumpitur
1090 2413 1275 2474 quippe
1303 2410 1563 2474 ,quicquid
1611 2426 1847 2474 magnam

275 2544 300 2582 3
348 2539 563 2596 tanyebat
599 2538 684 2581 VR
725 2539 908 2583 timebat
949 2538 1021 2582 ed.
1080 2539 1084 2597 Ι
1141 2538 1368 2583 invidiam
1413 2537 1690 2581 accedentem
1729 2536 1800 2580 ed.
1837 2536 1842 2595 Ι

156 2599 275 2654 quod
314 2612 402 2642 om.
436 2597 509 2642 ed.
547 2598 698 2654 magis
743 2598 949 2653 corrupit
989 2598 1059 2642 ed.
1092 2599 1212 2654 post.
1344 2601 1372 2640 4
1411 2597 1577 2652 coeptis
1613 2604 1717 2639 suos
1746 2595 1844 2639 VR.

158 2662 182 2700 6
214 2658 383 2712 fureret
413 2672 526 2713 quae
557 2656 642 2700 VR
681 2656 853 2711 faceret
882 2658 957 2700 eui
989 2657 1060 2700 ed.
1113 2660 1116 2714 ἱ
1171 2670 1308 2701 ausos
1337 2655 1392 2699 V.
1445 2654 1449 2711 1
1506 2655 1741 2699 sinebatwr
1762 2654 1847 2698 VR

150 2717 496 2772 permittebatur
534 2716 604 2760 ed.
730 2720 753 2758 7
793 2717 963 2770 faceret
1000 2716 1072 2759 ed.
1125 2715 1129 2774 ξ
1180 2716 1324 2760 libera
1354 2714 1395 2757 R
1437 2714 1591 2758 liberis
1613 2713 1700 2757 VH
1739 2714 1846 2758 libe-

156 2777 255 2820 rius
287 2775 376 2819 OU
408 2776 479 2819 ed.
603 2779 628 2818 9
659 2775 712 2819 in
743 2788 830 2819 om.
857 2775 927 2818 ed.
1051 2779 1106 2818 13
1138 2775 1318 2819 consilii
1340 2773 1425 2817 VR
1456 2772 1527 2817 ed.
1573 2773 1576 2831 Ι
1625 2786 1847 2830 anglorum

156 2833 241 2877 VR
282 2840 650 2891 aryamentoram
692 2833 763 2878 ed.
815 2834 820 2892 Ι
871 2834 1078 2879 collectae
1108 2833 1193 2878 VR
1225 2847 1338 2877 corr.
1372 2832 1443 2876 ed.
1578 2837 1633 2875 14
1675 2832 1848 2876 deberet

156 2893 242 2936 VR
273 2893 344 2938 ed.
469 2899 523 2937 16
563 2894 686 2938 dixit
722 2893 793 2937 ed.
926 2898 977 2936 17
1014 2907 1215 2949 persona
1237 2892 1322 2936 VR
1360 2891 1436 2948 (cf.
1471 2894 1511 2945 5,
1546 2895 1631 2935 634
1664 2893 1712 2935 et
1743 2892 1845 2946 650)

158 2966 213 2996 ex
243 2966 443 3008 persona
481 2953 552 2996 ed.
675 2958 731 2997 26
762 2966 830 2996 me
860 2953 1158 2997 verecwndam
1188 2952 1230 2995 R
1267 2964 1335 2996 me
1363 2950 1683 2995 verecumdiam
1707 2949 1748 2993 V
1779 2963 1847 2994 me

159 3025 245 3055 om.
273 3011 343 3057 ed.
437 3016 493 3055 28
518 3013 638 3056 enim
669 3026 757 3056 om.
784 3011 855 3055 ed.

1900 643 1920 676 ὅ

1878 1014 1921 1047 10

1879 1387 1920 1420 15

1879 1758 1922 1791 20

1878 2127 1920 2160 25
