2050 3226
189 186 298 240 396
664 179 896 228 DONATI
925 183 991 227 IN
993 183 1206 227 TERPR.
1231 182 1410 238 VERG.

191 324 385 384 infelioe,
425 338 557 372 uumc
594 323 689 372 alte
725 323 906 372 vulnus
945 323 1198 371 adactmu:
1234 321 1447 371 huncine
1484 323 1661 372 habuit
1699 324 1885 372 exitum

193 413 298 446 sors
344 413 455 446 mea
503 399 554 446 et
591 400 820 460 optatum
857 396 1057 446 vivendi
1095 395 1431 445 desiderium?
1490 398 1624 445 hunc
1662 397 1887 446 ordinem
1974 431 1979 433 -

190 473 375 534 tenuit,
407 475 466 520 ut
494 471 669 520 infelix
697 474 840 534 pater
869 487 959 533 per
987 471 1061 518 fili
1093 486 1316 519 servarer
1343 470 1637 520 interitum?
1677 487 1704 520 o
1737 473 1887 520 miser

192 546 313 595 ordo
336 545 602 595 moriendi:
625 546 738 594 vivo
757 561 902 607 quem
919 545 1137 607 priorem
1160 547 1459 594 convenerat
1479 546 1607 594 mori
1624 547 1675 593 et
1696 546 1888 594 interiit

193 620 281 682 qui
319 635 571 683 superesse
611 619 850 667 debuerat
886 618 1035 680 patri.
1089 634 1258 668 servor
1286 619 1459 667 infelix
1489 636 1578 682 per
1606 619 1680 666 fili
1717 619 1887 668 interi-

159 749 163 752 ,
191 696 298 742 tum
339 697 390 742 et
418 695 575 742 letum
614 693 858 742 carissimi
888 692 1113 757 pignoris
1144 693 1499 756 inpudentibus
1536 694 1692 742 oculis
1725 709 1885 742 cerno.

193 783 284 832 ego
316 767 416 817 ista
445 767 749 816 miserrimus
781 766 877 815 feci
908 769 958 815 et
986 768 1178 815 malum
1216 783 1358 816 omne
1392 767 1527 831 quod
1557 768 1737 816 aetatis
1768 770 1887 816 tuae

191 842 300 890 fata
339 842 531 904 dirupit
570 857 661 905 ego
701 841 927 890 conflavi.
973 857 1073 889 non
1103 843 1154 889 te
1185 840 1395 889 sinerem
1427 857 1539 889 cum
1568 843 1708 890 tanto
1743 843 1885 891 hoste

192 918 380 965 certare
419 918 468 964 et
500 914 562 964 ab
592 916 759 978 inpari
789 931 960 979 pugna
991 915 1184 964 cautior
1213 931 1509 964 revocarem.
1563 931 1591 963 o
1629 916 1888 965 hominum

191 989 474 1038 miseranda
513 989 759 1051 condicio,
798 992 1135 1053 praesentium
1173 1005 1339 1051 caeca,
1378 989 1546 1038 nescia
1582 989 1887 1039 futuroruml

193 1064 237 1113 si
273 1064 506 1113 hostilem
543 1063 788 1126 impetum
825 1065 1162 1127 virtutemque
1201 1065 1469 1124 nescieras,
1518 1063 1678 1112 facere
1716 1066 1767 1112 te
1805 1064 1886 1112 de·

191 1138 369 1186 buerat
413 1153 524 1186 mea
570 1138 830 1187 calamitas
878 1139 1167 1186 cautiorem.
1229 1139 1397 1202 pergis
1446 1153 1546 1186 non
1596 1137 1887 1187 defensurus

191 1213 408 1275 patrem,
440 1213 526 1260 sed
555 1228 646 1275 pro
677 1215 820 1275 patre
850 1214 1138 1261 moriturus.
1189 1211 1271 1260 cui
1302 1211 1463 1260 adhuc
1493 1227 1663 1261 servor
1699 1213 1888 1274 infelix,

193 1286 273 1334 cui
296 1302 396 1335 non
427 1286 629 1335 vivendi
659 1287 914 1349 voluptas,
955 1303 1082 1349 quae
1112 1288 1166 1334 in
1195 1289 1246 1334 te
1276 1287 1625 1334 tantummodo
1649 1287 1768 1349 fuit,
1804 1287 1890 1336 sed

191 1361 357 1409 luctus
398 1361 612 1409 accrevit
650 1362 701 1409 et
738 1360 933 1423 poena?
978 1362 1101 1409 haec
1140 1362 1215 1409 est
1252 1361 1401 1409 sortis
1439 1376 1577 1408 meae
1616 1361 1769 1425 plaga
1807 1360 1888 1409 de-

191 1435 367 1496 terior,
398 1435 491 1483 hoc
514 1434 986 1498 perniciosissimum
1019 1436 1224 1496 vulnus,
1264 1435 1400 1497 quod
1430 1435 1623 1482 nullum
1649 1435 1888 1497 temporis

193 1508 432 1571 spatium,
479 1509 619 1557 nulla
657 1511 824 1572 potest
871 1508 1118 1557 medicina
1164 1525 1355 1558 sanare.
1416 1508 1602 1557 insedit
1646 1510 1799 1557 altius
1839 1510 1889 1557 et

191 1584 301 1631 tota
331 1584 529 1645 penitus
561 1584 758 1631 interna
780 1583 1015 1646 possedit,
1037 1583 1163 1631 nihil
1183 1582 1352 1630 dolore
1377 1585 1453 1630 est
1474 1598 1704 1644 vacuum,
1723 1585 1888 1631 totum

191 1656 409 1705 luctibus
440 1657 599 1705 fetum
630 1661 727 1719 est,
763 1659 928 1706 totum
966 1657 1063 1706 sibi
1094 1656 1322 1705 orbitatis
1351 1655 1540 1704 duritia
1569 1657 1887 1719 mancipavit.

190 1731 319 1779 idem
351 1745 446 1792 690,
479 1735 605 1788 uate,
637 1735 776 1779 tuum
803 1731 1052 1780 maculavi
1082 1731 1283 1779 crimine
1312 1745 1510 1778 nomeu:
1540 1747 1630 1779 nec
1652 1747 1730 1779 me
1753 1731 1889 1795 fugit

191 1805 322 1852 male
347 1807 489 1869 gesta
511 1821 622 1854 mea
654 1807 704 1854 et
735 1805 965 1854 obrutam
994 1805 1168 1853 multis
1199 1805 1489 1853 criminibus
1519 1805 1678 1853 vitam
1709 1820 1888 1854 nomen

191 1879 337 1926 tuum
375 1882 425 1927 et
462 1880 799 1928 innocentiam
835 1880 1125 1929 maculasse.
1186 1879 1366 1942 incipit
1402 1879 1504 1926 iam
1554 1894 1728 1928 causas
1769 1895 1887 1928 enu-

191 1967 380 2000 merare
419 1953 598 2015 quibus
638 1953 710 2001 fili
749 1955 829 2002 sui
867 1955 1000 2002 salus
1032 1953 1285 2003 videretur
1323 1968 1580 2016 oppressa:
1612 1953 1791 2013 pulsus
1829 1954 1887 2002 ob

191 2027 433 2075 iuvidiam
477 2028 596 2075 solio
642 2028 933 2088 sceptrisque
977 2029 1224 2088 paternis:
1276 2028 1524 2088 exclusus,
1579 2027 1673 2089 ait,
1722 2026 1887 2090 patrio

192 2116 345 2164 regno
368 2117 458 2162 per
480 2101 722 2150 invidiam
745 2101 942 2151 civium.
1000 2117 1114 2150 cum
1148 2102 1270 2150 dicit
1299 2101 1557 2163 invidiam,
1581 2103 1693 2150 vult
1724 2104 1886 2150 osten-

194 2174 306 2222 dere
346 2190 445 2222 non
493 2190 543 2223 se
590 2177 827 2224 meruisse
868 2191 994 2239 quae
1032 2191 1207 2239 passus
1248 2178 1336 2225 est.
1399 2176 1660 2224 debueram
1690 2176 1888 2234 patriae

184 2262 374 2308 poenas
413 2249 629 2308 odiisque
665 2263 906 2297 meorum:
944 2253 1053 2312 aut,
1094 2251 1138 2299 si
1169 2250 1298 2298 iuste
1330 2249 1534 2312 petebar
1565 2249 1628 2297 ad
1659 2264 1886 2311 poenam,

192 2322 388 2370 tradere
426 2339 504 2370 me
543 2323 798 2385 suppliciis
838 2323 1000 2372 debui.
1055 2325 1152 2372 duo
1192 2326 1353 2372 latera
1390 2322 1583 2387 tetigit:
1630 2325 1718 2370 aut
1759 2323 1887 2370 nihil

194 2396 389 2446 adversi
427 2395 486 2444 de
526 2396 714 2445 civibus
752 2399 914 2445 merui
952 2401 1063 2459 aut,
1103 2397 1146 2446 si
1177 2398 1330 2462 digna
1362 2397 1732 2460 repetebantur,
1772 2411 1884 2444 con-

192 2473 387 2519 tentum
418 2485 522 2519 esse
554 2473 871 2533 conveneratr,
910 2487 1009 2520 non
1041 2472 1172 2520 enim
1202 2472 1469 2521 vivendum
1499 2471 1597 2519 fuit
1628 2485 1739 2518 cum
1771 2469 1885 2519 odio

313 2646 338 2684 2
371 2655 489 2686 mors
519 2655 619 2686 mea
641 2640 683 2685 V
708 2641 779 2685 ed.
873 2645 898 2684 3
930 2642 1165 2686 interitum
1195 2646 1450 2686 servaretur
1477 2639 1548 2684 ed.
1634 2646 1661 2683 4
1692 2641 1886 2685 morien-

194 2700 251 2744 do
282 2700 324 2743 V
356 2715 469 2744 corr.
504 2701 575 2744 ed.
619 2700 624 2758 Ι
671 2714 748 2758 eyo
789 2702 897 2743 ante
936 2715 1065 2756 quem
1105 2701 1212 2744 add.
1246 2701 1317 2744 ed.
1363 2701 1366 2758 Ι
1413 2700 1571 2744 interii
1592 2698 1634 2741 V
1666 2713 1778 2743 corr.
1813 2698 1885 2743 ed.

195 2764 219 2802 7
253 2773 330 2816 eyo
354 2759 396 2802 V
426 2765 517 2804 esto
549 2759 620 2803 ed.
736 2763 762 2803 8
793 2759 1015 2815 dirripuit
1045 2774 1157 2804 corr.
1191 2760 1240 2803 in
1271 2760 1508 2814 dirrupuit
1528 2757 1571 2800 V
1594 2759 1792 2814 diripuit
1814 2759 1885 2802 ed.

195 2822 220 2860 9
247 2832 408 2875 puyua
439 2818 481 2862 V
506 2833 555 2874 p.
582 2824 622 2863 te
654 2818 727 2863 ed.
836 2822 891 2861 10
922 2820 1101 2863 condici
1128 2819 1182 2863 V.
1291 2822 1346 2861 15
1370 2819 1512 2874 placa
1534 2816 1590 2860 V.
1699 2822 1752 2861 16
1780 2831 1886 2873 per-

194 2878 539 2921 nitiosissimum
556 2877 610 2921 V.
690 2881 744 2921 18
769 2882 979 2922 totum—
999 2882 1052 2920 19
1079 2879 1358 2934 mancipavit
1381 2890 1468 2920 om.
1488 2876 1557 2920 ed.
1638 2881 1691 2919 21
1717 2881 1886 2933 gestam

193 2949 337 2980 meam
369 2936 439 2979 ed.
533 2941 588 2979 22
621 2950 881 2980 enumerare
905 2935 946 2979 V
977 2938 1218 2982 criminari
1248 2936 1319 2981 ed.
1413 2939 1468 2978 25
1500 2935 1667 2980 civium
1699 2949 1785 2979 om.
1812 2935 1884 2980 ed.

196 2997 250 3036 29
284 3000 582 3051 contemptum
607 2995 649 3038 V
681 3000 936 3040 contentum
969 2995 1039 3039 ed.

1919 1003 1962 1036 10

1921 1373 1962 1408 15

1919 1744 1962 1778 20

1918 2115 1961 2148 25

1918 2483 1961 2516 30
