2050 3226
45 964 89 996 10

45 1334 87 1367 1⁶

42 1706 86 1739 80

41 2075 84 2109 25

758 139 1063 186 AENnmos
1093 139 1180 185 ΧΠ
1707 144 1814 199 551

125 283 348 330 Turnum
385 281 729 330 excarnificare
768 282 1036 345 potuisset,
1078 280 1123 330 si
1159 281 1431 345 permittis,
1475 281 1662 345 inquit,
1707 282 1818 333 dico

125 359 176 405 et
211 358 403 405 remota
441 357 782 404 circumitione
819 358 1111 418 remotaque
1150 355 1359 420 ambage
1396 371 1474 404 res
1513 371 1613 404 non
1643 357 1820 407 leviter

123 429 450 479 transeundas
499 430 663 479 verbis
714 431 899 492 aperio.
974 430 1123 478 facile
1171 429 1304 478 enim
1350 429 1584 493 sperabat
1627 447 1742 479 eum
1787 448 1820 481 a

123 503 389 554 certamine
429 505 630 553 avocari
659 519 826 568 posse,
864 503 909 553 si
938 503 1214 553 evidentius
1245 503 1395 553 sciret
1425 504 1558 568 quod
1589 505 1819 554 coniunc-

122 579 310 628 tionem
347 577 587 628 Laviniae
625 581 741 642 post
779 578 1051 641 quemlibet
1096 580 1328 627 eventum
1373 594 1474 628 non
1512 581 1642 628 esset
1677 579 1819 627 habi·

122 656 279 703 turus,
355 653 478 701 haec
517 655 635 702 sunt
673 669 801 717 quae
839 652 963 700 dixit
999 653 1125 700 haut
1164 652 1364 715 mollia,
1415 653 1534 715 quia
1571 670 1672 702 non
1712 655 1820 703 erat

121 727 270 776 molle
311 729 528 776 tractare
572 727 631 775 de
681 727 813 776 votis
850 726 982 775 filiae
1033 729 1083 775 et
1130 727 1209 775 illi
1247 727 1427 775 durum
1476 743 1580 776 esse
1619 729 1820 790 poterat

121 802 257 863 quod
294 804 469 850 contra
508 818 646 864 spem
689 802 852 850 fuerat
898 802 1202 865 cogniturus.
1279 801 1344 849 ad
1380 801 1475 850 hoc
1511 803 1732 864 pertinet
1768 804 1820 851 et

120 877 226 924 sine
256 883 368 937 me,
388 879 447 924 ut
478 877 623 938 quasi
646 892 703 924 ex
733 876 871 924 illius
901 875 1144 938 permissu
1176 874 1423 924 diceretur
1453 876 1586 938 quod
1615 876 1820 926 nolebat

121 949 308 998 audire.
384 951 534 999 simul
571 951 663 999 hoc
702 950 868 998 animo
906 950 1057 998 hauri
1093 951 1357 1013 propterea
1408 949 1689 999 adhibitum
1727 953 1818 1013 est,

120 1024 254 1086 quod
293 1024 495 1073 difficile
533 1026 698 1073 fuerat
735 1024 999 1072 admittere
1035 1023 1089 1071 in
1120 1025 1343 1072 animum
1373 1040 1483 1072 eam
1517 1026 1692 1089 negari
1723 1024 1820 1074 sibi

119 1114 209 1161 pro
250 1099 390 1147 cuius
431 1114 598 1148 amore
628 1099 830 1148 volebat
868 1101 918 1146 et
946 1099 1087 1146 mori.
1137 1113 1212 1146 me
1249 1102 1421 1146 natam
1450 1099 1576 1146 nulli
1605 1102 1819 1148 veterwm

118 1173 304 1221 sociare
332 1187 596 1233 procorum
634 1176 717 1233 fas
755 1176 860 1221 erat
894 1173 1040 1232 idque
1081 1186 1245 1220 omnes
1283 1173 1477 1232 divique
1512 1173 1818 1234 hominesque

119 1248 380 1295 canebant:
425 1247 534 1311 agit
572 1263 773 1296 causam
820 1262 964 1295 suam
1002 1246 1139 1309 apud
1180 1263 1295 1295 eum
1334 1263 1483 1309 quem
1521 1263 1550 1294 a
1587 1248 1817 1296 coniunc-

117 1322 253 1369 tione
277 1321 482 1384 propria
510 1322 704 1371 ratione
727 1322 896 1385 potius
922 1320 1119 1369 reddita
1143 1337 1294 1384 quam
1325 1322 1626 1370 auctoritate
1656 1323 1815 1384 patris

118 1395 318 1444 volebat
356 1395 627 1444 excludere.
702 1396 931 1459 nuptias,
969 1396 1154 1457 inquit,
1198 1394 1329 1444 filiae
1367 1411 1506 1444 meae
1543 1412 1817 1459 numquam

117 1471 175 1516 ut
211 1471 379 1532 patres
420 1471 572 1518 ceteri
601 1469 756 1518 habui
793 1471 847 1517 in
877 1471 1126 1532 potestate
1164 1485 1299 1531 mea3
1335 1470 1514 1517 harum
1550 1470 1682 1518 enim
1720 1470 1818 1519 sibi

116 1542 356 1592 iudicium
394 1545 600 1592 numina
637 1545 956 1594 vindicarunt
992 1559 1093 1592 non
1132 1544 1321 1591 occulte
1358 1559 1448 1592 nec
1487 1543 1648 1592 dubie.
1699 1561 1817 1593 nam

118 1621 168 1666 et
203 1617 316 1680 ipsa
362 1618 684 1668 ostenderunt
731 1617 852 1682 quid
897 1618 1085 1667 vellent
1130 1618 1313 1680 quidve
1364 1620 1493 1667 esset
1542 1617 1817 1667 curandum

117 1694 168 1740 et
205 1694 377 1741 vatum
417 1693 639 1742 omnium
676 1707 941 1742 consensus
980 1692 1192 1741 edocuit.
1260 1693 1355 1741 hoc
1392 1691 1576 1741 idcirco
1617 1692 1815 1755 dicitur,

115 1768 175 1814 ut
203 1766 332 1814 illud
360 1782 503 1815 omne
527 1767 661 1830 quod
689 1767 909 1832 negabat
932 1767 1182 1816 adsereret
1203 1782 1303 1814 non
1335 1782 1469 1828 suae,
1500 1765 1585 1815 sed
1610 1767 1816 1816 deorum

116 1855 222 1888 esse
261 1841 535 1890 sententiae
574 1857 632 1890 ac
669 1858 757 1904 per
793 1842 887 1890 hoc
926 1841 1022 1890 sibi
1060 1840 1439 1889 adscribendum
1479 1857 1580 1890 non
1618 1856 1723 1891 esse
1760 1842 1815 1889 in

117 1930 214 1976 quo
252 1917 515 1977 paternum
554 1919 770 1965 cessaret
807 1915 1083 1964 arbitrium.
1160 1932 1333 1964 verum
1371 1917 1540 1964 autem
1576 1914 1816 1964 Latinum

116 1988 297 2038 dixisse
342 1989 492 2051 idque
538 2006 708 2039 omnes
751 1991 952 2053 divique
999 1989 1321 2052 hominesque
1367 1989 1613 2038 canebant
1655 1989 1813 2038 mani·

116 2063 300 2111 festum
346 2066 443 2126 est3
492 2080 609 2112 nam
659 2064 900 2128 septimus
948 2064 1074 2112 liber
1123 2064 1341 2112 ostendit
1385 2066 1437 2112 et
1488 2066 1656 2113 vatem
1692 2065 1814 2113 haec

115 2137 338 2185 locutum
361 2153 466 2186 esse
489 2140 540 2186 et
562 2139 805 2187 Faunum.
843 2138 1049 2199 interea,
1067 2138 1186 2185 dum
1210 2138 1425 2187 adstruit
1447 2138 1815 2187 excusationem

115 2227 278 2273 suam,
318 2212 471 2260 etiam
507 2212 605 2276 ipsi
636 2213 804 2262 Turno
843 2214 1031 2275 ingerit
1061 2214 1271 2274 metum,
1310 2229 1372 2261 ne
1402 2212 1612 2261 ulterius
1650 2211 1811 2261 inlici-

114 2289 223 2333 tum
262 2289 493 2348 quaerat,
533 2287 717 2336 addens
754 2286 857 2335 iam
897 2286 1039 2335 datas
1080 2301 1184 2335 esse
1218 2302 1425 2349 poenas,
1466 2286 1601 2350 quod
1640 2289 1813 2335 contra

114 2359 328 2408 vetitum
359 2363 489 2409 esset
519 2360 785 2422 admissus,
825 2362 894 2421 et,
934 2362 977 2409 si
1007 2361 1059 2408 in
1094 2362 1257 2410 errato
1290 2361 1575 2422 duraretur,
1614 2361 1811 2409 futuras

115 2449 219 2482 esse
258 2434 464 2497 peiores.
519 2436 593 2483 ait
630 2435 762 2483 enim
799 2436 954 2483 victus
988 2449 1152 2483 amore
1183 2436 1274 2491 tui,
1314 2434 1541 2497 [coynato
1572 2436 1812 2495 sanquine

113 2507 313 2570 victus]:
361 2508 457 2557 feci
506 2510 659 2557 etiam
706 2510 759 2557 in
805 2509 898 2557 hac
935 2511 1078 2571 parte
1128 2511 1301 2558 contra
1346 2510 1560 2558 vetitum
1610 2509 1812 2572 cognati

114 2582 371 2646 sanguinis
396 2583 812 2646 contemplatione
836 2585 1106 2646 permotuS,
1127 2585 1188 2632 ut
1210 2585 1259 2631 te
1284 2583 1549 2646 deligerem
1573 2598 1811 2646 generum

231 2728 260 2767 4
305 2725 460 2768 vocari
497 2723 539 2767 V
585 2725 771 2769 avocari
817 2724 889 2769 ed.
1021 2729 1073 2768 11
1121 2729 1182 2780 {172
1219 2724 1262 2767 V
1301 2724 1485 2780 quando
1531 2723 1603 2767 ed.
1651 2736 1708 2767 ex
1752 2724 1811 2780 q‘d

115 2782 360 2838 archetypi
425 2787 694 2838 corruptum
758 2784 888 2827 ratus
953 2784 1073 2840 quod
1133 2782 1311 2839 scripsi.
1467 2787 1519 2826 13
1576 2783 1809 2839 dividique

113 2855 197 2896 pro
237 2843 420 2898 divique
453 2841 508 2886 V.
633 2847 687 2885 21
727 2842 806 2886 sed
843 2856 996 2887 comm
1030 2842 1073 2886 V
1104 2843 1175 2886 ed.
1299 2846 1354 2885 25
1391 2843 1503 2886 haec
1536 2841 1578 2885 V
1615 2842 1697 2886 hoc
1735 2842 1808 2886 ed„

115 2904 171 2943 30
202 2906 455 3003 coynfito—
475 2905 527 2944 31
554 2902 700 2946 victus
739 2901 871 2946 deest
907 2902 958 2946 in
991 2901 1048 2956 V,
1089 2901 1171 2946 sed
1211 2901 1484 2957 explicatur.
1607 2905 1662 2944 32
1701 2901 1808 2946 dizi-

112 2972 258 3015 9erem
289 2973 314 3004 e
351 2995 360 3005 .
