2050 3226
192 139 300 192 206
661 135 894 181 DONATI
923 135 1204 180 INTERPR.
1230 134 1410 180 VERG.

193 275 341 325 armis
383 276 661 340 coniugem,
699 275 962 324 habiturus
1003 289 1112 323 eam
1149 291 1249 323 non
1287 276 1446 337 patris
1477 276 1758 338 voluntate,
1797 275 1883 324 sed

190 350 296 398 iure
342 350 558 399 victoris,
626 363 716 399 nec
768 349 895 398 solos
949 350 1104 410 tanyit
1148 347 1357 398 Atridas
1405 350 1485 397 ille
1528 350 1663 398 dolor
1711 350 1884 398 solisve

191 425 299 472 licet
327 438 496 484 capere
527 439 670 472 arma
699 424 947 485 Mycenis:
979 422 1329 471 admirandum
1359 424 1637 486 exemplum
1666 425 1885 487 repperit

192 491 333 564 (nam
381 513 620 560 personae
671 497 870 545 eaedem
919 497 1121 545 fuerunt
1170 499 1219 546 et
1269 497 1446 546 similis
1493 491 1662 565 causa)
1710 500 1885 561 aptum

191 573 359 621 autem
397 588 487 635 pro
526 574 770 634 tempore,
814 573 873 619 ut
915 571 1290 619 ostenderentur
1327 571 1526 620 facilius
1564 587 1708 634 posse
1741 587 1884 634 supe·
1938 585 1957 618 5

190 647 313 708 rari,
345 646 475 695 sicut
508 647 669 708 primo
701 646 880 694 scelere
913 646 963 692 et
993 644 1150 694 victos
1183 638 1445 694 constabat
1474 649 1525 694 et
1554 645 1750 694 sedibus
1783 646 1883 694 suis

191 721 427 769 exclusos,
489 721 604 782 plus
642 721 832 768 interea
862 718 981 780 fuit,
1022 718 1157 781 quod
1185 719 1407 782 ipsorum
1446 722 1496 768 et
1524 719 1578 767 in
1607 719 1742 783 ipsos
1773 735 1884 782 pro-

90 803 174 843 140
191 794 444 842 ferebatur
483 793 776 856 exemplum.
844 793 929 841 sed
956 794 1166 852 periisse
1203 794 1348 841 semel
1388 794 1510 842 satis
1561 797 1641 851 est,
1680 808 1886 854 peccare

166 869 364 928 >fnisset
394 871 504 916 ante
535 868 680 915 satis:
719 867 858 916 aliud
892 868 1078 915 crimen
1110 867 1350 929 adnectit,
1383 883 1480 929 quo
1511 868 1672 932 magis
1702 867 1885 931 magis·

193 959 286 1005 que
311 941 515 990 Troiani
540 941 890 989 deformentur.
951 942 1067 1004 post
1101 940 1317 1004 primum
1341 942 1524 1004 quippe
1554 941 1886 991 facinorosum
1917 957 1960 989 10

191 1017 484 1077 admissum,
534 1018 649 1078 post
699 1016 943 1063 ultionem
994 1014 1118 1063 facti
1170 1015 1339 1063 debuit
1385 1031 1580 1064 morum
1627 1015 1886 1078 provenire

191 1089 442 1138 correctio.
499 1089 760 1151 ducuntur,
783 1089 963 1152 inquit,
986 1089 1224 1152 peccandi
1247 1088 1602 1137 consuetudine
1628 1091 1678 1138 et
1699 1105 1886 1137 morem

190 1164 457 1212 sceleratae
496 1165 706 1212 naturae
745 1163 990 1226 pertinaci
1034 1164 1314 1212 temeritate
1361 1165 1626 1211 sectantur.
1687 1164 1886 1222 penitus

188 1238 327 1286 modo
358 1252 490 1286 nunc
516 1251 670 1299 yenus
700 1250 852 1294 omne,
877 1252 1092 1298 peroso&
1124 1238 1418 1298 femineum!
1462 1237 1542 1286 vel
1571 1253 1704 1285 nunc
1734 1237 1886 1286 inter-

191 1314 308 1360 eant
343 1311 541 1374 penitus
582 1327 707 1374 quos
746 1312 952 1360 exitium
990 1326 1136 1360 suum
1175 1311 1240 1359 ad
1273 1311 1455 1359 bonam
1485 1310 1642 1360 vitam
1673 1312 1887 1360 formare
1919 1325 1960 1358 15

190 1401 290 1434 non
321 1385 498 1435 valuit.
554 1401 704 1448 supra
734 1387 907 1448 posuit
936 1387 1018 1447 „si
1049 1401 1148 1449 qua
1171 1385 1392 1449 Phryges
1425 1401 1544 1449 prae
1577 1401 1627 1434 se
1658 1383 1886 1433 iactant“

191 1462 242 1508 et
278 1461 331 1507 in
372 1459 706 1523 appellatione
737 1459 993 1523 Phrygum
1032 1460 1283 1508 occultum
1322 1460 1600 1509 convicium
1636 1459 1775 1521 dixit,
1806 1459 1887 1507 hie

191 1537 382 1595 autem,
422 1534 538 1581 dum
578 1534 816 1595 loquitur,
855 1534 1168 1582 vehementer
1199 1534 1404 1595 exarsit,
1444 1533 1579 1596 quod
1607 1533 1773 1595 ipsum
1811 1534 1885 1580 in-

189 1608 448 1672 tellegitur
495 1624 554 1655 ex
600 1623 679 1669 eo,
727 1608 860 1669 quod
896 1610 948 1655 in
990 1609 1214 1671 apertam
1249 1606 1489 1655 iniuriam
1529 1607 1632 1655 ruit
1678 1607 1885 1655 dicendo

189 1697 390 1745 perosos
424 1683 474 1730 et
503 1681 773 1729 femineum
804 1697 982 1745 genus,
1015 1684 1075 1730 ut
1107 1682 1473 1744 corruptionem
1504 1696 1646 1730 sexus
1679 1682 1757 1729 sui
1785 1697 1885 1729 non
1918 1695 1961 1727 20

192 1756 372 1818 aliqui,
422 1756 510 1804 sed
559 1771 726 1805 omnes
776 1756 968 1804 ratione
1018 1754 1253 1804 nascendi
1301 1754 1590 1804 viderentur
1637 1754 1884 1803 habuisse.

189 1830 419 1893 probatio
459 1845 517 1878 ex
555 1829 896 1892 praesentibus
936 1830 1099 1878 fuerat
1140 1829 1441 1893 colligenda,
1490 1831 1550 1876 ut
1585 1829 1789 1890 inerteS,
1827 1831 1886 1877 ut

191 1904 344 1953 soluti
374 1903 688 1952 docerentur:
727 1904 901 1963 quibus
931 1904 1048 1952 haec
1076 1903 1224 1951 ‘medii
1253 1903 1439 1962 fidncia
1469 1904 1590 1951 valli
1615 1904 1885 1963 fossarum-

192 1992 280 2038 que
310 1992 487 2034 morae,
522 1978 603 2025 leti
633 1978 919 2026 discrimina
942 1992 1122 2038 parva,
1155 1977 1276 2026 dant
1306 1978 1509 2026 animos,
1559 1993 1715 2039 usque
1748 1976 1886 2038 ade0‚

189 2051 377 2114 inquit,
416 2051 599 2100 inertes
640 2067 696 2100 ac
734 2051 926 2113 stolidi,
956 2054 1015 2100 ut
1043 2051 1159 2099 inde
1191 2066 1242 2099 se
1274 2051 1578 2100 arbitrentur
1609 2051 1884 2113 superiores
1917 2062 1959 2095 25

192 2141 247 2174 ac
278 2127 454 2188 forteS‚
485 2126 620 2187 quod
651 2141 822 2174 eorum
853 2125 1059 2173 exitium
1083 2125 1248 2173 differt
1269 2125 1537 2188 parvulum
1559 2124 1884 2174 interstitium

190 2201 315 2250 valli
345 2203 395 2248 et
426 2199 603 2263 exigua
633 2215 774 2248 mora
804 2199 1071 2261 fossarum,
1103 2214 1161 2248 ac
1192 2199 1236 2248 si
1267 2199 1450 2248 diceret
1482 2200 1725 2261 quantum
1754 2198 1886 2246 inter

311 2360 334 2398 1
370 2360 411 2400 et
442 2357 550 2398 ante
581 2355 821 2399 habiturus
851 2355 1066 2411 interpol.
1100 2355 1172 2399 ed.
1291 2360 1316 2398 2
1349 2355 1539 2411 solisque
1571 2354 1641 2398 ed.
1675 2355 1722 2398 et
1745 2353 1884 2410 Verg.

191 2414 313 2458 libri.
437 2419 462 2457 3
501 2415 699 2470 repperit
731 2414 774 2458 V
811 2416 971 2470 repetit
1013 2415 1079 2459 ed.
1203 2419 1229 2458 6
1260 2420 1312 2458 nt
1341 2415 1480 2458 victos
1503 2413 1545 2457 V
1577 2419 1618 2458 et
1647 2427 1687 2458 v.
1719 2427 1802 2457 nos
1834 2419 1887 2458 ut

190 2489 229 2519 v.
262 2488 352 2519 esse
384 2473 454 2517 ed.
487 2478 540 2518 ut
571 2472 660 2517 del.
693 2473 764 2517 ed.
797 2476 916 2529 post.
1011 2478 1036 2516 9
1069 2474 1187 2530 quod
1211 2472 1253 2516 V
1284 2486 1370 2529 qno
1402 2473 1473 2516 ed.
1567 2477 1620 2516 13
1653 2474 1885 2517 scelerato-

191 2548 294 2578 rum
326 2533 396 2577 ed.
435 2533 438 2591 Ι
473 2537 669 2577 natwrae
700 2547 788 2576 om.
815 2533 886 2577 ed.
981 2537 1036 2576 14
1067 2546 1160 2577 non
1182 2532 1225 2576 V
1250 2533 1321 2576 ed.
1352 2545 1477 2576 nwnc
1505 2532 1671 2587 scripsi
1693 2533 1885 2588 propter

192 2592 382 2648 interpr.
429 2592 433 2650 l
478 2605 692 2648 perosum
734 2591 805 2635 ed.
856 2591 859 2649 Ι
909 2606 1033 2636 nunc
1063 2591 1105 2635 V
1142 2605 1236 2636 non
1275 2591 1345 2634 ed.
1394 2590 1398 2649 1
1447 2591 1620 2635 interea
1655 2597 1709 2635 ut
1737 2590 1780 2634 V
1811 2590 1883 2634 ed.

191 2653 417 2696 intereant
444 2651 515 2694 ed.
539 2652 659 2706 post.
684 2664 787 2694 nos:
821 2651 937 2694 Don.
967 2665 1023 2695 ex
1051 2649 1433 2694 antecedentibus
1457 2651 1649 2706 periisse
1680 2651 1793 2694 satis
1823 2655 1886 2693 est

193 2711 379 2754 audisse
419 2712 466 2755 et
505 2710 571 2753 sic
609 2710 1043 2765 interpretationem
1083 2723 1215 2753 suam
1254 2708 1477 2753 conflasse
1511 2709 1709 2763 videtur,
1743 2721 1884 2764 quam

193 2770 334 2813 etiam
365 2770 415 2813 in
446 2769 819 2826 interpungendo
843 2768 1061 2812 lemmate
1087 2768 1336 2813 observavi.
1441 2771 1495 2810 18
1529 2769 1780 2823 loqueretur
1811 2767 1881 2810 ed.

195 2833 250 2871 20
290 2842 473 2884 perosos
519 2834 560 2873 et
598 2828 640 2871 V
682 2841 891 2885 perosum
937 2828 1030 2872 ed.:
1081 2842 1265 2884 perosos
1316 2827 1498 2883 passive
1546 2826 1720 2882 accipit
1765 2825 1880 2869 Don.

195 2892 249 2930 23
282 2888 538 2932 dicerentur
569 2888 639 2931 ed.
763 2892 818 2930 26
850 2888 1003 2941 differt
1034 2901 1120 2931 om.
1148 2887 1218 2932 ed.
1343 2890 1396 2930 27
1428 2886 1654 2940 fossarum
1677 2884 1718 2928 V
1749 2886 1782 2939 f.
1809 2886 1883 2929 de-

193 2947 394 3000 fenderet
425 2947 494 2990 ed.
