2050 3226
85 1010 128 1043 10

85 1380 126 1413 15

82 1752 126 1786 20

13 2126 17 2170 j
83 2122 126 2155 25

84 2491 128 2524 80

807 183 1111 230 AENEIDos
1141 183 1207 228 XI
1744 187 1851 241 421

163 325 422 391 agendam.
490 327 605 388 post
640 326 859 390 ingentis
896 324 1054 389 igitur
1089 323 1304 389 gemitus
1342 325 1464 373 haec
1503 324 1719 374 addidit:
1767 339 1856 374 nos

163 402 293 450 alias
329 401 442 448 hinc
479 400 546 448 ad
584 400 839 448 lacrimas:
878 413 1054 448 causas
1094 397 1280 448 adserit
1310 399 1494 447 deserti
1523 399 1737 461 funeris3
1775 399 1855 447 de-

158 475 338 523 buerat
387 474 572 538 quippe
618 474 771 522 etiam
825 473 938 522 aliis
985 473 1316 522 humanitatis
1371 473 1665 536 obsequium
1716 473 1858 521 reddi

163 549 341 613 quibus
381 547 690 597 debebantur
727 548 974 610 exequiae.
1035 548 1128 609 ite,
1165 547 1355 610 inquit,
1392 563 1504 610 vos3
1542 547 1686 596 nobis
1725 546 1857 594 enim

160 623 464 672 redeundum
502 625 578 671 est
622 638 723 670 non
761 622 826 670 ad
870 636 947 670 res
986 621 1168 679 laetaS,
1215 622 1302 670 sed
1348 621 1412 670 ad
1459 622 1585 671 alias
1625 621 1856 669 lacrimas

157 700 212 746 et
248 697 579 760 plurimorum
624 697 855 744 funerum
902 696 1224 759 sepulturam.
1301 696 1468 744 eadem
1505 696 1708 744 horrida
1747 695 1859 743 belli

158 772 269 831 fata
297 774 493 820 vocant:
529 786 619 819 nec
651 769 974 819 deserendum
1005 772 1082 818 est
1111 770 1312 832 bellum,
1346 770 1479 833 quod
1501 772 1708 833 propter
1735 770 1858 818 haec

158 845 373 907 videtur,
398 860 504 894 esse
545 845 770 893 dilatum.
833 860 984 906 quam
1022 844 1226 907 pulchre
1263 844 1435 907 posuit
1471 860 1586 907 nOS,
1623 860 1684 893 ne
1722 843 1857 892 vide-

157 922 295 968 retur
324 919 518 969 Aeneas
558 919 694 968 solus
735 918 796 968 ab
829 918 1065 982 obsequio
1097 919 1284 967 funeris
1319 919 1449 983 regis
1482 918 1738 967 decedere!
1794 918 1859 965 ad

157 1009 258 1042 non
296 995 447 1042 semel
485 994 828 1056 accipiendum
866 995 962 1053 est,
1013 994 1069 1040 ut
1118 992 1186 1041 sit
1232 1008 1323 1042 nos
1364 992 1479 1042 hinc
1519 993 1584 1042 ad
1622 992 1746 1042 alias
1786 992 1857 1040 la-

158 1069 336 1117 crimas
369 1069 476 1116 fata
507 1070 690 1116 vocant
717 1069 768 1116 et
799 1067 862 1115 ad
881 1068 982 1115 alia
1003 1067 1195 1116 incerta
1216 1067 1473 1115 bellorum.
1519 1068 1674 1124 salve,
1708 1069 1858 1115 aeter-

158 1157 278 1190 num
322 1143 442 1190 mihi
489 1142 701 1190 manime
738 1142 905 1198 Palla,
954 1144 1294 1202 aeternumque
1332 1142 1465 1191 vale:
1509 1143 1563 1189 in
1602 1142 1858 1190 aeternum

157 1217 309 1278 salve,
331 1216 383 1264 in
417 1218 675 1265 aeternum
697 1216 810 1265 vale
840 1218 890 1264 et
919 1216 974 1263 in
998 1217 1255 1263 aeternum
1279 1215 1507 1276 maxume,
1536 1215 1682 1278 quasi
1711 1215 1858 1263 illum

157 1291 334 1339 merito
372 1291 545 1339 tantae
583 1290 786 1339 virtutis
826 1290 957 1338 inter
992 1289 1221 1338 inlustris
1254 1291 1304 1337 et
1336 1291 1524 1352 primos
1557 1293 1687 1338 esset
1716 1289 1855 1337 habi·

156 1367 274 1413 tura
322 1366 562 1413 memoria
610 1364 693 1414 vel
740 1365 847 1427 ipse
892 1364 1087 1413 Aeneas
1141 1364 1336 1412 nullum
1387 1364 1457 1412 sic
1507 1367 1636 1412 esset
1689 1364 1855 1412 animo

155 1441 454 1488 retenturus.
510 1441 863 1501 aeternumque
893 1439 1004 1487 vale
1035 1440 1086 1486 et
1109 1439 1267 1487 salve:
1299 1453 1582 1500 supremam
1607 1438 1857 1500 conplevit

157 1513 507 1562 defunctorum
538 1513 909 1574 salutationem,
941 1527 1069 1574 quae
1100 1513 1306 1561 inventa
1337 1514 1412 1561 est
1434 1512 1560 1574 ideo,
1593 1513 1712 1575 quia
1741 1514 1858 1575 post

157 1603 267 1636 eam
297 1587 457 1636 videri
485 1603 585 1635 non
615 1588 837 1650 possunt.
888 1601 976 1635 nec
997 1587 1153 1647 plura
1185 1589 1361 1646 effatus
1392 1587 1459 1635 ad
1490 1587 1612 1635 altos
1636 1587 1859 1634 tendebat

155 1676 322 1710 muros
340 1676 654 1723 gressumque
668 1662 724 1709 in
739 1665 901 1710 castra
917 1662 1127 1721 ferebat:
1158 1661 1246 1723 qui
1262 1662 1394 1709 enim
1415 1660 1620 1710 celerius
1637 1676 1855 1709 remeare

157 1735 430 1800 cogebatur
466 1752 565 1784 non
607 1735 779 1784 debuit
815 1735 1044 1798 plurimis
1083 1735 1237 1797 loqui.

274 1810 481 1871 Iamque
518 1814 733 1858 oratores
779 1810 986 1858 aderant
1032 1824 1088 1857 ex
1132 1811 1251 1858 urbe
1289 1810 1480 1858 Latina
1517 1810 1664 1857 velat-i
1699 1810 1856 1859 ramis
1874 1814 1959 1855 100

157 1884 288 1932 oleae
309 1886 594 1945 veniamque
611 1887 892 1944 precantes:
930 1899 1040 1933 ecce
1072 1883 1289 1932 ostendit
1313 1886 1518 1933 eventus
1542 1900 1643 1933 non
1667 1884 1854 1932 frustra

157 1958 361 2006 Aenean
398 1962 720 2021 properatum
760 1958 976 2006 reditum
1013 1958 1268 2020 habuisse3
1307 1974 1425 2006 nam
1463 1974 1574 2007 cum
1612 1960 1856 2007 remearet

158 2032 223 2080 ad
254 2034 437 2094 castra,
468 2032 734 2081 veniebant
756 2033 856 2080 iam
889 2049 947 2079 ex
977 2031 1098 2080 urbe
1122 2031 1306 2080 Latina
1327 2032 1469 2081 missi
1500 2033 1589 2096 qui
1618 2034 1854 2096 rogarent

158 2108 208 2154 et
238 2106 435 2155 veniam
465 2109 800 2169 precarentur,
830 2107 1165 2169 praeferentes
1197 2106 1342 2170 signa
1364 2106 1500 2170 pacis
1526 2110 1577 2156 et
1600 2107 1854 2155 foederum

157 2181 211 2228 in
249 2180 507 2229 frondibus
547 2180 690 2242 oleis3
727 2181 850 2228 haec
881 2180 1012 2228 enim
1043 2181 1275 2243 consequi
1308 2181 1587 2244 cupiebant.
1642 2181 1851 2242 denique

158 2254 279 2316 quid
316 2255 525 2316 ferrent,
573 2254 695 2318 quid
736 2256 970 2316 optarent
1018 2255 1171 2302 etiam
1208 2255 1350 2304 taciti
1400 2255 1679 2319 significare
1719 2254 1850 2303 vide-

156 2328 355 2377 bantur.
431 2330 505 2376 ita
558 2344 729 2377 eorum
781 2327 1081 2376 desiderium
1136 2329 1489 2378 ostendebatur
1543 2332 1750 2392 aspectu
1803 2330 1853 2376 et

158 2403 487 2451 nuntiabatur
528 2403 649 2451 oleis
687 2403 839 2451 ramis
881 2402 1058 2464 quibus
1098 2403 1300 2452 fuerant
1343 2405 1569 2453 coronati
1608 2403 1850 2451 adventus

160 2493 355 2539 quoque
395 2493 578 2525 eorum.
641 2476 817 2524 dehinc
857 2477 958 2524 alia
997 2476 1240 2525 subicitur
1277 2493 1451 2526 causa:
1501 2492 1725 2537 corpora,
1758 2491 1852 2536 per

278 2653 303 2691 2
344 2662 508 2692 causas
530 2674 584 2680 —
615 2653 640 2691 6
678 2649 957 2703 sepulturam
1000 2661 1088 2692 om.
1129 2648 1201 2693 ed.
1336 2652 1361 2691 9
1394 2649 1574 2692 Aeneas
1612 2662 1699 2693 om.
1734 2647 1805 2691 ed.
1843 2648 1847 2705 1

159 2707 262 2750 dere
296 2706 338 2749 V
377 2708 580 2752 decedere
622 2706 693 2750 ed.
819 2710 870 2750 11
915 2708 1023 2762 post
1063 2708 1206 2762 salve,
1245 2722 1336 2751 non
1374 2710 1481 2762 post
1514 2708 1628 2751 mihi
1659 2707 1852 2751 distinxi

158 2767 351 2822 propter
387 2766 580 2822 interpr.
704 2770 756 2809 17
795 2766 982 2810 inventa
1010 2765 1052 2810 V
1080 2767 1169 2810 edI
1206 2768 1383 2810 intenta
1415 2766 1471 2809 ed
1481 2766 1530 2809 F.
1654 2771 1708 2810 22
1748 2780 1851 2811 con-

160 2826 304 2869 tendit
325 2824 368 2868 V
392 2826 480 2870 edI
523 2825 718 2870 ostendit
754 2824 871 2868 edF.
1001 2830 1057 2869 24
1095 2826 1334 2870 veniebant
1363 2826 1482 2871 enim
1506 2825 1547 2868 V
1577 2840 1617 2870 v.
1642 2826 1736 2869 iam
1768 2839 1851 2870 nos

161 2885 280 2927 enim
311 2898 399 2928 om.
426 2885 496 2928 ed.
627 2889 682 2928 25
716 2884 1067 2939 medicarentur
1088 2885 1131 2928 V
1155 2890 1390 2940 poscerent
1421 2884 1493 2927 ed.
1615 2889 1669 2927 27
1709 2886 1852 2942 siqni-

160 2943 293 2995 ft'cari
314 2943 356 2986 V
387 2958 462 2988 —re
499 2957 583 2987 nos
621 2943 879 3000 siqniftcare
913 2956 1073 2999 cupere
1111 2944 1182 2987 ed.
1305 2947 1359 2987 29
1392 2943 1501 2988 oleis
1532 2945 1596 3001 (et
1627 2957 1767 3000 supra
1796 2946 1851 2988 ut

163 3005 202 3055 7,
230 3003 329 3058 154)
354 3001 397 3046 V
428 3002 549 3047 oleae
580 3002 651 3046 ed.
