2050 3226
228 149 300 201 90
700 143 934 189 DONATI
962 143 1242 188 INTERPR.
1268 143 1448 188 VERG.

229 301 351 334 sum.
390 287 562 345 sunere
599 285 731 345 felici
767 285 971 344 spolior:
1015 301 1169 332 unum
1209 299 1260 332 se
1300 283 1464 331 dolere
1502 285 1742 346 testatur,
1789 284 1922 346 quod

227 359 428 424 indigne
468 360 596 408 esset
632 358 927 420 moriturus,
967 358 1054 421 qui
1091 357 1257 420 potuit
1293 357 1474 405 habere
1512 357 1706 406 felicem
1736 359 1923 406 exitum

125 445 211 485 600
227 435 376 483 vitae.
437 448 524 482 uec
552 433 710 493 plura
742 432 926 481 loeutus
956 433 1139 492 saepsit
1168 446 1219 479 se
1249 433 1381 480 tectis
1410 445 1666 492 remumque
1694 432 1924 492 relinquit

227 509 471 556 habenas:
504 508 629 570 quia
667 522 745 555 res
783 522 966 570 magno
998 507 1166 554 furore
1205 505 1434 554 turbatas
1473 521 1562 554 nec
1597 506 1802 554 consilio
1835 522 1921 568 po-

226 583 327 631 tuit
356 598 446 630 nec
477 597 700 629 sermone
732 596 1029 644 conponere,
1064 579 1286 628 condidit
1316 595 1366 628 se
1397 579 1674 642 parietibus
1706 580 1921 642 propriis
1975 591 1996 625 5

228 656 421 705 casibus
445 655 730 718 relinquens
754 655 973 703 habenas
995 654 1316 716 reipublicae,
1337 669 1460 716 quas
1485 656 1657 702 contra
1679 655 1923 702 maiorem

160 723 165 726 ’
226 731 328 779 vim
366 746 455 778 nec
493 729 768 793 gubernare
807 730 976 792 potuit
1013 744 1102 776 nec
1139 730 1321 776 tenere.

345 805 461 852 Mos
515 807 620 852 erat
670 804 910 863 Hesperio
963 803 1018 850 iu
1071 802 1241 859 Latio,
1306 816 1443 863 quem
1493 803 1717 861 protinus
1776 803 1922 850 urbes

225 877 454 927 Albanae
493 878 677 926 coluere
714 891 929 933 sacrum,
969 891 1101 924 uuue
1137 877 1357 924 maxima
1393 890 1560 923 rerum
1589 876 1750 924 Roma
1789 876 1921 923 colit:

227 952 595 1002 observationes
644 967 811 1000 omnes
852 953 942 999 aut
979 950 1172 1014 legibus
1210 949 1492 1013 principum
1538 951 1628 997 aut
1664 950 1921 998 hominum
1952 964 1996 995 10

227 1026 515 1075 adsensibus
549 1027 850 1074 constitutae
883 1026 1159 1073 servantur.
1212 1023 1451 1086 quicquid
1472 1023 1629 1086 igitur
1660 1024 1919 1072 observare

226 1101 416 1149 cunctis
440 1100 493 1148 in
518 1116 775 1148 commune
798 1099 1045 1162 placuerit
1066 1097 1269 1160 perinde
1292 1098 1504 1146 habetur
1529 1100 1587 1146 ut
1609 1099 1703 1158 lex,
1733 1113 1921 1145 morem

223 1175 374 1239 longo
420 1176 644 1236 tempore
683 1174 989 1222 custoditum
1037 1172 1339 1221 diuturnitas
1390 1172 1578 1234 firmat,
1630 1171 1715 1234 qui
1763 1187 1920 1234 usque

225 1250 347 1297 adeo
395 1248 678 1297 commodus
724 1247 1001 1309 iudicatur,
1043 1249 1102 1295 ut
1141 1263 1170 1295 a
1209 1246 1546 1295 conditoribus
1595 1245 1658 1293 ad
1695 1247 1918 1308 posteros

225 1338 424 1385 quoque
485 1323 754 1370 transitum
814 1323 984 1370 faciat.
1058 1322 1189 1369 hunc
1240 1321 1408 1383 ipsum
1461 1320 1714 1384 Vergilius
1769 1321 1920 1368 refert
1950 1330 1993 1364 15

224 1397 378 1446 fuisse
416 1413 604 1445 morem
649 1412 806 1458 usque
854 1395 975 1444 adeo
1024 1395 1337 1444 commodum
1383 1394 1596 1456 publicis
1641 1394 1812 1455 rebus,
1859 1397 1919 1442 ut

224 1487 281 1518 ex
318 1470 465 1519 Latio
511 1470 764 1533 prolatum
801 1470 1027 1517 Albanae
1074 1469 1219 1517 urbes
1266 1469 1532 1532 probatum
1576 1468 1917 1530 placitumque

221 1546 482 1593 retineant.
541 1546 783 1606 quantum
821 1559 929 1592 mos
959 1545 1052 1592 iste
1083 1543 1344 1604 laudatur,
1383 1546 1441 1591 ut
1470 1543 1695 1605 prolatus
1728 1558 1786 1590 ex
1815 1558 1915 1590 uno

221 1619 329 1667 loco
369 1618 594 1681 plurimis
633 1618 837 1667 urbibus
877 1633 981 1666 esse
1022 1618 1238 1679 coeperit
1273 1633 1419 1665 curae
1459 1616 1915 1679 observationisque

221 1694 513 1756 perpetuae!
589 1708 826 1756 magnum
873 1695 948 1740 est
994 1691 1178 1755 quippe
1219 1691 1353 1754 quod
1400 1691 1462 1738 ab
1499 1707 1599 1739 uno
1638 1690 1916 1752 profectum
1947 1701 1992 1734 20

220 1766 447 1828 plurimis
487 1766 665 1829 placet.
727 1766 939 1828 denique
976 1767 1110 1814 hunc
1140 1765 1327 1813 Albani
1366 1765 1560 1812 coluere
1600 1780 1796 1813 sacrum
1826 1781 1917 1813 nec

220 1857 310 1903 pro
364 1841 464 1889 levi
515 1841 746 1889 ducentes
803 1840 1170 1888 consecratione
1226 1839 1443 1901 quadam
1497 1840 1546 1886 et
1598 1839 1914 1887 veneratione

220 1914 510 1976 plenissima
539 1917 822 1975 tenuerunt,
853 1916 913 1961 ut
944 1916 1073 1963 esset
1101 1913 1428 1977 sacrilegium,
1463 1912 1507 1960 si
1538 1913 1714 1960 fuisset
1745 1913 1914 1974 aliqua

220 1989 500 2036 temeritate
561 1990 797 2036 mutatus.
874 2004 1004 2036 nunc
1064 1987 1281 2036 maxima
1340 2003 1507 2034 rerum
1558 1987 1720 2035 Roma
1773 1987 1912 2034 colit:

219 2061 383 2110 laudis
432 2062 704 2123 adplicavit
751 2065 1092 2126 augmentum,
1141 2078 1254 2110 cum
1299 2061 1459 2109 Roma
1507 2076 1703 2124 quoque
1749 2077 1913 2108 rerum
1944 2069 1988 2102 25

221 2135 441 2183 omnium
481 2136 681 2183 domina
720 2137 1055 2184 consentiente
1088 2152 1226 2185 sacer
1257 2135 1616 2198 religiosusque
1656 2138 1910 2195 susceptus

219 2209 508 2258 habebatur.
584 2202 763 2271 incipit
809 2209 969 2257 dicere
1017 2212 1103 2271 qui
1150 2209 1216 2258 sit
1261 2210 1368 2272 ipse
1413 2224 1519 2257 mos
1561 2209 1641 2256 vel
1681 2207 1910 2270 qualibus

220 2284 286 2332 sit
324 2283 628 2346 temporibus
668 2283 989 2331 necessarius.
1060 2298 1168 2331 eum
1204 2284 1371 2342 prima
1408 2285 1598 2330 moverit
1633 2282 1687 2328 iu
1717 2282 1911 2340 proelia

116 2358 455 2413 605111artem,
497 2358 596 2404 sive
638 2356 772 2404 Getis
810 2358 992 2416 iuferre
1030 2372 1185 2405 mauu
1225 2357 1524 2405 lacrimabile
1563 2356 1738 2403 bellum
1775 2356 1909 2416 Hyr-

219 2432 412 2479 canisve
435 2429 679 2478 Arabisve
710 2434 918 2490 pararit,
959 2445 1045 2478 seu
1076 2431 1266 2478 tendere
1297 2431 1363 2478 acl
1392 2430 1545 2477 ludos
1567 2428 1909 2489 Auroramque
1940 2443 1985 2476 30

217 2506 352 2564 sequi
396 2505 695 2563 Parthosque
739 2518 983 2562 reposcere
1028 2505 1197 2565 siqua:
1249 2520 1381 2564 cum,
1430 2503 1615 2565 inquit,
1665 2505 1909 2564 parantur

217 2579 446 2642 gentibus
492 2578 623 2626 bella
674 2579 724 2624 et
770 2577 894 2624 dixit
942 2593 1069 2640 quae
1121 2581 1283 2626 essent
1327 2578 1466 2639 ipsae
1514 2578 1681 2641 gentes
1730 2578 1780 2623 et
1818 2576 1907 2625 sub

337 2723 361 2761 3
389 2717 663 2774 relinquitV
687 2718 871 2773 reliquit
898 2717 968 2761 ed.
997 2719 1042 2760 et
1065 2717 1276 2773 plerique
1301 2717 1439 2774 Verg.
1465 2717 1587 2761 libri.
1681 2722 1734 2760 11
1767 2717 1905 2760 seusi-

218 2778 300 2821 bus
333 2778 402 2821 ed.
490 2783 543 2821 12
576 2777 796 2821 habeatur
828 2776 898 2819 ed.
987 2781 1040 2819 13
1072 2778 1218 2830 firmet
1248 2777 1319 2820 ed.
1406 2781 1459 2820 17
1486 2776 1809 2832 placidumque
1833 2775 1903 2818 ed.

219 2840 271 2878 19
317 2838 726 2892 observationisque
757 2834 798 2878 V
837 2836 999 2890 -uique
1039 2835 1108 2879 ed.
1233 2840 1287 2878 25
1329 2836 1579 2891 adplicavit
1609 2834 1651 2878 V
1687 2835 1908 2877 adiunxit

217 2895 286 2938 ed.
325 2895 328 2953 Ι
364 2910 490 2939 roma
514 2895 555 2938 V
586 2897 638 2939 iu
668 2895 777 2939 urbe
809 2894 879 2937 ed.
981 2897 1035 2936 26
1068 2895 1383 2951 sacrileyiosus
1413 2908 1528 2949 quae
1550 2893 1592 2935 V
1625 2906 1737 2936 corr.
1763 2891 1905 2936 HOU

217 2953 288 2997 ed.
412 2959 466 2997 27
500 2955 712 3010 qualibus
742 2953 783 2997 V
816 2953 1085 3009 quibuslibet
1117 2953 1186 2996 ed.
1220 2954 1493 3008 quibusnam
1525 2953 1595 2996 ed.
1627 2953 1746 3007 post.
