2050 3226
778 156 1083 202 AENEIDOS
1107 156 1194 202 vn
1724 160 1829 214 109

133 297 465 361 militarisque
514 297 758 346 nectebat.
834 313 1012 346 aurum
1065 296 1170 344 illic
1223 298 1509 359 ostrumque
1557 301 1830 360 supererat,

135 373 206 422 sic
243 374 435 433 tamen,
472 374 530 420 ut
566 371 768 436 reginae
808 373 937 421 esset
966 372 1151 432 totum,
1188 386 1289 420 non
1325 386 1422 434 quo
1461 370 1562 420 illis
1595 371 1830 420 delectari

134 445 386 496 videretur
424 461 554 508 quae
590 445 828 494 tendebat
866 444 930 493 ad
960 444 1161 493 bellum.
1216 445 1426 506 [poium
1462 448 1518 493 ut
1550 449 1689 506 yerat
1718 447 1831 505 ipsa

124 521 414 580 pharetram
464 523 508 568 et
545 520 849 580 pastoralem
891 520 1123 579 praefixa
1172 519 1371 578 cuspide
1419 522 1655 580 myrtum:
1699 518 1833 568 inter

83 610 103 643 5
135 596 299 643 cetera
337 594 490 642 etiam
526 593 618 642 illa
654 593 934 642 mirabatur
972 592 1245 642 multitudo
1292 593 1647 655 spectantium,
1695 593 1831 656 quod

132 668 362 717 incedens
413 683 554 716 arma
603 683 694 717 sua
741 667 854 731 ipsa
902 666 1161 730 portabat,
1208 667 1497 730 pharetram
1543 667 1733 716 scilicet
1782 670 1832 716 et

133 743 333 791 hastam
354 743 602 805 myrteam
623 742 843 805 praefixo
874 742 1005 789 ferro
1037 740 1330 806 graviorem,
1362 757 1491 804 quae
1522 743 1656 790 tanti
1679 743 1833 791 etiam

132 817 246 880 ipsa
281 815 472 865 roboris
512 817 634 879 fuit,
680 818 740 865 ut
786 816 852 864 ad
895 831 1044 865 usum
1090 817 1351 879 pastorum
1395 816 1606 864 fortium
1650 818 1832 879 parata

132 893 408 953 putaretur.

61 982 104 1013 10
253 963 387 1022 Quae
411 980 564 1028 supra
587 966 775 1028 scripta
806 966 922 1013 sunt
944 964 1198 1026 pertinent
1225 962 1288 1012 ad
1311 965 1582 1012 extremam
1611 979 1833 1026 manum,

135 1054 288 1101 quam
317 1039 543 1101 inposuit
564 1039 691 1088 Iuno
722 1055 812 1102 per
832 1039 1057 1101 Furiam3
1095 1037 1448 1101 perfectionem
1478 1040 1648 1087 autem
1680 1039 1832 1103 signi·

133 1113 280 1162 ficare
320 1116 590 1161 extremam
620 1129 823 1161 manum
856 1112 971 1160 inde
1010 1111 1170 1176 magis
1203 1112 1488 1175 apparebit,
1527 1113 1570 1161 si
1602 1113 1831 1162 ostenda-

133 1203 246 1236 mus
283 1186 337 1234 in
374 1186 484 1250 ipso
522 1187 747 1252 Vergilio
787 1187 972 1236 dictam
1011 1187 1164 1234 etiam
1200 1187 1416 1249 primam
1446 1202 1673 1234 manum:
1714 1187 1833 1250 quia

134 1262 297 1325 prima
334 1277 512 1310 manus
543 1277 643 1310 non
674 1261 860 1310 dicitur
889 1260 988 1309 nisi
1020 1276 1146 1323 quae
1176 1260 1359 1309 habeat
1389 1261 1642 1323 sequentis
1673 1276 1832 1323 usque

64 1350 103 1383 15
137 1335 201 1384 ad
239 1337 529 1397 extremam,
568 1338 788 1384 extrema
825 1350 924 1383 non
960 1334 1144 1384 dicitur
1179 1333 1279 1383 nisi
1309 1350 1438 1397 quae
1467 1335 1652 1383 habeat
1690 1350 1833 1397 supe-

134 1409 288 1458 riores
312 1425 468 1472 usque
493 1410 558 1458 ad
579 1409 808 1473 primam.
855 1409 937 1457 hic
966 1408 1124 1473 igitur
1154 1408 1282 1457 dixit
1312 1411 1584 1457 extremam
1613 1425 1832 1470 manum,

134 1483 222 1531 ubi
241 1483 550 1546 perficiendis
574 1484 722 1533 rebus
745 1483 1038 1532 intendebat
1062 1499 1277 1546 operam,
1298 1482 1354 1530 in
1375 1483 1638 1532 undecimo
1663 1486 1833 1532 autem

132 1557 260 1607 libro
286 1551 444 1624 (505)
468 1557 668 1607 induxit
692 1557 955 1607 Camillam
986 1557 1167 1606 dixisse
1199 1574 1314 1619 „me
1347 1558 1452 1606 sine
1484 1558 1648 1620 prima
1678 1573 1833 1606 manu

132 1634 380 1694 temptare
409 1633 632 1695 pericula
657 1631 814 1681 belli“
840 1626 957 1699 (hoc
981 1634 1057 1681 est
1077 1633 1296 1695 incipere
1319 1648 1518 1696 pugnae
1543 1627 1832 1697 certamen),

61 1721 104 1753 πο
134 1708 231 1767 „tu
260 1706 409 1768 pedes
443 1706 507 1755 ad
536 1723 707 1756 muros
738 1706 949 1755 subsiste
981 1708 1032 1755 et
1060 1705 1258 1755 moenia
1289 1705 1483 1768 serva“,
1516 1708 1743 1755 secutum
1774 1708 1835 1754 ut

133 1780 327 1843 reliqua
366 1781 561 1829 Turnus
607 1781 822 1844 inpleret
865 1783 1064 1843 praeter
1101 1781 1201 1829 ista
1241 1796 1368 1843 quae
1410 1781 1560 1829 huius
1598 1780 1715 1828 libri
1754 1796 1831 1828 ex-

135 1854 317 1916 positio
357 1854 590 1904 continet.
649 1857 801 1904 etiam
829 1854 960 1903 illud
991 1854 1244 1904 sciendum
1282 1857 1358 1903 est
1390 1855 1523 1918 quod
1554 1870 1701 1917 saepe
1731 1854 1834 1902 iam

137 1927 375 1989 diximus,
413 1929 585 1978 laudes
626 1929 824 1978 Aeneae
862 1929 1017 1978 libros
1056 1930 1215 1978 omnis
1256 1929 1529 1991 continere,
1576 1928 1664 1977 sed
1700 1929 1833 1978 hunc

257 2090 280 2128 1
313 2090 499 2141 superat
520 2085 563 2128 V
592 2085 776 2130 suberat
805 2086 877 2130 ed.
909 2091 1147 2142 supererat
1175 2098 1259 2129 nos
1292 2085 1348 2129 ef.
1375 2089 1416 2140 8,
1435 2089 1507 2129 28.
1627 2091 1652 2129 2
1692 2086 1834 2130 delec-

136 2149 234 2188 tare
257 2143 300 2187 V
330 2146 402 2189 -ri
432 2144 504 2188 ed.
620 2148 645 2187 3
676 2146 827 2200 ipsam
849 2145 904 2189 V.
1019 2150 1047 2188 4
1072 2146 1333 2200 praefioeam
1365 2147 1527 2189 contra
1558 2145 1750 2201 interpr.
1775 2145 1832 2189 V.

137 2207 163 2247 5
196 2204 532 2259 expectantium
554 2202 597 2246 V
621 2217 735 2248 corr.
762 2204 834 2248 ed.
957 2210 982 2248 6
1014 2204 1260 2249 incenderis
1282 2204 1325 2247 V
1350 2218 1462 2248 corr
1490 2204 1562 2249 ed.
1687 2209 1711 2248 9
1741 2219 1833 2261 pu-

135 2267 311 2307 taretwr
333 2262 376 2305 V
398 2263 627 2307 videretur
649 2263 721 2306 ed.
815 2267 868 2307 11
889 2277 974 2320 per
996 2264 1174 2318 furiam
1190 2263 1232 2306 V
1249 2263 1321 2308 ed.
1340 2265 1556 2320 expectes
1572 2269 1680 2320 post
1700 2265 1735 2319 f.
1759 2263 1834 2307 vel

128 2335 216 2377 per
237 2323 271 2376 f.
296 2323 411 2367 actis
435 2321 492 2366 cf.
511 2326 611 2365 572.
649 2322 653 2380 Ι
689 2324 796 2378 post
819 2328 971 2367 autem
993 2323 1112 2366 haec
1135 2323 1429 2392 sequuntur
1415 2338 1466 2366 1n
1491 2323 1545 2366 V:
1574 2324 1834 2391 siyuifteare

138 2386 382 2425 extremam
419 2396 607 2426 marium
644 2382 751 2426 iude
788 2396 958 2439 magna
992 2383 1231 2438 apparebit
1260 2383 1302 2427 si
1333 2382 1622 2427 ostendamus
1651 2384 1703 2426 iu
1734 2383 1833 2437 ipso

147 2441 343 2497 Veryilio
381 2441 506 2485 dieta
547 2455 647 2485 mea
683 2442 839 2496 prima
880 2455 1067 2486 manum
1097 2456 1125 2498 q
1149 2442 1307 2498 prima
1337 2455 1503 2486 manus
1531 2447 1689 2486 uestra
1721 2441 1835 2485 dicit

136 2513 200 2542 na
232 2503 258 2557 ᾗ
287 2500 451 2544 habeat
478 2501 702 2556 sequentis
732 2514 872 2556 usque
903 2501 966 2544 ad
995 2506 1239 2546 extremam
1277 2506 1483 2545 etstrema
1512 2515 1605 2545 nou
1637 2501 1750 2544 dicit
1778 2504 1834 2544 rTs

138 2572 221 2614 que
251 2559 416 2604 habeat
444 2561 696 2616 superiores
725 2573 866 2615 usque
890 2559 953 2603 ad
977 2561 1201 2616 primam:
1233 2559 1425 2604 confusa
1449 2561 1557 2603 sunt
1582 2573 1700 2615 quae
1726 2558 1832 2602 aliis

137 2616 252 2661 locis
285 2620 534 2662 occurrunt
565 2618 842 2675 compendia
873 2633 904 2674 q
936 2620 1087 2675 (quae)
1121 2621 1168 2663 et
1200 2634 1247 2675 q<
1276 2619 1442 2675 (quia),
1482 2619 1596 2662 item
1628 2633 1682 2660 ns
1707 2618 1830 2673 (nisi)

137 2690 200 2720 na
232 2678 424 2733 (nostra)
456 2693 488 2720 n
519 2678 667 2734 (non),
699 2691 783 2733 pro
819 2691 989 2734 mayna
1018 2680 1143 2723 recte
1175 2678 1356 2723 emend.
1388 2679 1534 2747 mayis
1567 2677 1618 2731 U,
1651 2676 1834 2731 reliqua

138 2749 242 2779 nos.
295 2737 630 2793 siquiftcare—
646 2751 835 2781 manum
888 2738 1002 2781 mut.
1057 2738 1237 2782 inde—
1256 2738 1318 2782 ad
1365 2738 1566 2793 primam
1621 2749 1709 2780 om.
1759 2736 1830 2780 ed.

140 2799 194 2838 17
227 2808 365 2851 opera
387 2794 430 2838 V
454 2795 525 2839 ed.
648 2799 704 2839 18
736 2810 835 2840 eam
865 2797 995 2840 illam
1025 2796 1068 2839 V
1099 2797 1172 2841 ed.
1201 2798 1256 2840 ut
1288 2801 1357 2851 11,
1385 2800 1483 2839 717.
1543 2795 1548 2853 Ι
1607 2809 1674 2839 me
1710 2809 1833 2851 semp

137 2867 222 2909 pro
260 2868 329 2899 me
366 2856 464 2899 sine
494 2854 549 2899 V.
664 2859 719 2899 19
758 2856 895 2899 huius
934 2860 998 2900 est
1026 2855 1069 2900 V
1101 2856 1171 2899 ed.
1211 2857 1292 2900 hoe
1327 2860 1392 2900 est
1425 2868 1521 2898 noe.
1630 2858 1686 2898 20
1723 2859 1834 2899 tuuc

138 2913 259 2957 tedes
298 2926 383 2968 pro
426 2918 477 2958 tu
511 2914 650 2970 pedes
685 2913 739 2958 V.
791 2914 796 2972 Ι
852 2919 1051 2960 saeetum
1080 2913 1122 2958 V
1160 2920 1362 2959 secutum
1399 2927 1483 2958 nos
1520 2914 1724 2969 sequitur
1759 2913 1830 2956 ed.

141 2976 195 3014 22
229 2977 293 3016 est
323 2985 411 3016 om.
445 2972 516 3017 ed.
640 2977 695 3016 23
728 2974 848 3017 hune
871 2972 913 3016 V
943 2974 995 3018 ire,
1024 2975 1106 3019 hoc
1136 2974 1208 3017 ed.
