2050 3226
730 172 1034 247 AENEIDos
1065 201 1152 246 ΧΠ
1678 204 1787 258 565

94 360 213 393 nam
246 344 465 404 proludit
500 343 712 391 harena:
761 343 1036 391 similitudo
1074 341 1348 404 inducitur,
1393 344 1454 390 ut
1499 341 1791 391 ostendatur

95 419 252 467 Turni
281 419 441 466 inanis
474 419 524 466 et
554 418 683 466 nulli
711 417 967 466 commodo
997 417 1261 479 profutura
1284 416 1587 465 constantia:
1619 432 1788 478 quem-

96 492 382 554 admodum,
431 491 617 554 inquit,
667 494 840 540 taurus
882 506 1037 540 vanos
1088 492 1186 539 ciet
1233 490 1432 555 mugitu
1479 493 1690 539 terrores
1740 493 1791 539 et

12 604 14 606 -
94 568 255 616 iratus
293 567 538 615 incumbit
574 567 628 613 in
667 582 852 615 cornua
881 566 1200 629 luctaturque
1241 581 1355 613 cum
1389 564 1580 614 arboris
1610 567 1788 613 trunco

20 647 49 677 ·’
94 644 367 704 ventosque
405 640 502 689 sibi
539 640 828 689 existimans
865 640 1092 688 inimicos
1131 655 1280 688 auras
1318 639 1525 702 pedibus
1563 637 1793 687 verberat

96 718 147 764 et
184 715 347 764 adhuc
384 715 558 778 procul
604 728 635 763 a
672 715 891 777 periculo
943 715 1184 763 discretus
1233 729 1406 762 verum
1453 712 1678 776 proludit
1727 712 1791 760 ad

94 790 293 838 bellum.
369 790 630 852 proludere
677 791 752 838 est
797 788 1012 837 ludendo
1057 787 1327 852 imaginem
1374 788 1624 851 quandam
1663 788 1790 837 veri·

94 865 214 912 tatis
255 863 524 912 ostendere.

212 938 271 986 N
267 953 317 986 ec
363 939 529 986 minus
577 938 761 986 interea
810 937 1045 985 maternis
1088 951 1260 984 saevos
1303 937 1358 984 in
1404 936 1558 984 armis
1595 934 1791 984 Aeneas

95 1013 227 1061 acuit
274 1013 493 1060 Martem
538 1015 582 1059 et
627 1025 679 1060 se
734 1012 936 1060 suscitat
984 1011 1064 1059 ira
1113 1011 1269 1058 oblato
1315 1011 1538 1071 qaudens
1588 1010 1793 1070 conponi

93 1086 284 1146 foedere
311 1087 511 1134 bellam:
539 1085 754 1147 interea,
783 1086 878 1133 hoc
908 1086 984 1133 est
1014 1100 1124 1132 cum
1154 1084 1411 1147 praedicta
1435 1084 1631 1132 Turnus
1663 1085 1794 1148 gerit

97 1177 153 1209 ac
184 1161 422 1223 loquitur,
454 1160 693 1208 mandata
724 1159 829 1207 eius
862 1159 927 1207 ad
949 1158 1154 1207 Aenean
1180 1161 1356 1207 nuntio
1380 1160 1658 1221 perferente
1682 1174 1791 1221 per·

95 1238 359 1295 venerunt,
410 1250 507 1298 quo
546 1235 679 1283 facto
728 1249 903 1282 acuere
940 1233 1125 1281 bellum
1167 1234 1331 1295 coepit
1368 1227 1569 1299 (acuere
1607 1232 1791 1280 bellum

96 1311 171 1358 est
210 1309 273 1357 ad
313 1309 418 1356 eius
462 1309 679 1372 rigorem
725 1308 916 1370 aliquid
966 1307 1167 1368 addere,
1216 1309 1275 1355 ut
1324 1308 1580 1355 crudescat
1624 1307 1792 1370 potius

97 1399 248 1446 quam
299 1382 560 1432 accedente
605 1383 892 1431 remissione
940 1376 1216 1448 torpescat)
1263 1383 1385 1430 satis
1432 1382 1617 1443 laetus,
1673 1381 1793 1443 quia

96 1458 395 1506 offerebatur
434 1457 567 1519 quod
607 1457 835 1505 omnibus
880 1457 1010 1505 votis
1051 1456 1272 1519 optabat.
1342 1471 1393 1504 se
1433 1457 1600 1504 autem
1640 1455 1793 1504 susci-

94 1532 238 1580 tabat
274 1532 350 1580 ira
379 1531 519 1579 nullo
549 1532 781 1579 hortante
811 1531 892 1580 vel
921 1532 1162 1594 urguente
1194 1531 1516 1591 extrinsecuS‚
1554 1531 1662 1593 ipse
1696 1529 1793 1578 sibi

95 1607 193 1654 fuit
229 1606 566 1668 hortamento3
605 1607 699 1654 hoc
738 1604 940 1666 dicitur,
986 1607 1046 1652 ut
1091 1604 1384 1653 ostendatur
1422 1607 1643 1667 optasse3
1692 1619 1792 1651 non

96 1680 227 1728 enim
265 1681 319 1728 in
349 1680 538 1728 factum
575 1681 675 1728 nisi
711 1679 900 1728 invitus
937 1679 1220 1742 inpellitur,
1259 1679 1361 1740 hic,
1402 1679 1522 1740 quia
1561 1679 1792 1740 optatum

95 1754 327 1802 nuntium
357 1756 658 1817 sumpserat,
696 1755 801 1817 ipse
833 1769 884 1802 se
916 1753 1165 1802 excitabat
1196 1753 1259 1801 ad
1289 1753 1488 1802 bellum.
1542 1751 1794 1817 gaudebat

96 1829 253 1876 nihilo
291 1829 456 1877 minus
496 1845 585 1892 per
617 1828 965 1891 interpositam
1003 1827 1284 1890 pactionem
1322 1826 1533 1875 foederis
1564 1827 1792 1875 futurum

97 1904 321 1951 omnium
366 1903 692 1951 certaminum
735 1903 895 1950 finem.
973 1906 1075 1949 tum
1112 1902 1265 1950 socios
1309 1902 1572 1962 maestique
1615 1904 1793 1949 metum
1811 1909 1895 1950 110

96 1978 284 2026 solatur
311 1977 417 2024 Iuli
446 1978 556 2036 fata
586 1978 783 2025 docens:
821 1991 1083 2038 suspensos
1123 1976 1279 2024 socios
1316 1978 1367 2023 et
1395 1975 1468 2023 fili
1498 1976 1575 2023 sui
1605 1977 1792 2024 metum

98 2051 337 2100 solamine
390 2051 646 2100 relevabat
701 2052 962 2099 ostendens
1017 2051 1236 2099 fatorum
1290 2050 1528 2114 suffragio
1579 2065 1630 2098 se
1689 2065 1793 2098 esse

97 2126 405 2174 tutissimum
435 2125 736 2188 perindeque
776 2141 918 2174 suam
949 2125 1174 2173 futuram
1207 2139 1311 2172 esse
1342 2124 1617 2173 victoriam.
1670 2125 1793 2185 reqi-

99 2214 187 2262 que
216 2201 347 2247 iubet
375 2213 610 2260 responsa
639 2199 823 2248 Latino
863 2203 992 2247 certa
1021 2200 1203 2258 referre
1236 2199 1367 2246 viros
1399 2202 1442 2246 et
1462 2199 1608 2258 pacis
1638 2198 1794 2246 dicere

100 2275 246 2335 leyes:
276 2274 502 2321 futurum
531 2275 663 2322 inter
686 2290 736 2323 se
761 2274 1083 2335 Turnumque
1107 2275 1354 2321 certamen
1379 2272 1517 2321 iubet
1540 2271 1603 2320 ad
1626 2288 1793 2336 regem

99 2348 336 2395 Latinum
378 2350 487 2395 tota
531 2348 823 2396 maturitate
873 2347 1102 2409 perferri,
1151 2349 1210 2395 ut
1256 2347 1363 2410 ipse
1415 2347 1501 2409 qui
1550 2362 1791 2394 summam

99 2425 288 2471 teneret
310 2423 611 2484 potestatem
633 2423 771 2484 pacis
794 2422 927 2484 leges
953 2420 1150 2469 diceret.
1189 2437 1298 2470 ecce
1331 2424 1573 2484 quantum
1597 2420 1793 2468 Aeneae

101 2496 259 2557 dedit,
298 2502 356 2543 ut
392 2496 498 2557 ipse
537 2497 878 2544 consolaretur
907 2495 1100 2544 futuros
1137 2496 1191 2543 in
1223 2497 1325 2544 otio
1359 2497 1445 2558 qui
1476 2496 1642 2542 fuerat
1670 2511 1791 2558 pug—

221 2615 243 2653 1
284 2611 503 2654 harenam
538 2607 593 2650 V.
717 2611 742 2650 9
777 2621 900 2652 sevos
929 2606 971 2650 V
1007 2621 1168 2652 saevus
1199 2608 1270 2652 ed.
1395 2611 1449 2651 10
1480 2612 1677 2652 martam
1699 2605 1755 2651 V.
1784 2606 1789 2664 1

100 2683 202 2714 eum
233 2670 351 2724 poni
384 2667 438 2711 V.
563 2671 615 2710 11
660 2667 743 2711 hoc
780 2672 845 2711 est
880 2680 982 2711 eum
1015 2667 1058 2710 V
1089 2667 1159 2712 ed.
1196 2669 1237 2711 h.
1272 2681 1305 2712 e.
1340 2668 1482 2711 dum?
1605 2670 1659 2709 12
1689 2679 1794 2722 per-

101 2729 314 2782 ferentem
337 2727 379 2770 V
403 2726 686 2783 praeferente
709 2725 780 2769 ed.
868 2730 922 2769 15
954 2731 1182 2782 tvm-peccat
1203 2725 1259 2770 V.
1345 2730 1399 2768 16
1432 2740 1476 2770 se
1499 2724 1542 2767 V
1564 2725 1696 2769 illum
1720 2725 1792 2769 ed.

103 2791 159 2830 20
190 2801 281 2831 sese
311 2787 383 2830 ed.
477 2790 531 2828 22
564 2786 672 2840 post
700 2786 836 2840 finem
868 2785 1090 2829 dimidius
1120 2799 1278 2829 versus
1308 2797 1482 2832 vacuus
1513 2785 1563 2827 in
1586 2783 1642 2838 V,
1674 2783 1794 2827 nihil

103 2846 408 2889 desideratur.
532 2849 587 2888 26
626 2844 794 2888 discere
833 2843 948 2888 Don.
979 2844 1148 2901 legisse
1185 2858 1308 2899 susp.
1341 2843 1555 2900 Hoppius
1586 2843 1793 2899 speciose

62 2905 65 2907 ’
102 2907 294 2960 propter
328 2910 383 2949 ut
418 2906 512 2948 iam
527 2929 581 2935 —
596 2903 779 2957 audire,
818 2903 900 2946 sed
938 2902 1127 2947 obstant
1163 2902 1305 2947 verba
1343 2908 1396 2947 ut
1429 2904 1590 2958 ipse—
1605 2903 1794 2947 diceret:

103 2963 218 3007 Don.
259 2963 413 3007 locum
456 2963 522 3006 sic
565 2961 850 3006 intellexisse
889 2962 1093 3007 videtur:
1139 2967 1180 3007 et
1220 2963 1343 3007 iubet
1383 2976 1484 3007 eum
1525 2962 1791 3017 (Latinum)

97 3024 231 3078 pacis
260 3023 407 3067 dicere
439 3023 564 3079 leyes.
