<?xml version="1.0" encoding="UTF-8"?>
<!DOCTYPE html PUBLIC "-//W3C//DTD XHTML 1.0 Transitional//EN"
    "http://www.w3.org/TR/xhtml1/DTD/xhtml1-transitional.dtd">
<html xmlns="http://www.w3.org/1999/xhtml" xml:lang="en" lang="en">
 <head>
  <title>
</title>
<meta http-equiv="Content-Type" content="text/html;charset=utf-8" />
  <meta name='ocr-system' content='tesseract 3.04.00' />
  <meta name='ocr-capabilities' content='ocr_page ocr_carea ocr_par ocr_line ocrx_word'/>
</head>
<body>
  <div class='ocr_page' id='page_1' title='image "./interpretationes02donauoft_0187.png"; bbox 0 0 2050 3226; ppageno 0'>
   <div class='ocr_carea' id='block_1_1' title="bbox 66 1585 107 1616">
    <p class='ocr_par' dir='ltr' id='par_1_1' title="bbox 66 1585 107 1616">
     <span class='ocr_line' id='line_1_1' title="bbox 66 1585 107 1616; baseline 0.024 -1"><span class='ocrx_word' id='word_1_1' title='bbox 66 1585 107 1616; x_wconf 91' lang='lat'>10</span> 
     </span>
    </p>
   </div>
   <div class='ocr_carea' id='block_1_2' title="bbox 66 1953 108 1985">
    <p class='ocr_par' dir='ltr' id='par_1_2' title="bbox 66 1953 108 1985">
     <span class='ocr_line' id='line_1_2' title="bbox 66 1953 108 1985; baseline 0 0"><span class='ocrx_word' id='word_1_2' title='bbox 66 1953 108 1985; x_wconf 87' lang='lat'>15</span> 
     </span>
    </p>
   </div>
   <div class='ocr_carea' id='block_1_3' title="bbox 593 772 1372 829">
    <p class='ocr_par' dir='ltr' id='par_1_3' title="bbox 593 772 1372 829">
     <span class='ocr_line' id='line_1_3' title="bbox 593 772 1372 829; baseline -0.001 0"><span class='ocrx_word' id='word_1_3' title='bbox 593 772 983 829; x_wconf 83' lang='lat' dir='ltr'><strong>AENEIDOS</strong></span> <span class='ocrx_word' id='word_1_4' title='bbox 1023 773 1248 828; x_wconf 85' lang='lat' dir='ltr'>LIBER</span> <span class='ocrx_word' id='word_1_5' title='bbox 1276 773 1372 828; x_wconf 90' lang='lat' dir='ltr'>IX.</span> 
     </span>
    </p>
   </div>
   <div class='ocr_carea' id='block_1_4' title="bbox 137 897 1897 2298">
    <p class='ocr_par' dir='ltr' id='par_1_4' title="bbox 137 897 1897 2298">
     <span class='ocr_line' id='line_1_4' title="bbox 256 897 1839 961; baseline 0.001 -15"><span class='ocrx_word' id='word_1_6' title='bbox 256 897 416 958; x_wconf 77' lang='lat' dir='ltr'>Atque</span> <span class='ocrx_word' id='word_1_7' title='bbox 440 913 497 946; x_wconf 82' lang='lat' dir='ltr'>ea</span> <span class='ocrx_word' id='word_1_8' title='bbox 521 898 718 947; x_wconf 80' lang='lat' dir='ltr'>diversa</span> <span class='ocrx_word' id='word_1_9' title='bbox 740 899 940 959; x_wconf 74' lang='lat' dir='ltr'>penitus</span> <span class='ocrx_word' id='word_1_10' title='bbox 964 899 1082 946; x_wconf 77' lang='lat' dir='ltr'>dum</span> <span class='ocrx_word' id='word_1_11' title='bbox 1103 902 1250 958; x_wconf 77' lang='lat' dir='ltr'>parte</span> <span class='ocrx_word' id='word_1_12' title='bbox 1277 901 1538 960; x_wconf 75' lang='lat' dir='ltr'>yeruntur:</span> <span class='ocrx_word' id='word_1_13' title='bbox 1569 914 1680 946; x_wconf 90' lang='lat' dir='ltr'>cum</span> <span class='ocrx_word' id='word_1_14' title='bbox 1702 899 1839 961; x_wconf 88' lang='lat' dir='ltr'>haec,</span> 
     </span>
     <span class='ocr_line' id='line_1_5' title="bbox 137 972 1839 1037; baseline 0 -17"><span class='ocrx_word' id='word_1_15' title='bbox 137 972 320 1036; x_wconf 86' lang='lat' dir='ltr'>inquit,</span> <span class='ocrx_word' id='word_1_16' title='bbox 351 973 404 1020; x_wconf 92' lang='lat' dir='ltr'>in</span> <span class='ocrx_word' id='word_1_17' title='bbox 434 972 668 1021; x_wconf 89' lang='lat' dir='ltr'>interiore</span> <span class='ocrx_word' id='word_1_18' title='bbox 700 973 749 1020; x_wconf 89' lang='lat' dir='ltr'>et</span> <span class='ocrx_word' id='word_1_19' title='bbox 779 973 1004 1036; x_wconf 81' lang='lat' dir='ltr'>longiore</span> <span class='ocrx_word' id='word_1_20' title='bbox 1036 975 1178 1036; x_wconf 87' lang='lat' dir='ltr'>parte</span> <span class='ocrx_word' id='word_1_21' title='bbox 1209 974 1488 1037; x_wconf 75' lang='lat' dir='ltr'>agerentur,</span> <span class='ocrx_word' id='word_1_22' title='bbox 1511 973 1605 1021; x_wconf 90' lang='lat' dir='ltr'>hoc</span> <span class='ocrx_word' id='word_1_23' title='bbox 1630 975 1706 1022; x_wconf 90' lang='lat' dir='ltr'>est</span> <span class='ocrx_word' id='word_1_24' title='bbox 1729 989 1839 1021; x_wconf 91' lang='lat' dir='ltr'>cum</span> 
     </span>
     <span class='ocr_line' id='line_1_6' title="bbox 139 1046 1838 1110; baseline 0 -15"><span class='ocrx_word' id='word_1_25' title='bbox 139 1046 288 1095; x_wconf 89' lang='lat' dir='ltr'>armis</span> <span class='ocrx_word' id='word_1_26' title='bbox 322 1047 615 1096; x_wconf 90' lang='lat' dir='ltr'>caelestibus</span> <span class='ocrx_word' id='word_1_27' title='bbox 649 1048 699 1095; x_wconf 92' lang='lat' dir='ltr'>et</span> <span class='ocrx_word' id='word_1_28' title='bbox 730 1047 929 1095; x_wconf 78' lang='lat' dir='ltr'>auxiliis</span> <span class='ocrx_word' id='word_1_29' title='bbox 956 1048 1287 1095; x_wconf 70' lang='lat' dir='ltr'>instrueretur</span> <span class='ocrx_word' id='word_1_30' title='bbox 1311 1046 1521 1109; x_wconf 86' lang='lat' dir='ltr'>Aeneas,</span> <span class='ocrx_word' id='word_1_31' title='bbox 1547 1063 1670 1110; x_wconf 91' lang='lat' dir='ltr'>quos</span> <span class='ocrx_word' id='word_1_32' title='bbox 1696 1050 1838 1096; x_wconf 91' lang='lat' dir='ltr'>actus</span> 
     </span>
     <span class='ocr_line' id='line_1_7' title="bbox 137 1121 1837 1183; baseline 0.001 -15"><span class='ocrx_word' id='word_1_33' title='bbox 137 1121 369 1170; x_wconf 84' lang='lat' dir='ltr'>habuerit</span> <span class='ocrx_word' id='word_1_34' title='bbox 401 1122 597 1170; x_wconf 86' lang='lat' dir='ltr'>Turnus</span> <span class='ocrx_word' id='word_1_35' title='bbox 628 1123 778 1183; x_wconf 90' lang='lat' dir='ltr'>poeta</span> <span class='ocrx_word' id='word_1_36' title='bbox 817 1121 1066 1170; x_wconf 89' lang='lat' dir='ltr'>describit.</span> <span class='ocrx_word' id='word_1_37' title='bbox 1128 1122 1242 1170; x_wconf 85' lang='lat' dir='ltr'>vult</span> <span class='ocrx_word' id='word_1_38' title='bbox 1273 1122 1404 1169; x_wconf 90' lang='lat' dir='ltr'>enim</span> <span class='ocrx_word' id='word_1_39' title='bbox 1436 1121 1692 1170; x_wconf 71' lang='lat' dir='ltr'>ostendere</span> <span class='ocrx_word' id='word_1_40' title='bbox 1725 1137 1837 1170; x_wconf 91' lang='lat' dir='ltr'>con-</span> 
     </span>
     <span class='ocr_line' id='line_1_8' title="bbox 138 1195 1838 1260; baseline 0.001 -17"><span class='ocrx_word' id='word_1_41' title='bbox 138 1196 400 1258; x_wconf 87' lang='lat' dir='ltr'>paratione</span> <span class='ocrx_word' id='word_1_42' title='bbox 431 1196 568 1244; x_wconf 87' lang='lat' dir='ltr'>facta</span> <span class='ocrx_word' id='word_1_43' title='bbox 601 1195 765 1257; x_wconf 87' lang='lat' dir='ltr'>qualis</span> <span class='ocrx_word' id='word_1_44' title='bbox 789 1195 983 1244; x_wconf 85' lang='lat' dir='ltr'>Aeneas</span> <span class='ocrx_word' id='word_1_45' title='bbox 1015 1196 1069 1243; x_wconf 90' lang='lat' dir='ltr'>in</span> <span class='ocrx_word' id='word_1_46' title='bbox 1101 1195 1487 1260; x_wconf 73' lang='lat' dir='ltr'>cogitationibus</span> <span class='ocrx_word' id='word_1_47' title='bbox 1515 1195 1650 1257; x_wconf 90' lang='lat' dir='ltr'>belli,</span> <span class='ocrx_word' id='word_1_48' title='bbox 1675 1195 1838 1258; x_wconf 90' lang='lat' dir='ltr'>qualis</span> 
     </span>
     <span class='ocr_line' id='line_1_9' title="bbox 138 1263 1873 1336; baseline 0.001 -19"><span class='ocrx_word' id='word_1_49' title='bbox 138 1269 292 1318; x_wconf 89' lang='lat' dir='ltr'>fuerit</span> <span class='ocrx_word' id='word_1_50' title='bbox 314 1270 524 1318; x_wconf 87' lang='lat' dir='ltr'>Turnus.</span> <span class='ocrx_word' id='word_1_51' title='bbox 576 1270 630 1317; x_wconf 92' lang='lat' dir='ltr'>in</span> <span class='ocrx_word' id='word_1_52' title='bbox 660 1271 824 1332; x_wconf 89' lang='lat' dir='ltr'>prima</span> <span class='ocrx_word' id='word_1_53' title='bbox 856 1270 1039 1333; x_wconf 85' lang='lat' dir='ltr'>quippe</span> <span class='ocrx_word' id='word_1_54' title='bbox 1070 1271 1213 1332; x_wconf 88' lang='lat' dir='ltr'>parte</span> <span class='ocrx_word' id='word_1_55' title='bbox 1245 1271 1411 1318; x_wconf 86' lang='lat' dir='ltr'>octavi</span> <span class='ocrx_word' id='word_1_56' title='bbox 1441 1270 1558 1318; x_wconf 87' lang='lat' dir='ltr'>libri</span> <span class='ocrx_word' id='word_1_57' title='bbox 1581 1263 1701 1336; x_wconf 85' lang='lat'>(26)</span> <span class='ocrx_word' id='word_1_58' title='bbox 1727 1285 1839 1318; x_wconf 90' lang='lat' dir='ltr'>con·</span> <span class='ocrx_word' id='word_1_59' title='bbox 1871 1275 1873 1277; x_wconf 83' lang='grc'><strong>’</strong></span> 
     </span>
     <span class='ocr_line' id='line_1_10' title="bbox 138 1344 1841 1407; baseline 0 -15"><span class='ocrx_word' id='word_1_60' title='bbox 138 1346 390 1407; x_wconf 90' lang='lat' dir='ltr'>petentem</span> <span class='ocrx_word' id='word_1_61' title='bbox 412 1344 520 1393; x_wconf 86' lang='lat' dir='ltr'>viro</span> <span class='ocrx_word' id='word_1_62' title='bbox 545 1344 802 1392; x_wconf 88' lang='lat' dir='ltr'>Dardanio</span> <span class='ocrx_word' id='word_1_63' title='bbox 835 1344 1220 1393; x_wconf 90' lang='lat' dir='ltr'>sollicitudinem</span> <span class='ocrx_word' id='word_1_64' title='bbox 1251 1344 1390 1392; x_wconf 85' lang='lat' dir='ltr'>dedit</span> <span class='ocrx_word' id='word_1_65' title='bbox 1421 1344 1698 1393; x_wconf 88' lang='lat' dir='ltr'>describens</span> <span class='ocrx_word' id='word_1_66' title='bbox 1728 1360 1841 1392; x_wconf 90' lang='lat' dir='ltr'>eum</span> 
     </span>
     <span class='ocr_line' id='line_1_11' title="bbox 139 1417 1841 1482; baseline 0 -16"><span class='ocrx_word' id='word_1_67' title='bbox 139 1418 210 1466; x_wconf 90' lang='grc'>510</span> <span class='ocrx_word' id='word_1_68' title='bbox 240 1420 351 1467; x_wconf 90' lang='lat' dir='ltr'>tota</span> <span class='ocrx_word' id='word_1_69' title='bbox 379 1420 543 1467; x_wconf 89' lang='lat' dir='ltr'>mente</span> <span class='ocrx_word' id='word_1_70' title='bbox 575 1417 728 1468; x_wconf 85' lang='lat' dir='ltr'>fuisse</span> <span class='ocrx_word' id='word_1_71' title='bbox 756 1433 1065 1482; x_wconf 87' lang='lat' dir='ltr'>suspensum,</span> <span class='ocrx_word' id='word_1_72' title='bbox 1089 1420 1162 1480; x_wconf 91' lang='lat' dir='ltr'>ut,</span> <span class='ocrx_word' id='word_1_73' title='bbox 1189 1434 1302 1467; x_wconf 91' lang='lat' dir='ltr'>cum</span> <span class='ocrx_word' id='word_1_74' title='bbox 1327 1421 1455 1467; x_wconf 88' lang='lat' dir='ltr'>esset</span> <span class='ocrx_word' id='word_1_75' title='bbox 1478 1434 1576 1467; x_wconf 86' lang='lat' dir='ltr'>nox</span> <span class='ocrx_word' id='word_1_76' title='bbox 1600 1420 1650 1466; x_wconf 88' lang='lat' dir='ltr'>et</span> <span class='ocrx_word' id='word_1_77' title='bbox 1674 1419 1841 1466; x_wconf 88' lang='lat' dir='ltr'>omnia</span> 
     </span>
     <span class='ocr_line' id='line_1_12' title="bbox 139 1492 1841 1556; baseline 0 -16"><span class='ocrx_word' id='word_1_78' title='bbox 139 1492 337 1541; x_wconf 88' lang='lat' dir='ltr'>silentio</span> <span class='ocrx_word' id='word_1_79' title='bbox 389 1494 440 1541; x_wconf 89' lang='lat' dir='ltr'>et</span> <span class='ocrx_word' id='word_1_80' title='bbox 488 1493 651 1541; x_wconf 91' lang='lat' dir='ltr'>somni</span> <span class='ocrx_word' id='word_1_81' title='bbox 699 1493 870 1556; x_wconf 88' lang='lat' dir='ltr'>requie</span> <span class='ocrx_word' id='word_1_82' title='bbox 920 1494 1223 1555; x_wconf 90' lang='lat' dir='ltr'>tenerentur,</span> <span class='ocrx_word' id='word_1_83' title='bbox 1274 1493 1410 1541; x_wconf 91' lang='lat' dir='ltr'>solus</span> <span class='ocrx_word' id='word_1_84' title='bbox 1459 1493 1566 1556; x_wconf 89' lang='lat' dir='ltr'>ipse</span> <span class='ocrx_word' id='word_1_85' title='bbox 1605 1492 1841 1556; x_wconf 85' lang='lat' dir='ltr'>vigilaret</span> 
     </span>
     <span class='ocr_line' id='line_1_13' title="bbox 138 1566 1839 1631; baseline 0.001 -17"><span class='ocrx_word' id='word_1_86' title='bbox 138 1566 229 1615; x_wconf 91' lang='lat' dir='ltr'>sub</span> <span class='ocrx_word' id='word_1_87' title='bbox 269 1567 405 1615; x_wconf 91' lang='lat' dir='ltr'>caelo</span> <span class='ocrx_word' id='word_1_88' title='bbox 444 1569 495 1615; x_wconf 89' lang='lat' dir='ltr'>et</span> <span class='ocrx_word' id='word_1_89' title='bbox 531 1567 641 1615; x_wconf 92' lang='lat' dir='ltr'>loco</span> <span class='ocrx_word' id='word_1_90' title='bbox 681 1567 847 1631; x_wconf 87' lang='lat' dir='ltr'>gelido</span> <span class='ocrx_word' id='word_1_91' title='bbox 896 1568 1220 1629; x_wconf 88' lang='lat' dir='ltr'>constitutus,</span> <span class='ocrx_word' id='word_1_92' title='bbox 1266 1567 1596 1630; x_wconf 83' lang='lat' dir='ltr'>procumbens</span> <span class='ocrx_word' id='word_1_93' title='bbox 1635 1567 1688 1614; x_wconf 90' lang='lat' dir='ltr'>in</span> <span class='ocrx_word' id='word_1_94' title='bbox 1726 1568 1839 1629; x_wconf 89' lang='lat' dir='ltr'>ripa</span> 
     </span>
     <span class='ocr_line' id='line_1_14' title="bbox 137 1640 1839 1706; baseline 0 -18"><span class='ocrx_word' id='word_1_95' title='bbox 137 1640 376 1703; x_wconf 89' lang='lat' dir='ltr'>fluminis,</span> <span class='ocrx_word' id='word_1_96' title='bbox 408 1657 509 1689; x_wconf 91' lang='lat' dir='ltr'>non</span> <span class='ocrx_word' id='word_1_97' title='bbox 538 1641 728 1703; x_wconf 92' lang='lat' dir='ltr'>iacens,</span> <span class='ocrx_word' id='word_1_98' title='bbox 760 1641 850 1689; x_wconf 92' lang='lat' dir='ltr'>ubi</span> <span class='ocrx_word' id='word_1_99' title='bbox 880 1657 939 1690; x_wconf 84' lang='lat' dir='ltr'>ex</span> <span class='ocrx_word' id='word_1_100' title='bbox 969 1641 1228 1691; x_wconf 78' lang='lat' dir='ltr'>vicinitate</span> <span class='ocrx_word' id='word_1_101' title='bbox 1259 1641 1559 1706; x_wconf 87' lang='lat' dir='ltr'>frigidarum</span> <span class='ocrx_word' id='word_1_102' title='bbox 1591 1657 1839 1703; x_wconf 87' lang='lat' dir='ltr'>aquarum</span> 
     </span>
     <span class='ocr_line' id='line_1_15' title="bbox 140 1714 1839 1780; baseline -0.001 -16"><span class='ocrx_word' id='word_1_103' title='bbox 140 1717 434 1764; x_wconf 87' lang='lat' dir='ltr'>acerrimum</span> <span class='ocrx_word' id='word_1_104' title='bbox 472 1715 632 1780; x_wconf 87' lang='lat' dir='ltr'>frigus</span> <span class='ocrx_word' id='word_1_105' title='bbox 665 1718 716 1764; x_wconf 91' lang='lat' dir='ltr'>et</span> <span class='ocrx_word' id='word_1_106' title='bbox 748 1714 1091 1764; x_wconf 86' lang='lat' dir='ltr'>durissimum</span> <span class='ocrx_word' id='word_1_107' title='bbox 1101 1716 1220 1777; x_wconf 81' lang='lat' dir='ltr'>fuit,</span> <span class='ocrx_word' id='word_1_108' title='bbox 1259 1715 1552 1778; x_wconf 84' lang='lat' dir='ltr'>tardiusque</span> <span class='ocrx_word' id='word_1_109' title='bbox 1585 1715 1839 1777; x_wconf 89' lang='lat' dir='ltr'>dormisse,</span> 
     </span>
     <span class='ocr_line' id='line_1_16' title="bbox 138 1789 1839 1853; baseline 0.001 -16"><span class='ocrx_word' id='word_1_110' title='bbox 138 1805 238 1837; x_wconf 91' lang='lat' dir='ltr'>non</span> <span class='ocrx_word' id='word_1_111' title='bbox 275 1789 575 1852; x_wconf 85' lang='lat' dir='ltr'>voluptatis,</span> <span class='ocrx_word' id='word_1_112' title='bbox 623 1791 683 1838; x_wconf 94' lang='lat' dir='ltr'>ut</span> <span class='ocrx_word' id='word_1_113' title='bbox 722 1790 980 1853; x_wconf 89' lang='lat' dir='ltr'>apparuit,</span> <span class='ocrx_word' id='word_1_114' title='bbox 1028 1806 1201 1852; x_wconf 90' lang='grc'>031153,</span> <span class='ocrx_word' id='word_1_115' title='bbox 1253 1791 1339 1839; x_wconf 87' lang='lat' dir='ltr'>sed</span> <span class='ocrx_word' id='word_1_116' title='bbox 1376 1793 1434 1838; x_wconf 93' lang='lat' dir='ltr'>ut</span> <span class='ocrx_word' id='word_1_117' title='bbox 1473 1806 1585 1838; x_wconf 91' lang='lat' dir='ltr'>cum</span> <span class='ocrx_word' id='word_1_118' title='bbox 1624 1805 1680 1838; x_wconf 91' lang='lat' dir='ltr'>eo</span> <span class='ocrx_word' id='word_1_119' title='bbox 1720 1789 1839 1838; x_wconf 90' lang='lat' dir='ltr'>deus</span> 
     </span>
     <span class='ocr_line' id='line_1_17' title="bbox 140 1863 1897 1927; baseline 0 -15"><span class='ocrx_word' id='word_1_120' title='bbox 140 1880 197 1912; x_wconf 83' lang='lat' dir='ltr'>ex</span> <span class='ocrx_word' id='word_1_121' title='bbox 252 1865 508 1912; x_wconf 89' lang='lat' dir='ltr'>occasione</span> <span class='ocrx_word' id='word_1_122' title='bbox 557 1864 699 1927; x_wconf 93' lang='lat' dir='ltr'>loqui</span> <span class='ocrx_word' id='word_1_123' title='bbox 750 1881 962 1927; x_wconf 89' lang='lat' dir='ltr'>eumque</span> <span class='ocrx_word' id='word_1_124' title='bbox 1013 1880 1241 1913; x_wconf 89' lang='lat' dir='ltr'>securum</span> <span class='ocrx_word' id='word_1_125' title='bbox 1289 1863 1491 1913; x_wconf 86' lang='lat' dir='ltr'>reddere</span> <span class='ocrx_word' id='word_1_126' title='bbox 1544 1866 1595 1912; x_wconf 90' lang='lat' dir='ltr'>et</span> <span class='ocrx_word' id='word_1_127' title='bbox 1643 1864 1840 1912; x_wconf 89' lang='lat' dir='ltr'>firmare</span> <span class='ocrx_word' id='word_1_128' title='bbox 1895 1876 1897 1878; x_wconf 86' lang='grc'><em>·</em></span> 
     </span>
     <span class='ocr_line' id='line_1_18' title="bbox 141 1937 1840 2001; baseline -0.001 -15"><span class='ocrx_word' id='word_1_129' title='bbox 141 1937 347 1986; x_wconf 88' lang='grc'>001151110</span> <span class='ocrx_word' id='word_1_130' title='bbox 386 1939 645 2001; x_wconf 89' lang='lat' dir='ltr'>potuisset.</span> <span class='ocrx_word' id='word_1_131' title='bbox 710 1954 819 1987; x_wconf 89' lang='lat' dir='ltr'>ecce</span> <span class='ocrx_word' id='word_1_132' title='bbox 859 1941 909 1987; x_wconf 89' lang='lat' dir='ltr'>et</span> <span class='ocrx_word' id='word_1_133' title='bbox 939 1938 1020 1987; x_wconf 89' lang='lat' dir='ltr'>hic</span> <span class='ocrx_word' id='word_1_134' title='bbox 1051 1939 1272 1988; x_wconf 90' lang='lat' dir='ltr'>laborem</span> <span class='ocrx_word' id='word_1_135' title='bbox 1302 1938 1575 1987; x_wconf 85' lang='lat' dir='ltr'>maximum</span> <span class='ocrx_word' id='word_1_136' title='bbox 1607 1937 1840 2000; x_wconf 89' lang='lat' dir='ltr'>suscepit,</span> 
     </span>
     <span class='ocr_line' id='line_1_19' title="bbox 140 2011 1840 2077; baseline 0.001 -18"><span class='ocrx_word' id='word_1_137' title='bbox 140 2013 356 2074; x_wconf 84' lang='lat' dir='ltr'>perrexit</span> <span class='ocrx_word' id='word_1_138' title='bbox 395 2011 459 2060; x_wconf 88' lang='lat' dir='ltr'>ad</span> <span class='ocrx_word' id='word_1_139' title='bbox 503 2014 721 2061; x_wconf 84' lang='lat' dir='ltr'>remotas</span> <span class='ocrx_word' id='word_1_140' title='bbox 767 2013 967 2075; x_wconf 87' lang='lat' dir='ltr'>penitus</span> <span class='ocrx_word' id='word_1_141' title='bbox 1019 2014 1203 2077; x_wconf 82' lang='lat' dir='ltr'>partiS,</span> <span class='ocrx_word' id='word_1_142' title='bbox 1258 2014 1449 2061; x_wconf 87' lang='lat' dir='ltr'>scilicet</span> <span class='ocrx_word' id='word_1_143' title='bbox 1486 2014 1727 2061; x_wconf 86' lang='lat' dir='ltr'>venturus</span> <span class='ocrx_word' id='word_1_144' title='bbox 1766 2014 1840 2060; x_wconf 91' lang='lat' dir='ltr'>in-</span> 
     </span>
     <span class='ocr_line' id='line_1_20' title="bbox 141 2078 1839 2150; baseline 0 -16"><span class='ocrx_word' id='word_1_145' title='bbox 141 2085 389 2134; x_wconf 89' lang='lat' dir='ltr'>structior.</span> <span class='ocrx_word' id='word_1_146' title='bbox 457 2078 663 2135; x_wconf 31' lang='lat' dir='ltr'>interea*</span> <span class='ocrx_word' id='word_1_147' title='bbox 686 2088 890 2149; x_wconf 92' lang='lat' dir='ltr'>propter</span> <span class='ocrx_word' id='word_1_148' title='bbox 928 2103 1011 2136; x_wconf 89' lang='lat' dir='ltr'>eos</span> <span class='ocrx_word' id='word_1_149' title='bbox 1052 2087 1139 2150; x_wconf 90' lang='lat' dir='ltr'>qui</span> <span class='ocrx_word' id='word_1_150' title='bbox 1178 2087 1239 2135; x_wconf 93' lang='lat' dir='ltr'>ab</span> <span class='ocrx_word' id='word_1_151' title='bbox 1278 2087 1539 2135; x_wconf 89' lang='lat' dir='ltr'>intellectu</span> <span class='ocrx_word' id='word_1_152' title='bbox 1575 2080 1839 2134; x_wconf 84' lang='lat' dir='ltr'>manifesto</span> 
     </span>
     <span class='ocr_line' id='line_1_21' title="bbox 141 2160 1838 2225; baseline 0 -17"><span class='ocrx_word' id='word_1_153' title='bbox 141 2160 324 2209; x_wconf 89' lang='lat' dir='ltr'>diversi</span> <span class='ocrx_word' id='word_1_154' title='bbox 363 2162 482 2208; x_wconf 90' lang='lat' dir='ltr'>sunt</span> <span class='ocrx_word' id='word_1_155' title='bbox 519 2162 569 2208; x_wconf 92' lang='lat' dir='ltr'>et</span> <span class='ocrx_word' id='word_1_156' title='bbox 605 2162 788 2223; x_wconf 88' lang='lat' dir='ltr'>putant</span> <span class='ocrx_word' id='word_1_157' title='bbox 827 2161 1074 2210; x_wconf 88' lang='lat' dir='ltr'>diversam</span> <span class='ocrx_word' id='word_1_158' title='bbox 1111 2163 1308 2225; x_wconf 90' lang='lat' dir='ltr'>partem</span> <span class='ocrx_word' id='word_1_159' title='bbox 1348 2161 1492 2224; x_wconf 86' lang='lat' dir='ltr'>quasi</span> <span class='ocrx_word' id='word_1_160' title='bbox 1531 2160 1838 2210; x_wconf 84' lang='lat' dir='ltr'>adversario-</span> 
     </span>
     <span class='ocr_line' id='line_1_22' title="bbox 139 2234 1839 2298; baseline 0 -16"><span class='ocrx_word' id='word_1_161' title='bbox 139 2252 253 2283; x_wconf 87' lang='lat' dir='ltr'>rum</span> <span class='ocrx_word' id='word_1_162' title='bbox 291 2234 473 2282; x_wconf 87' lang='lat' dir='ltr'>dixisse</span> <span class='ocrx_word' id='word_1_163' title='bbox 497 2234 777 2298; x_wconf 88' lang='lat' dir='ltr'>Vergilium</span> <span class='ocrx_word' id='word_1_164' title='bbox 809 2234 1051 2284; x_wconf 89' lang='lat' dir='ltr'>addamus</span> <span class='ocrx_word' id='word_1_165' title='bbox 1085 2237 1387 2297; x_wconf 86' lang='lat' dir='ltr'>exemplum,</span> <span class='ocrx_word' id='word_1_166' title='bbox 1428 2238 1489 2283; x_wconf 91' lang='lat' dir='ltr'>ut</span> <span class='ocrx_word' id='word_1_167' title='bbox 1520 2234 1839 2284; x_wconf 89' lang='lat' dir='ltr'>ostendamus</span> 
     </span>
    </p>
   </div>
   <div class='ocr_carea' id='block_1_5' title="bbox 68 2308 1839 2374">
    <p class='ocr_par' dir='ltr' id='par_1_5' title="bbox 68 2308 1839 2374">
     <span class='ocr_line' id='line_1_23' title="bbox 68 2308 1839 2374; baseline 0.001 -19"><span class='ocrx_word' id='word_1_168' title='bbox 68 2323 86 2355; x_wconf 79' lang='lat'>2</span> <span class='ocrx_word' id='word_1_169' title='bbox 142 2309 337 2357; x_wconf 82' lang='lat' dir='ltr'>diversa</span> <span class='ocrx_word' id='word_1_170' title='bbox 367 2311 510 2371; x_wconf 85' lang='lat' dir='ltr'>parte</span> <span class='ocrx_word' id='word_1_171' title='bbox 542 2308 741 2372; x_wconf 91' lang='lat' dir='ltr'>longius</span> <span class='ocrx_word' id='word_1_172' title='bbox 775 2311 1008 2371; x_wconf 90' lang='lat' dir='ltr'>separata</span> <span class='ocrx_word' id='word_1_173' title='bbox 1033 2310 1325 2374; x_wconf 85' lang='lat' dir='ltr'>significare.</span> <span class='ocrx_word' id='word_1_174' title='bbox 1375 2310 1558 2372; x_wconf 91' lang='lat' dir='ltr'>quippe</span> <span class='ocrx_word' id='word_1_175' title='bbox 1585 2310 1638 2357; x_wconf 87' lang='lat' dir='ltr'>in</span> <span class='ocrx_word' id='word_1_176' title='bbox 1664 2310 1839 2372; x_wconf 86' lang='lat' dir='ltr'>quinto</span> 
     </span>
    </p>
   </div>
   <div class='ocr_carea' id='block_1_6' title="bbox 141 2377 1839 2668">
    <p class='ocr_par' dir='ltr' id='par_1_6' title="bbox 141 2377 1839 2668">
     <span class='ocr_line' id='line_1_24' title="bbox 141 2377 1839 2450; baseline 0 -20"><span class='ocrx_word' id='word_1_177' title='bbox 141 2383 267 2431; x_wconf 92' lang='lat' dir='ltr'>libro</span> <span class='ocrx_word' id='word_1_178' title='bbox 310 2377 469 2450; x_wconf 85' lang='lat'>(166)</span> <span class='ocrx_word' id='word_1_179' title='bbox 518 2383 592 2431; x_wconf 93' lang='lat' dir='ltr'>ait</span> <span class='ocrx_word' id='word_1_180' title='bbox 637 2399 774 2445; x_wconf 94' lang='lat' dir='ltr'>„quo</span> <span class='ocrx_word' id='word_1_181' title='bbox 826 2383 1048 2433; x_wconf 86' lang='lat' dir='ltr'>diversus</span> <span class='ocrx_word' id='word_1_182' title='bbox 1101 2383 1241 2432; x_wconf 83' lang='lat' dir='ltr'>abis‘?</span> <span class='ocrx_word' id='word_1_183' title='bbox 1307 2383 1491 2431; x_wconf 88' lang='lat' dir='ltr'>iterum</span> <span class='ocrx_word' id='word_1_184' title='bbox 1540 2386 1654 2446; x_wconf 90' lang='lat' dir='ltr'>pete</span> <span class='ocrx_word' id='word_1_185' title='bbox 1705 2398 1839 2443; x_wconf 87' lang='lat' dir='ltr'>saxa,</span> 
     </span>
     <span class='ocr_line' id='line_1_25' title="bbox 141 2455 1838 2519; baseline -0.001 -15"><span class='ocrx_word' id='word_1_186' title='bbox 141 2455 420 2519; x_wconf 89' lang='lat' dir='ltr'>Menoete“,</span> <span class='ocrx_word' id='word_1_187' title='bbox 470 2457 564 2505; x_wconf 89' lang='lat' dir='ltr'>hoc</span> <span class='ocrx_word' id='word_1_188' title='bbox 604 2458 679 2505; x_wconf 90' lang='lat' dir='ltr'>est</span> <span class='ocrx_word' id='word_1_189' title='bbox 723 2457 994 2519; x_wconf 87' lang='lat' dir='ltr'>plurimum</span> <span class='ocrx_word' id='word_1_190' title='bbox 1035 2474 1065 2506; x_wconf 92' lang='lat' dir='ltr'>a</span> <span class='ocrx_word' id='word_1_191' title='bbox 1102 2460 1236 2506; x_wconf 87' lang='lat' dir='ltr'>meta</span> <span class='ocrx_word' id='word_1_192' title='bbox 1275 2460 1326 2506; x_wconf 89' lang='lat' dir='ltr'>et</span> <span class='ocrx_word' id='word_1_193' title='bbox 1373 2473 1518 2506; x_wconf 90' lang='lat' dir='ltr'>cursu</span> <span class='ocrx_word' id='word_1_194' title='bbox 1564 2456 1838 2505; x_wconf 89' lang='lat' dir='ltr'>necessario</span> 
     </span>
     <span class='ocr_line' id='line_1_26' title="bbox 143 2525 1838 2599; baseline -0.001 -20"><span class='ocrx_word' id='word_1_195' title='bbox 143 2533 415 2593; x_wconf 87' lang='lat' dir='ltr'>separatus.</span> <span class='ocrx_word' id='word_1_196' title='bbox 506 2532 628 2579; x_wconf 91' lang='lat' dir='ltr'>item</span> <span class='ocrx_word' id='word_1_197' title='bbox 680 2531 734 2578; x_wconf 92' lang='lat' dir='ltr'>in</span> <span class='ocrx_word' id='word_1_198' title='bbox 787 2532 881 2579; x_wconf 92' lang='lat' dir='ltr'>hoc</span> <span class='ocrx_word' id='word_1_199' title='bbox 933 2531 1061 2579; x_wconf 91' lang='lat' dir='ltr'>libro</span> <span class='ocrx_word' id='word_1_200' title='bbox 1116 2525 1275 2599; x_wconf 86' lang='lat'>(691)</span> <span class='ocrx_word' id='word_1_201' title='bbox 1339 2532 1408 2580; x_wconf 93' lang='grc'>510</span> <span class='ocrx_word' id='word_1_202' title='bbox 1468 2532 1690 2594; x_wconf 89' lang='lat' dir='ltr'>positum</span> <span class='ocrx_word' id='word_1_203' title='bbox 1743 2533 1838 2578; x_wconf 88' lang='lat' dir='ltr'>est:</span> 
     </span>
     <span class='ocr_line' id='line_1_27' title="bbox 142 2604 1838 2668; baseline -0.001 -16"><span class='ocrx_word' id='word_1_204' title='bbox 142 2606 370 2666; x_wconf 89' lang='lat' dir='ltr'>„ductori</span> <span class='ocrx_word' id='word_1_205' title='bbox 401 2606 570 2653; x_wconf 89' lang='lat' dir='ltr'>Turno</span> <span class='ocrx_word' id='word_1_206' title='bbox 611 2604 806 2654; x_wconf 85' lang='lat' dir='ltr'>diversa</span> <span class='ocrx_word' id='word_1_207' title='bbox 844 2606 895 2653; x_wconf 90' lang='lat' dir='ltr'>in</span> <span class='ocrx_word' id='word_1_208' title='bbox 934 2607 1076 2668; x_wconf 86' lang='lat' dir='ltr'>parte</span> <span class='ocrx_word' id='word_1_209' title='bbox 1108 2604 1346 2668; x_wconf 83' lang='lat' dir='ltr'>furenti“,</span> <span class='ocrx_word' id='word_1_210' title='bbox 1375 2607 1469 2654; x_wconf 89' lang='lat' dir='ltr'>hoc</span> <span class='ocrx_word' id='word_1_211' title='bbox 1501 2608 1576 2654; x_wconf 87' lang='lat' dir='ltr'>est</span> <span class='ocrx_word' id='word_1_212' title='bbox 1608 2621 1637 2652; x_wconf 95' lang='lat' dir='ltr'>a</span> <span class='ocrx_word' id='word_1_213' title='bbox 1669 2605 1838 2651; x_wconf 88' lang='lat' dir='ltr'>Troia-</span> 
     </span>
    </p>
   </div>
   <div class='ocr_carea' id='block_1_7' title="bbox 143 2690 498 2697">
    <p class='ocr_par' dir='ltr' id='par_1_7' title="bbox 143 2690 498 2697">
     <span class='ocr_line' id='line_1_28' title="bbox 143 2690 498 2697; baseline 0 529"><span class='ocrx_word' id='word_1_214' title='bbox 143 2690 498 2697; x_wconf 95' lang='lat' dir='ltr'> </span> 
     </span>
    </p>
   </div>
   <div class='ocr_carea' id='block_1_8' title="bbox 144 2729 1840 3027">
    <p class='ocr_par' dir='ltr' id='par_1_8' title="bbox 144 2729 1840 3027">
     <span class='ocr_line' id='line_1_29' title="bbox 263 2729 1840 2789; baseline -0.001 -14"><span class='ocrx_word' id='word_1_215' title='bbox 263 2737 286 2775; x_wconf 95' lang='lat'>1</span> <span class='ocrx_word' id='word_1_216' title='bbox 327 2737 464 2788; x_wconf 78' lang='lat' dir='ltr'>utque</span> <span class='ocrx_word' id='word_1_217' title='bbox 503 2731 574 2775; x_wconf 89' lang='lat' dir='ltr'>ed.</span> <span class='ocrx_word' id='word_1_218' title='bbox 706 2736 730 2774; x_wconf 85' lang='lat'>2</span> <span class='ocrx_word' id='word_1_219' title='bbox 764 2733 816 2775; x_wconf 77' lang='lat' dir='ltr'>in</span> <span class='ocrx_word' id='word_1_220' title='bbox 845 2732 1060 2776; x_wconf 52' lang='lat' dir='ltr'>intimiore</span> <span class='ocrx_word' id='word_1_221' title='bbox 1083 2732 1125 2774; x_wconf 90' lang='lat' dir='ltr'><strong>V</strong></span> <span class='ocrx_word' id='word_1_222' title='bbox 1158 2733 1339 2777; x_wconf 79' lang='lat' dir='ltr'>diversa</span> <span class='ocrx_word' id='word_1_223' title='bbox 1370 2732 1440 2775; x_wconf 88' lang='lat' dir='ltr'>ed.</span> <span class='ocrx_word' id='word_1_224' title='bbox 1493 2731 1497 2789; x_wconf 88' lang='grc' dir='ltr'>Ι</span> <span class='ocrx_word' id='word_1_225' title='bbox 1556 2732 1763 2787; x_wconf 70' lang='lat' dir='ltr'>lonyiora</span> <span class='ocrx_word' id='word_1_226' title='bbox 1797 2729 1840 2772; x_wconf 95' lang='lat' dir='ltr'><strong>V</strong></span> 
     </span>
     <span class='ocr_line' id='line_1_30' title="bbox 144 2788 1840 2850; baseline -0.001 -15.97"><span class='ocrx_word' id='word_1_227' title='bbox 144 2792 214 2834; x_wconf 80' lang='lat' dir='ltr'>-ri</span> <span class='ocrx_word' id='word_1_228' title='bbox 252 2790 323 2836; x_wconf 90' lang='lat' dir='ltr'>ed.</span> <span class='ocrx_word' id='word_1_229' title='bbox 384 2792 388 2850; x_wconf 76' lang='grc' dir='ltr'>Ι</span> <span class='ocrx_word' id='word_1_230' title='bbox 447 2795 681 2848; x_wconf 73' lang='lat' dir='ltr'>eyerentur</span> <span class='ocrx_word' id='word_1_231' title='bbox 710 2790 754 2833; x_wconf 91' lang='lat' dir='ltr'>V</span> <span class='ocrx_word' id='word_1_232' title='bbox 791 2796 1031 2847; x_wconf 72' lang='lat' dir='ltr'>aqerentur</span> <span class='ocrx_word' id='word_1_233' title='bbox 1070 2791 1140 2835; x_wconf 89' lang='lat' dir='ltr'>ed.</span> <span class='ocrx_word' id='word_1_234' title='bbox 1180 2796 1471 2849; x_wconf 76' lang='lat' dir='ltr'>yererentur‘&gt;</span> <span class='ocrx_word' id='word_1_235' title='bbox 1593 2794 1618 2833; x_wconf 87' lang='lat'>5</span> <span class='ocrx_word' id='word_1_236' title='bbox 1660 2790 1765 2834; x_wconf 82' lang='lat' dir='ltr'>belli</span> <span class='ocrx_word' id='word_1_237' title='bbox 1797 2788 1840 2831; x_wconf 93' lang='lat' dir='ltr'><strong>V</strong></span> 
     </span>
     <span class='ocr_line' id='line_1_31' title="bbox 144 2847 1840 2906; baseline 0 -14"><span class='ocrx_word' id='word_1_238' title='bbox 144 2850 182 2893; x_wconf 89' lang='lat' dir='ltr'>b.</span> <span class='ocrx_word' id='word_1_239' title='bbox 209 2855 251 2894; x_wconf 83' lang='lat' dir='ltr'>et</span> <span class='ocrx_word' id='word_1_240' title='bbox 281 2850 352 2894; x_wconf 83' lang='lat' dir='ltr'>ed.</span> <span class='ocrx_word' id='word_1_241' title='bbox 439 2854 494 2893; x_wconf 90' lang='grc'>10</span> <span class='ocrx_word' id='word_1_242' title='bbox 525 2851 578 2893; x_wconf 74' lang='lat' dir='ltr'>in</span> <span class='ocrx_word' id='word_1_243' title='bbox 606 2851 758 2905; x_wconf 75' lang='lat' dir='ltr'>ripam</span> <span class='ocrx_word' id='word_1_244' title='bbox 781 2848 837 2903; x_wconf 91' lang='lat' dir='ltr'>V,</span> <span class='ocrx_word' id='word_1_245' title='bbox 871 2850 952 2893; x_wconf 88' lang='lat' dir='ltr'>sed</span> <span class='ocrx_word' id='word_1_246' title='bbox 983 2850 1033 2893; x_wconf 88' lang='lat' dir='ltr'>in</span> <span class='ocrx_word' id='word_1_247' title='bbox 1065 2849 1172 2894; x_wconf 91' lang='lat' dir='ltr'><strong>VIII</strong></span> <span class='ocrx_word' id='word_1_248' title='bbox 1202 2853 1254 2894; x_wconf 75' lang='lat' dir='ltr'>in</span> <span class='ocrx_word' id='word_1_249' title='bbox 1284 2852 1402 2906; x_wconf 79' lang='lat' dir='ltr'>ripa.</span> <span class='ocrx_word' id='word_1_250' title='bbox 1490 2854 1544 2892; x_wconf 84' lang='lat'>14</span> <span class='ocrx_word' id='word_1_251' title='bbox 1574 2849 1774 2903; x_wconf 78' lang='lat' dir='ltr'>formare</span> <span class='ocrx_word' id='word_1_252' title='bbox 1797 2847 1840 2891; x_wconf 93' lang='lat' dir='ltr'><strong>V</strong></span> 
     </span>
     <span class='ocr_line' id='line_1_32' title="bbox 145 2907 1834 2967; baseline -0.001 -15"><span class='ocrx_word' id='word_1_253' title='bbox 145 2922 259 2952; x_wconf 89' lang='lat' dir='ltr'>corr.</span> <span class='ocrx_word' id='word_1_254' title='bbox 285 2909 356 2953; x_wconf 92' lang='lat' dir='ltr'>ed.</span> <span class='ocrx_word' id='word_1_255' title='bbox 443 2914 498 2952; x_wconf 86' lang='lat'>24</span> <span class='ocrx_word' id='word_1_256' title='bbox 530 2909 710 2953; x_wconf 75' lang='lat' dir='ltr'>ductori</span> <span class='ocrx_word' id='word_1_257' title='bbox 738 2910 895 2953; x_wconf 70' lang='lat' dir='ltr'>Turno</span> <span class='ocrx_word' id='word_1_258' title='bbox 920 2922 1009 2953; x_wconf 90' lang='lat' dir='ltr'>om.</span> <span class='ocrx_word' id='word_1_259' title='bbox 1034 2909 1105 2953; x_wconf 90' lang='lat' dir='ltr'>ed.</span> <span class='ocrx_word' id='word_1_260' title='bbox 1137 2910 1140 2967; x_wconf 92' lang='grc' dir='ltr'>Ι</span> <span class='ocrx_word' id='word_1_261' title='bbox 1170 2911 1349 2954; x_wconf 71' lang='lat' dir='ltr'>diversa</span> <span class='ocrx_word' id='word_1_262' title='bbox 1365 2914 1500 2965; x_wconf 71' lang='lat' dir='ltr'>parte</span> <span class='ocrx_word' id='word_1_263' title='bbox 1524 2907 1580 2962; x_wconf 94' lang='lat' dir='ltr'>V,</span> <span class='ocrx_word' id='word_1_264' title='bbox 1613 2909 1664 2951; x_wconf 84' lang='lat' dir='ltr'>at</span> <span class='ocrx_word' id='word_1_265' title='bbox 1692 2922 1732 2952; x_wconf 86' lang='lat' dir='ltr'>v.</span> <span class='ocrx_word' id='word_1_266' title='bbox 1752 2911 1834 2952; x_wconf 85' lang='lat'>691</span> 
     </span>
     <span class='ocr_line' id='line_1_33' title="bbox 145 2968 694 3027; baseline 0.004 -17"><span class='ocrx_word' id='word_1_267' title='bbox 145 2968 186 3011; x_wconf 84' lang='lat' dir='ltr'>d.</span> <span class='ocrx_word' id='word_1_268' title='bbox 213 2969 265 3013; x_wconf 76' lang='lat' dir='ltr'>in</span> <span class='ocrx_word' id='word_1_269' title='bbox 290 2982 338 3024; x_wconf 75' lang='lat' dir='ltr'>p.</span> <span class='ocrx_word' id='word_1_270' title='bbox 390 2968 395 3027; x_wconf 79' lang='lat' dir='ltr'>l</span> <span class='ocrx_word' id='word_1_271' title='bbox 446 2982 476 3012; x_wconf 90' lang='lat' dir='ltr'>a</span> <span class='ocrx_word' id='word_1_272' title='bbox 508 2981 595 3011; x_wconf 89' lang='lat' dir='ltr'>om.</span> <span class='ocrx_word' id='word_1_273' title='bbox 623 2968 694 3012; x_wconf 87' lang='lat' dir='ltr'>ed.</span> 
     </span>
    </p>
   </div>
  </div>
 </body>
</html>
