2050 3226
243 159 312 211 74
711 153 946 199 DONATI
975 153 1253 198 INTERPR.
1279 152 1460 198 VERG.

239 296 397 344 solam
419 295 624 342 humani
654 293 846 358 generis
878 295 1180 358 cognoverat
1209 293 1487 355 lenitatem,
1520 311 1576 344 co
1608 295 1685 343 vel
1717 295 1930 342 maxime

240 369 376 433 quod
412 364 609 431 puellae
650 368 833 417 Silviae
872 368 1176 431 promptiore
1207 368 1524 416 excolebatur
1553 367 1775 431 adfectu,
1813 384 1929 416 nam

239 443 472 507 pectebat
501 443 681 504 ferum,
711 442 874 490 ferum
904 443 1087 490 natura
1126 441 1277 501 dixit,
1315 458 1415 490 non
1445 443 1687 504 moribus,
1725 442 1931 491 lavabat

240 520 294 565 in
331 518 468 566 fonte
520 518 614 565 hoc
667 518 743 565 est
793 516 847 564 in
901 532 1032 579 aqua
1084 516 1413 564 mundissima
1466 518 1517 564 et
1569 517 1675 564 eius
1731 532 1930 565 ramosa

240 608 426 640 cornua
465 592 608 639 sertis
640 590 907 639 intexebat.
975 591 1156 651 ferum,
1197 590 1332 653 quod
1363 592 1514 639 semel
1543 592 1732 653 posuit,
1773 591 1928 638 omni—

160 723 165 726 ,
239 666 332 714 bus
373 681 499 728 quae
538 665 673 713 dicta
711 666 827 713 sunt
864 680 953 713 nos
994 663 1224 712 debemus
1264 666 1458 727 aptare,
1500 667 1560 714 ut
1598 666 1664 713 sit
1700 665 1930 727 pectebat

239 741 422 801 ferum,
482 739 686 787 lavabat
738 739 921 799 ferum,
975 738 1246 787 coronabat
1297 739 1472 788 ferum.
1551 738 1745 787 addidit
1797 755 1929 787 nunc

240 814 402 863 laudis
443 815 550 862 eius
590 815 937 877 augmentum,
978 813 1110 874 quod
1147 813 1270 860 haec
1306 813 1393 861 ille
1431 813 1624 861 ferebat
1657 813 1929 875 patienter:

240 905 357 936 nam
386 889 550 936 totum
582 887 714 950 quod
743 887 913 950 puella
942 887 1159 935 faciebat
1187 887 1368 935 habuit
1403 903 1582 949 moras,
1614 890 1665 935 et
1693 887 1931 935 reluctari

239 962 505 1025 potuisset,
543 962 643 1010 nisi
680 962 962 1010 naturalem
994 962 1225 1009 animalis
1258 977 1456 1009 sensum
1488 961 1739 1010 studiosae
1778 961 1928 1025 virgi-

240 1037 315 1085 nis
363 1035 708 1100 magisterium
753 1037 1106 1099 permutasset3
1156 1037 1217 1083 ut
1262 1037 1394 1083 enim
1438 1035 1651 1083 libenter
1695 1035 1930 1084 universa

239 1111 500 1173 perferret,
540 1109 782 1158 didicerat
820 1109 1048 1158 oboedire
1087 1111 1387 1172 praeceptis3
1433 1126 1534 1158 non
1573 1109 1703 1157 enim
1741 1110 1930 1157 frustra

239 1185 458 1247 positum
490 1187 566 1232 est
596 1184 858 1232 adsuetum
888 1184 1131 1246 imperiis3
1164 1185 1347 1246 quippe
1380 1185 1491 1247 quis
1523 1184 1741 1232 crederet
1770 1184 1931 1232 ferum

242 1259 471 1307 animalis
511 1274 668 1322 genus
708 1255 759 1306 et
794 1274 949 1306 manu
985 1259 1180 1319 puellae
1211 1259 1433 1320 potuisse
1465 1257 1689 1322 contingi
1719 1260 1768 1306 et
1798 1259 1932 1320 pecti

242 1337 292 1381 et
329 1334 491 1382 lavari
527 1334 581 1380 in
619 1333 756 1380 fonte
785 1334 839 1380 et
869 1332 1061 1380 coronis
1094 1333 1282 1393 ornari,
1321 1332 1420 1380 nisi
1450 1333 1790 1395 praemisisset
1818 1332 1929 1380 ideo

240 1408 361 1455 haec
409 1407 545 1454 facta
595 1406 729 1469 quod
776 1406 862 1453 ille
913 1421 1086 1454 cervus
1136 1406 1331 1453 iubenti
1379 1422 1552 1469 parere
1598 1406 1829 1468 primitus
1882 1409 1930 1454 et

135 1490 223 1530 490
239 1481 375 1530 iussa
421 1481 647 1543 conplere
693 1479 979 1528 didicisset?
1055 1480 1155 1536 ille,
1205 1495 1360 1528 mana
1398 1481 1598 1540 patiens
1646 1494 1931 1539 mensaeque

242 1556 472 1604 adsuetas
511 1555 631 1610 erili,
673 1555 870 1602 errabat
906 1555 1043 1601 silvis
1080 1568 1347 1612 rursusque
1378 1555 1444 1602 ad
1475 1555 1649 1602 limina
1683 1558 1799 1601 nota
1828 1555 1932 1614 ipse

241 1631 436 1677 demumr
465 1643 578 1676 sera
608 1629 830 1687 quamvis
860 1642 910 1675 se
940 1631 1072 1675 noete
1101 1629 1309 1687 ferebat:
1345 1644 1471 1690 quae
1502 1628 1708 1675 fuerunt
1733 1628 1932 1690 potiora

240 1703 403 1751 laudis
443 1704 547 1750 eius
587 1702 651 1750 ad
688 1703 924 1750 ultimum
962 1703 1215 1750 reservata
1254 1704 1392 1763 sunt,
1434 1703 1566 1763 quod
1605 1702 1805 1750 errabat
1842 1719 1932 1764 per

241 1779 392 1827 silvas
425 1780 476 1825 et
510 1777 765 1825 remeabat
796 1776 860 1823 ad
892 1776 1092 1824 domum
1130 1791 1219 1823 nec
1257 1776 1653 1824 confundebatur
1684 1776 1789 1824 eius
1818 1792 1930 1839 cog-

240 1853 388 1912 nitio,
427 1851 622 1899 etiamsi
659 1850 891 1899 tenebrae
922 1850 1080 1897 noctis
1109 1849 1403 1910 inruissent‚
1441 1850 1765 1913 intellegebat
1801 1851 1931 1898 unde

241 1927 422 1974 exisset
453 1928 502 1973 et
534 1940 632 1987 quo
672 1924 768 1973 sibi
799 1925 935 1972 esset·
956 1925 1229 1971 necessario
1261 1925 1579 1972 redeundum.
1633 1925 1779 1973 huius
1812 1941 1931 1986 quo-

242 2016 338 2062 que
377 2000 519 2059 facti,
560 2000 797 2060 quoniam
834 1997 1138 2045 incredibilis
1170 1998 1347 2046 relatio
1379 1998 1537 2046 videri
1567 1999 1758 2061 potuit,
1789 2015 1930 2060 prae-

240 2074 360 2122 tulit
421 2088 622 2121 eausam
686 2088 784 2134 qua
845 2071 972 2119 illud
1025 2071 1131 2119 fieri
1184 2072 1404 2134 potuisse
1459 2073 1564 2120 sine
1618 2072 1928 2121 dubitatione

240 2149 553 2196 monstraret.
603 2147 814 2208 patiens,
836 2146 1018 2208 inquit,
1043 2146 1142 2193 fuit
1163 2162 1336 2193 manu:
1370 2162 1455 2194 cur
1476 2147 1661 2195 reverti
1690 2149 1931 2195 metueret

242 2223 329 2284 qui
366 2222 611 2268 humanae
642 2235 817 2268 manus
850 2220 1014 2267 nullas
1045 2220 1298 2268 metuebat
1327 2220 1569 2268 insidias?
1614 2236 1811 2268 mensae
1845 2221 1927 2268 do-

240 2296 365 2344 mini
403 2296 483 2343 sui
522 2310 608 2342 cur
645 2294 936 2342 formidaret
974 2309 1246 2354 accessum,
1284 2294 1371 2341 ubi
1403 2295 1710 2342 conservatio
1751 2295 1928 2342 salutis

242 2371 348 2418 eius
387 2371 501 2417 tuta
539 2369 705 2416 fuerat
742 2371 793 2415 et
831 2368 1035 2416 satietas
1075 2367 1295 2416 ventris?
1353 2369 1474 2416 haec
1512 2369 1669 2432 igitur
1704 2368 1790 2415 ille
1829 2384 1928 2415 non

241 2445 425 2492 faceret
464 2445 636 2490 contra
673 2443 960 2490 institutum
1000 2443 1192 2505 generis
1234 2443 1332 2501 sui,
1378 2443 1476 2490 nisi
1520 2442 1656 2489 illius
1694 2443 1928 2489 naturam

240 2516 559 2566 multiformis
590 2516 847 2564 hominum
877 2515 1157 2578 benignitas
1189 2518 1533 2577 permutasset.
1604 2516 1731 2562 hune
1753 2517 1930 2574 procat

242 2595 483 2640 errantem
510 2590 715 2638 rabidae
743 2590 966 2637 venantis
996 2590 1102 2636 Iuli
1132 2604 1420 2637 commovere
1451 2604 1607 2646 canes,
1639 2590 1788 2647 flavio
1821 2604 1929 2636 eam

364 2737 388 2775 9
419 2745 570 2776 moras
591 2730 634 2774 V
663 2735 844 2787 yratam
876 2729 947 2772 ed.
1042 2733 1095 2772 10
1124 2734 1266 2785 potest
1289 2729 1331 2772 V
1355 2731 1579 2786 potuisset
1608 2729 1679 2773 ed.
1775 2734 1827 2772 15
1861 2731 1928 2773 la-

242 2807 349 2836 vare
380 2791 422 2834 V
454 2805 567 2834 corr.
600 2790 670 2833 ed.
716 2789 721 2848 Ι
766 2790 860 2832 nisi
890 2788 931 2830 V
962 2803 1006 2832 rc.
1031 2789 1140 2832 haec
1171 2789 1243 2832 ed.
1359 2793 1412 2831 17
1445 2803 1587 2832 manu
1617 2789 1682 2845 (et
1713 2789 1853 2844 infra)
1886 2788 1928 2830 V

243 2866 429 2894 manum
460 2850 531 2893 ed.
655 2853 710 2892 18
742 2849 850 2892 ereli
879 2847 934 2891 V.
1058 2852 1110 2890 21
1145 2848 1207 2890 ad
1238 2861 1326 2892 om.
1360 2848 1431 2891 ed.
1476 2847 1480 2906 Ι
1526 2848 1722 2904 eoym‘tio
1752 2847 1795 2890 V
1825 2861 1928 2891 eon-

242 2911 414 2953 iunctio
458 2909 527 2952 ed.
651 2913 706 2951 22
749 2908 928 2951 etiamsi
956 2905 998 2948 V
1037 2907 1119 2950 etsi
1161 2906 1231 2950 ed.
1363 2911 1416 2949 29
1455 2908 1634 2951 saciata
1663 2906 1704 2949 V
1742 2908 1928 2951 satietas

243 2968 382 3011 HOU
416 2968 486 3011 ed.
521 2982 580 3010 an
610 2968 828 3011 satiatio?
936 2969 990 3007 32
1022 2966 1206 3020 rapide,
1235 2964 1358 3008 infra
1389 2965 1461 3009 bis
1492 2965 1684 3022 rapidae
1715 2964 1770 3020 V,
1803 2966 1927 3020 quod

1963 974 2005 1005 10

1963 1342 2005 1374 15

1961 1714 2005 1747 20

1961 2084 2003 2116 25

1959 2453 2003 2485 30
