2050 3226
233 181 342 236 546
704 179 937 224 DONATI
965 178 1247 223 INTERPR.
1271 178 1453 224 VERG.

231 334 364 367 nanc
391 319 643 379 promissa
679 319 885 379 reposci,
935 332 986 366 se
1023 318 1215 379 siynari
1250 318 1426 366 oculis:
1474 334 1532 367 ex
1573 334 1631 367 eo
1672 317 1805 381 quod
1843 318 1922 367 de-

233 396 362 443 serto
400 393 530 442 bello
571 409 738 441 omnes
777 393 926 441 simul
958 392 1022 440 ad
1052 391 1270 441 civitatis
1302 394 1416 441 tuta
1451 391 1811 441 contenderunt
1847 392 1922 441 111-

230 467 423 516 tellexit
469 469 666 516 Turnus
714 466 836 529 quid
883 465 942 513 de
997 481 1191 514 summa
1234 466 1354 514 belli
1402 466 1625 516 universi
1670 466 1924 527 sentirent,

232 542 469 606 colligens
509 557 567 589 ex
603 542 798 589 ratione
829 543 1085 604 gestorum
1115 541 1307 604 reposci
1337 540 1751 603 pollicitationem
1782 555 1924 589 suam

232 632 332 680 qua
363 615 488 664 dixit
520 610 631 682 (11,
656 609 788 682 434)
819 615 1029 677 „quodsi
1058 631 1136 662 me
1169 615 1331 662 solum
1360 614 1538 663 Teucri
1567 615 1620 662 in
1653 614 1924 663 certamina
1977 627 1998 661 5

229 693 444 753 poscunt
478 689 629 752 idque
667 689 833 751 placet
870 691 1164 752 tantumque
1204 689 1344 736 bonis
1385 688 1727 738 communibus
1767 689 1922 737 obsto,

139 781 143 784 ’
229 780 329 812 11011
369 763 490 812 adeo
527 764 618 812 has
658 779 806 812 exosa
842 779 1020 812 manus
1059 763 1269 811 victoria
1307 763 1461 828 fugit,
1507 765 1568 811 ut
1603 765 1749 812 tanta
1788 762 1922 826 quic-

231 854 383 900 quam
420 854 510 900 pro
550 853 636 900 spe
667 840 912 900 temptare
942 853 1182 885 recusem:
1219 836 1302 884 ibo
1336 836 1514 886 animis
1553 835 1770 886 contra“.
1829 837 1924 886 hoc
2006 890 2010 894 ,

227 912 394 975 ipsum
432 912 551 974 quia
588 913 796 960 noverat
832 911 1007 975 negari
1044 928 1142 960 non
1179 926 1346 974 posse,
1385 911 1518 975 quod
1554 912 1608 959 in
1639 911 1923 959 celebritate

230 986 447 1047 concilii,
495 985 548 1033 in
588 1001 739 1034 causa
777 985 979 1049 publica
1018 987 1068 1033 et
1105 986 1186 1034 vel
1230 986 1444 1033 maxime
1485 1001 1597 1048 sua,
1639 984 1694 1033 in
1733 981 1770 1050 †
1810 1001 1921 1034 con·
1957 999 1999 1032 10

227 1060 366 1109 flictu
406 1076 462 1108 ac
500 1076 615 1124 rege
653 1061 914 1122 praesente
963 1060 1070 1123 ipse
1109 1075 1160 1108 se
1206 1060 1458 1122 professus
1506 1061 1582 1108 est
1627 1059 1924 1120 subiturum,

227 1135 354 1182 altro
406 1135 720 1194 inplacabilis
770 1134 930 1182 ardel:
983 1133 1189 1182 ardebat
1241 1132 1499 1182 iracundia
1552 1135 1601 1182 et
1654 1133 1923 1182 obsistente

227 1210 422 1257 ratione
467 1209 707 1272 temporis
753 1208 881 1256 iram
925 1208 1089 1271 ipsam
1137 1208 1293 1257 lenire
1338 1209 1528 1256 ultione
1573 1223 1674 1255 non
1711 1209 1922 1271 poterat.

229 1283 489 1342 attollitque
529 1283 719 1331 animos
728 1300 747 1341 ,·
793 1282 965 1331 debuit
1009 1283 1141 1330 enim
1186 1282 1319 1331 ultro
1362 1283 1488 1331 velle
1527 1282 1661 1344 quod
1697 1297 1924 1331 recusare

227 1372 327 1405 11011
366 1359 586 1419 poterat,
626 1357 797 1405 debuit
836 1358 989 1405 etiam
1026 1357 1215 1406 invitus
1254 1357 1381 1405 velle
1421 1356 1555 1418 quod
1593 1355 1923 1405 abnuentibus
1955 1369 1997 1403 15

228 1432 417 1480 cunctis
458 1431 521 1479 ad
558 1431 715 1494 ipsius
763 1430 1040 1493 periculum
1079 1432 1242 1479 fuerat
1286 1430 1575 1479 rediturum.
1651 1432 1924 1479 Poenorum

229 1506 388 1566 qualis
423 1506 478 1552 in
518 1506 652 1553 arvis
691 1505 891 1553 saucias
927 1505 1008 1553 ille
1043 1506 1188 1566 yravi
1224 1508 1489 1553 venantum
1525 1505 1724 1553 vulnere
1754 1508 1923 1565 pectas

227 1583 329 1627 tam
368 1580 560 1627 demam
597 1582 752 1627 movet
796 1594 940 1627 arma
982 1580 1076 1627 leo:
1127 1579 1430 1639 Poenorum,
1477 1577 1662 1641 inquit,
1707 1579 1801 1627 hoc
1847 1581 1923 1626 est

227 1653 486 1715 AfrOrum,
537 1669 746 1716 quorum
787 1652 1071 1717 regionibus
1110 1654 1275 1702 leones
1314 1653 1487 1716 magni
1523 1654 1818 1714 nascuntur3
1873 1654 1923 1699 et

225 1730 356 1776 recte
395 1728 528 1776 leoni
573 1730 877 1790 conparatur
924 1744 1029 1790 rex,
1078 1728 1232 1775 habet
1278 1729 1410 1775 enim
1454 1727 1540 1775 1110
1585 1727 1718 1775 inter
1763 1727 1920 1774 omnis
1953 1742 1996 1775 20
2049 1730 2050 1733 ’

226 1802 356 1850 feras
388 1801 660 1850 maximum
691 1801 1049 1864 principatum,
1080 1803 1138 1849 ut
1166 1801 1382 1850 habebat
1408 1801 1541 1848 inter
1571 1816 1684 1849 suos
1710 1801 1920 1849 Turnus.

227 1875 312 1924 sed
345 1878 645 1938 conparatur
675 1877 965 1925 vulneratae
996 1876 1183 1924 bestiae
1217 1877 1266 1924 et
1288 1875 1439 1923 infixo
1463 1874 1709 1924 venabulo
1734 1875 1922 1923 frustra

227 1950 487 2012 saevienti3
527 1950 596 1998 010
635 1951 767 1998 0111111
799 1949 995 1998 defectu
1026 1950 1247 1998 omnium
1280 1950 1422 2012 quasi
1454 1949 1596 1997 letali
1630 1950 1782 2012 plaga
1812 1965 1919 2012 per-

227 2039 397 2072 cussus
429 2024 594 2072 fuerat
618 2021 829 2085 Turnus,
862 2040 918 2072 eo
949 2024 1109 2088 magis
1136 2023 1408 2084 ardescens,
1441 2025 1562 2086 quia
1591 2039 1680 2072 nec
1708 2023 1920 2087 effugere

225 2113 457 2160 praesens
497 2099 774 2160 periculum
815 2100 1013 2160 poterat
1050 2115 1138 2147 nec
1183 2098 1426 2147 invidiam
1473 2099 1748 2146 concitatae
1794 2097 1918 2146 sedi·
1951 2111 1993 2144 25

223 2171 375 2220 tionis
402 2172 571 2233 aliqua
593 2172 784 2220 ultione
809 2171 1080 2220 defendere.
1128 2172 1398 2233 yaadetqae
1422 2172 1655 2220 comantis
1679 2172 1920 2220 caecutiens

226 2247 404 2294 cervice
442 2249 568 2293 loros
612 2245 886 2307 [fixamque
926 2247 1129 2294 latronis
1169 2246 1433 2307 inpavidas
1470 2247 1658 2306 franyil
1694 2246 1839 2293 telam
1878 2248 1920 2292 et

223 2320 390 2379 fremit
425 2334 505 2367 ore
544 2319 789 2381 cruentos·
835 2321 927 2382 010,
966 2321 1154 2382 inquit,
1194 2319 1458 2369 attollebat
1496 2321 1686 2367 animos
1724 2319 1915 2381 positus

224 2395 278 2441 in
317 2394 420 2442 suis
460 2393 828 2442 calamitatibus
862 2394 1078 2456 Turnus,
1117 2397 1175 2442 ut
1214 2395 1426 2456 speciem
1456 2393 1915 2443 videreturhabere

226 2468 512 2530 gaudentis,
570 2483 630 2515 ne
685 2468 1026 2530 desperatione
1080 2470 1298 2516 extrema
1352 2467 1595 2515 deiectum
1649 2466 1917 2530 quisquam
1947 2481 1992 2514 30

345 2584 369 2621 2
411 2584 511 2623 tuta
541 2578 583 2623 V
622 2584 737 2623 tecta
776 2579 847 2622 ed.
970 2584 995 2623 5
1036 2594 1151 2635 qaae
1181 2579 1223 2623 V
1252 2579 1322 2623 ed.
1363 2593 1454 2635 qua
1492 2592 1589 2622 nos.
1713 2582 1766 2621 10
1809 2591 1915 2622 con-

224 2639 352 2694 flictu
386 2637 428 2681 V
460 2638 530 2682 ed.
575 2652 669 2681 non
710 2638 862 2681 minus
907 2641 1175 2694 corruptum
1213 2640 1327 2694 puto
1369 2653 1506 2694 quam
1545 2653 1584 2681 v.
1619 2641 1689 2691 30,
1728 2651 1835 2680 nam
1876 2637 1915 2680 si

224 2697 378 2753 iurgia
400 2697 596 2740 Drancis
628 2697 942 2754 intellegeret,
976 2711 1144 2742 nomen
1174 2697 1302 2740 haud
1335 2696 1475 2741 dubie
1500 2696 1777 2740 addidisset:
1812 2710 1914 2740 coii-

224 2757 327 2800 silio
366 2756 442 2799 hic
482 2770 665 2811 quoque
705 2756 1047 2800 emendandum
1088 2771 1272 2810 censeo,
1313 2756 1437 2811 quod
1473 2770 1565 2799 non
1599 2755 1723 2799 idem
1757 2757 1827 2798 est
1859 2768 1914 2798 ac

225 2816 477 2859 celebritate
531 2817 734 2870 concilii,
789 2815 869 2858 sed
925 2829 1106 2859 crucem
1161 2828 1394 2871 apponere
1441 2815 1587 2858 satius
1631 2814 1780 2857 visum
1828 2817 1910 2858 est.

226 2878 279 2916 11
313 2887 403 2918 sese
434 2874 504 2916 ed.
629 2879 682 2916 12
714 2875 949 2919 obsistente
974 2874 1013 2917 V
1039 2875 1109 2917 ed.
1147 2875 1375 2919 obsidente
1414 2874 1484 2917 ed.
1517 2874 1636 2929 post.
1759 2877 1812 2915 13
1854 2874 1912 2916 le-

223 2934 343 2976 niter
366 2932 406 2974 V
438 2934 578 2976 lenire
609 2933 679 2976 ed.
811 2937 865 2976 15
906 2934 1040 2977 etiam
1076 2933 1117 2976 V
1158 2935 1277 2977 enim
1317 2933 1408 2977 eds
1519 2936 1573 2976 27
1613 2933 1909 2988 fixamque—

226 2995 282 3034 28
313 2997 496 3036 cruento
529 2991 659 3035 deest
690 2992 740 3035 in
766 2992 819 3047 V,
852 2992 933 3036 sed
966 2991 1237 3047 explicatur.
