2050 3226
192 127 300 180 222
611 135 614 136 ’
666 126 899 171 DONATI
928 127 1208 172 INTERPR.
1233 126 1411 172 VERG.

191 281 430 330 persona3
482 269 604 315 tunc
657 266 809 315 immo
864 283 954 331 ego
1008 282 1123 329 VOS,
1177 267 1260 314 cui
1313 269 1420 317 sola
1473 269 1606 318 salus
1660 269 1884 333 genitore

191 339 410 402 reducto,
442 341 679 404 quoniam
708 341 831 389 haec
862 340 1106 390 Ascanius
1139 341 1349 390 dicebat.
1411 358 1527 407 ergo
1558 346 1675 406 post
1704 343 1886 392 Aleten

193 414 384 477 excepit
414 430 494 463 eos
519 415 764 463 Ascanius
796 415 963 463 dicens
993 416 1144 463 immo
1177 430 1267 479 ego
1299 432 1401 465 vos.
1457 417 1693 479 quoniam
1715 417 1885 466 Aletes

193 487 405 537 duorum
442 489 796 538 liberalitatem
843 488 1098 551 pollicitus
1148 489 1270 551 fuit,
1321 490 1392 538 ait
1439 489 1683 540 Ascanius
1733 492 1886 539 immo

193 578 283 626 ego
333 578 422 612 vos
472 563 742 612 munerabo
793 565 843 611 et
893 562 1076 612 adiecit
1124 578 1325 612 causam
1377 567 1581 627 propter
1635 581 1786 627 quam
1835 581 1886 614 se

192 637 407 685 faciebat
452 637 739 697 obnoxium,
786 638 868 685 cui
913 638 1021 685 sola
1059 637 1196 686 salus
1235 639 1458 702 genitore
1496 639 1723 688 reducto:
1767 642 1888 688 tunc

193 709 294 758 scio
331 713 499 759 tutam
535 711 642 760 fore
672 713 830 760 vitam
867 727 1032 759 meam
1069 726 1182 759 cum
1217 713 1514 762 remeaverit
1550 715 1697 776 pater
1732 729 1888 779 1110115,

192 784 399 846 proinde
449 801 541 848 pro
590 786 798 847 paterno
848 785 1015 833 reditu
1061 787 1111 834 et
1159 802 1250 848 pro
1298 788 1670 837 conservatione
1709 788 1888 836 salutis

192 875 330 907 meae
377 875 467 923 ego
507 859 647 909 vobis
694 859 902 907 meliora
946 860 1241 921 persolvam.
1311 860 1507 909 addidit
1549 864 1599 909 et
1641 861 1888 910 iusiuran-

168 931 331 994 dum,
386 949 485 994 quo
538 935 700 998 magis
755 933 1023 982 securiores
1078 934 1137 982 de
1189 934 1445 996 promissis
1499 936 1734 984 efficeret:
1795 950 1890 996 per

191 1021 407 1068 maynOS,
435 1007 571 1064 Nise,
594 1008 795 1067 penatis
816 1007 1150 1067 Assaracique
1181 1009 1334 1056 larem
1364 1013 1407 1056 ct
1437 1023 1590 1058 canae
1610 1010 1890 1069 penetralia

90 1087 176 1126 260
203 1081 372 1129 Vestae
410 1082 638 1140 obtestor;
675 1082 797 1130 haec
835 1083 968 1129 enim
1004 1083 1242 1145 precipua
1273 1082 1478 1131 Troiani
1509 1099 1638 1145 quae
1673 1084 1891 1132 colerent

191 1155 493 1217 habuerunt,
530 1155 726 1218 penatis
767 1155 905 1218 deOS,
943 1156 1178 1204 Assaraci
1208 1157 1366 1204 larem
1396 1159 1447 1205 et
1476 1157 1684 1206 Vestam
1715 1173 1891 1206 canam

193 1229 286 1278 hoc
324 1231 400 1278 est
438 1229 699 1292 antiquam
737 1231 787 1278 et
823 1232 1129 1293 perpetuam.
1192 1230 1433 1280 obtestari
1464 1233 1540 1280 est
1574 1232 1636 1280 ob
1669 1232 1891 1294 aliquam

193 1319 395 1351 causam
418 1304 535 1352 deos
559 1305 702 1352 testis
726 1304 957 1352 adhibere
983 1320 1095 1353 cum
1116 1304 1449 1353 iureiurando.
1491 1304 1889 1368 [qaaccimiqucfi

193 1379 237 1426 si
276 1393 390 1440 qua,
427 1379 548 1426 mihi
583 1380 786 1438 fortuna
822 1379 1036 1438 fidesque
1067 1382 1136 1427 cst
1171 1378 1255 1440 [in
1284 1381 1457 1445 vestris
1478 1395 1612 1439 pono
1640 1378 1891 1442 yrcmiisJ:

193 1451 396 1500 fortuna
433 1453 487 1500 in
526 1454 709 1500 eventu
747 1454 822 1500 est
859 1453 1130 1514 factorum,
1168 1452 1289 1501 fides
1330 1456 1498 1502 autem
1535 1454 1590 1501 in
1627 1456 1889 1516 potestate.

194 1525 238 1574 si
269 1542 389 1589 qua,
427 1527 615 1588 inquit,
653 1528 707 1574 in
744 1542 822 1574 me
860 1527 1011 1575 fuerit
1042 1528 1267 1589 fortuna,
1305 1527 1398 1576 hoc
1429 1530 1504 1576 est
1534 1530 1578 1576 si
1607 1528 1782 1576 melior
1811 1544 1890 1576 me

193 1600 398 1648 fortuna
428 1601 751 1663 prospexerit,
776 1602 825 1649 et
857 1603 900 1649 si
932 1617 1033 1663 qua
1063 1602 1117 1648 in
1147 1617 1226 1649 me
1256 1601 1376 1650 fides
1409 1605 1497 1663 est,
1521 1603 1650 1650 hanc
1682 1602 1888 1651 servabo

193 1674 384 1722 meritis
423 1675 624 1736 vestris,
662 1676 717 1722 in
754 1676 953 1723 tantum
991 1677 1049 1723 ut
1086 1676 1139 1723 in
1169 1677 1336 1724 vestra
1376 1677 1442 1723 sit
1479 1678 1728 1738 potestate
1769 1676 1891 1739 quid

193 1748 398 1810 rependi
436 1749 577 1798 vobis
616 1765 706 1811 pro
745 1749 938 1797 meritis
977 1749 1166 1797 debeat.
1227 1753 1443 1798 revocate
1473 1753 1743 1810 parentem,
1783 1751 1891 1798 red-

195 1822 289 1870 dite
328 1827 652 1882 conspectwm:
687 1824 810 1870 haec
848 1823 948 1870 fuit
979 1822 1334 1872 desideriorum
1365 1840 1581 1886 summa,
1619 1825 1741 1873 haec
1778 1840 1890 1887 pro-

194 1897 459 1944 missorum
497 1912 670 1958 causa,
718 1899 776 1945 ut
821 1897 1006 1945 rediret
1050 1899 1196 1959 pater
1234 1900 1284 1946 et
1319 1898 1453 1946 hunc
1490 1899 1623 1947 filius
1662 1899 1891 1946 reducem

194 1969 398 2019 videret.
460 1972 584 2019 nihil
619 1972 703 2019 illo
742 1972 875 2019 triste
911 1975 1117 2031 recepto:
1149 1972 1243 2020 hoc
1280 1988 1381 2019 non
1420 1973 1581 2021 solum
1619 1972 1890 2021 Ascanium

194 2044 475 2106 pertinebat
525 2045 611 2093 sed
660 2045 726 2092 ad
778 2045 958 2094 omnia.
1035 2045 1218 2094 idcirco
1268 2046 1440 2109 posuit
1488 2046 1615 2094 nihil
1664 2047 1890 2095 futurum

194 2119 360 2180 triste,
411 2134 525 2167 cum
573 2119 658 2167 ille
708 2120 1013 2168 remeaverit.
1088 2121 1206 2168 bina
1256 2121 1381 2168 dabo
1433 2124 1628 2182 arycnto
1669 2122 1891 2181 perfecta

197 2195 336 2252 atquc
368 2207 545 2252 aspera
569 2194 722 2254 siquis
739 2194 933 2253 pocula,
967 2194 1152 2242 devicta
1180 2195 1367 2255 yenitor
1397 2209 1521 2254 qaae
1545 2196 1667 2254 cepit
1679 2193 1890 2243 Arisba:

196 2266 313 2314 bina
344 2266 470 2315 dixit
507 2283 607 2315 non
640 2269 890 2329 quattuor,
929 2268 1016 2316 sed
1048 2268 1162 2329 duo,
1199 2270 1259 2315 ut
1291 2263 1367 2333 (1,
1386 2263 1518 2333 313)
1550 2269 1708 2330 „bina
1737 2285 1892 2317 manu

195 2341 299 2389 lato
351 2342 572 2403 crispans
621 2342 828 2390 hastilia
877 2340 1060 2404 ferro“,
1114 2344 1173 2390 ut
1223 2343 1411 2406 singuli
1461 2344 1663 2407 singula
1710 2343 1892 2406 pocula

318 2473 338 2510 1
373 2473 482 2512 tanc
507 2467 548 2511 V
580 2473 622 2512 et
653 2468 814 2512 deinde
844 2468 915 2512 ed.
1035 2474 1060 2511 2
1094 2470 1310 2524 quoniam
1333 2468 1376 2510 V
1405 2483 1507 2513 cam
1539 2469 1610 2513 ed.
1727 2473 1752 2512 3
1785 2482 1891 2525 qao-

195 2528 323 2571 ‘niam
363 2540 450 2570 om.
484 2527 555 2571 ed.
678 2532 706 2570 4
744 2527 938 2572 duorum
961 2527 1004 2570 V
1029 2527 1116 2571 edI
1154 2529 1337 2572 deorum
1369 2528 1484 2572 edF.
1533 2528 1537 2586 Ι
1588 2529 1656 2572 ait
1694 2542 1782 2572 om.
1818 2528 1889 2571 ed.

198 2591 223 2629 5
255 2600 300 2630 se
332 2600 420 2629 om.
446 2586 517 2630 ed.
611 2589 636 2628 9
668 2586 838 2630 solvam
869 2586 941 2630 ed.
1035 2592 1088 2630 16
1121 2588 1162 2631 si
1193 2601 1284 2643 qua
1316 2587 1377 2630 ad
1408 2587 1578 2630 lemma
1607 2589 1811 2630 tractum
1841 2587 1892 2630 in

196 2645 251 2688 V:
286 2646 367 2689 sed
399 2645 515 2689 Don.
547 2659 851 2701 quaecumque
886 2645 1055 2701 legisse
1086 2646 1279 2701 interpr.
1313 2646 1374 2689 ad
1404 2661 1444 2689 v.
1471 2651 1556 2690 266
1590 2646 1747 2700 docet,
1780 2659 1890 2702 ergo

197 2719 499 2760 quaecumque
535 2704 713 2748 inserui
748 2707 794 2748 et
824 2706 866 2749 si
896 2719 987 2760 qua
1017 2719 1101 2760 pro
1133 2706 1522 2760 interpretatione
1555 2705 1732 2760 scripsi.
1786 2705 1790 2764 Ι
1840 2707 1893 2749 in

197 2765 356 2808 vestris
388 2777 510 2819 pono
548 2765 730 2821 gremiis
769 2764 899 2807 deest
938 2764 987 2807 in
1018 2764 1073 2818 V,
1107 2764 1189 2809 sed
1221 2764 1493 2820 explicatur.
1619 2769 1671 2808 17
1711 2766 1892 2809 ineve‘n-

196 2828 293 2866 tam
316 2822 370 2865 V.
409 2823 412 2881 Ι
449 2825 759 2879 inpete-statem
783 2822 837 2866 V.
934 2827 987 2866 18
1019 2825 1060 2867 si
1082 2838 1174 2879 qua
1197 2823 1239 2867 V
1261 2837 1551 2880 quaecunque
1575 2823 1646 2867 ed.
1737 2828 1793 2867 22
1817 2824 1892 2867 de-

197 2882 414 2926 sideriam
453 2882 495 2925 V
541 2884 630 2927 -rii
677 2882 747 2925 ed.
878 2886 935 2925 24
982 2883 1044 2926 ad
1091 2885 1199 2927 ante
1243 2884 1497 2928 Ascanium
1545 2883 1651 2926 add.
1694 2883 1787 2927 ed.:
1833 2882 1888 2927 cf.

197 2954 398 2995 prooem.
434 2941 495 2984 in.
620 2946 675 2985 26
701 2941 906 2997 perfecta
940 2955 1026 2986 om.
1055 2941 1109 2986 V.

1921 952 1964 984 10

1922 1321 1964 1354 15

1921 1691 1965 1724 20

1921 2060 1964 2094 25
