<?xml version="1.0" encoding="UTF-8"?>
<!DOCTYPE html PUBLIC "-//W3C//DTD XHTML 1.0 Transitional//EN"
    "http://www.w3.org/TR/xhtml1/DTD/xhtml1-transitional.dtd">
<html xmlns="http://www.w3.org/1999/xhtml" xml:lang="en" lang="en">
 <head>
  <title>
</title>
<meta http-equiv="Content-Type" content="text/html;charset=utf-8" />
  <meta name='ocr-system' content='tesseract 3.04.00' />
  <meta name='ocr-capabilities' content='ocr_page ocr_carea ocr_par ocr_line ocrx_word'/>
</head>
<body>
  <div class='ocr_page' id='page_1' title='image "./interpretationes02donauoft_0116.png"; bbox 0 0 2050 3226; ppageno 0'>
   <div class='ocr_carea' id='block_1_1' title="bbox 611 779 1513 834">
    <p class='ocr_par' dir='ltr' id='par_1_1' title="bbox 611 779 1513 834">
     <span class='ocr_line' id='line_1_1' title="bbox 611 779 1513 834; baseline 0.003 -4"><span class='ocrx_word' id='word_1_1' title='bbox 611 827 614 830; x_wconf 80' lang='grc'>,</span> <span class='ocrx_word' id='word_1_2' title='bbox 685 779 1070 834; x_wconf 78' lang='lat' dir='ltr'>AENEIDOS</span> <span class='ocrx_word' id='word_1_3' title='bbox 1111 779 1332 833; x_wconf 85' lang='lat' dir='ltr'><strong>LIBER</strong></span> <span class='ocrx_word' id='word_1_4' title='bbox 1362 779 1513 834; x_wconf 85' lang='lat' dir='ltr'><strong>VIII.</strong></span> 
     </span>
    </p>
   </div>
   <div class='ocr_carea' id='block_1_2' title="bbox 210 904 1948 1930">
    <p class='ocr_par' dir='ltr' id='par_1_2' title="bbox 210 904 1948 1930">
     <span class='ocr_line' id='line_1_2' title="bbox 381 904 1948 965; baseline 0 -13"><span class='ocrx_word' id='word_1_5' title='bbox 381 904 445 953; x_wconf 74' lang='lat' dir='ltr'>Ut</span> <span class='ocrx_word' id='word_1_6' title='bbox 490 904 600 952; x_wconf 79' lang='lat' dir='ltr'>belli</span> <span class='ocrx_word' id='word_1_7' title='bbox 645 905 839 965; x_wconf 72' lang='lat' dir='ltr'>siyuum</span> <span class='ocrx_word' id='word_1_8' title='bbox 884 904 1129 952; x_wconf 72' lang='lat' dir='ltr'>Laurenti</span> <span class='ocrx_word' id='word_1_9' title='bbox 1175 904 1376 952; x_wconf 73' lang='lat' dir='ltr'>Turnus</span> <span class='ocrx_word' id='word_1_10' title='bbox 1424 905 1486 952; x_wconf 85' lang='lat' dir='ltr'>ab</span> <span class='ocrx_word' id='word_1_11' title='bbox 1533 918 1643 952; x_wconf 81' lang='lat' dir='ltr'>arce</span> <span class='ocrx_word' id='word_1_12' title='bbox 1690 905 1857 952; x_wconf 72' lang='lat' dir='ltr'>eoetulit</span> <span class='ocrx_word' id='word_1_13' title='bbox 1906 908 1948 952; x_wconf 75' lang='lat' dir='ltr'>et</span> 
     </span>
     <span class='ocr_line' id='line_1_3' title="bbox 252 979 1946 1039; baseline 0.001 -14"><span class='ocrx_word' id='word_1_14' title='bbox 252 992 401 1026; x_wconf 82' lang='lat' dir='ltr'>rauco</span> <span class='ocrx_word' id='word_1_15' title='bbox 439 982 747 1039; x_wconf 71' lang='lat' dir='ltr'>strepuerunt</span> <span class='ocrx_word' id='word_1_16' title='bbox 785 992 968 1026; x_wconf 76' lang='lat' dir='ltr'>cornua</span> <span class='ocrx_word' id='word_1_17' title='bbox 1000 981 1167 1035; x_wconf 76' lang='lat' dir='ltr'>cautu,</span> <span class='ocrx_word' id='word_1_18' title='bbox 1199 981 1343 1038; x_wconf 76' lang='lat' dir='ltr'>utque</span> <span class='ocrx_word' id='word_1_19' title='bbox 1375 979 1504 1026; x_wconf 80' lang='lat' dir='ltr'>acris</span> <span class='ocrx_word' id='word_1_20' title='bbox 1537 979 1774 1026; x_wconf 72' lang='lat' dir='ltr'><em>concussit</em></span> <span class='ocrx_word' id='word_1_21' title='bbox 1804 993 1946 1038; x_wconf 73' lang='lat' dir='ltr'>equos</span> 
     </span>
     <span class='ocr_line' id='line_1_4' title="bbox 252 1052 1947 1112; baseline 0.001 -13"><span class='ocrx_word' id='word_1_22' title='bbox 252 1055 396 1111; x_wconf 78' lang='lat' dir='ltr'>utque</span> <span class='ocrx_word' id='word_1_23' title='bbox 441 1053 622 1112; x_wconf 71' lang='lat' dir='ltr'>inpulit</span> <span class='ocrx_word' id='word_1_24' title='bbox 666 1067 829 1109; x_wconf 79' lang='lat' dir='ltr'>arma,</span> <span class='ocrx_word' id='word_1_25' title='bbox 883 1052 1110 1111; x_wconf 75' lang='lat' dir='ltr'>extemplo</span> <span class='ocrx_word' id='word_1_26' title='bbox 1158 1053 1341 1100; x_wconf 77' lang='lat' dir='ltr'>turbati</span> <span class='ocrx_word' id='word_1_27' title='bbox 1391 1053 1567 1109; x_wconf 73' lang='lat' dir='ltr'>animi,</span> <span class='ocrx_word' id='word_1_28' title='bbox 1615 1053 1763 1100; x_wconf 81' lang='lat' dir='ltr'>simul</span> <span class='ocrx_word' id='word_1_29' title='bbox 1808 1067 1947 1100; x_wconf 76' lang='lat' dir='ltr'>omne</span> 
     </span>
     <span class='ocr_line' id='line_1_5' title="bbox 210 1126 1947 1186; baseline 0.001 -13"><span class='ocrx_word' id='word_1_30' title='bbox 210 1135 235 1174; x_wconf 86' lang='lat'>5</span> <span class='ocrx_word' id='word_1_31' title='bbox 253 1126 461 1173; x_wconf 73' lang='lat' dir='ltr'>tumultu</span> <span class='ocrx_word' id='word_1_32' title='bbox 501 1127 723 1174; x_wconf 72' lang='lat' dir='ltr'>coniurat</span> <span class='ocrx_word' id='word_1_33' title='bbox 760 1127 944 1186; x_wconf 74' lang='lat' dir='ltr'>trepido</span> <span class='ocrx_word' id='word_1_34' title='bbox 983 1127 1189 1174; x_wconf 76' lang='lat' dir='ltr'>Latium</span> <span class='ocrx_word' id='word_1_35' title='bbox 1227 1127 1471 1186; x_wconf 78' lang='lat' dir='ltr'>saevitque</span> <span class='ocrx_word' id='word_1_36' title='bbox 1508 1127 1735 1176; x_wconf 72' lang='lat' dir='ltr'>iuventus</span> <span class='ocrx_word' id='word_1_37' title='bbox 1776 1128 1947 1186; x_wconf 83' lang='lat' dir='ltr'>effera:</span> 
     </span>
     <span class='ocr_line' id='line_1_6' title="bbox 254 1200 1946 1262; baseline 0.001 -15"><span class='ocrx_word' id='word_1_38' title='bbox 254 1200 450 1249; x_wconf 87' lang='lat' dir='ltr'>Turnus</span> <span class='ocrx_word' id='word_1_39' title='bbox 481 1200 793 1248; x_wconf 88' lang='lat' dir='ltr'>hortamento</span> <span class='ocrx_word' id='word_1_40' title='bbox 826 1201 1003 1248; x_wconf 84' lang='lat' dir='ltr'>Furiae</span> <span class='ocrx_word' id='word_1_41' title='bbox 1037 1204 1086 1248; x_wconf 90' lang='lat' dir='ltr'>et</span> <span class='ocrx_word' id='word_1_42' title='bbox 1115 1200 1387 1262; x_wconf 85' lang='lat' dir='ltr'>mandatis,</span> <span class='ocrx_word' id='word_1_43' title='bbox 1428 1200 1633 1249; x_wconf 88' lang='lat' dir='ltr'>ducibus</span> <span class='ocrx_word' id='word_1_44' title='bbox 1666 1203 1716 1249; x_wconf 90' lang='lat' dir='ltr'>et</span> <span class='ocrx_word' id='word_1_45' title='bbox 1747 1200 1946 1250; x_wconf 84' lang='lat' dir='ltr'>auxiliis</span> 
     </span>
     <span class='ocr_line' id='line_1_7' title="bbox 253 1274 1946 1339; baseline 0.001 -19"><span class='ocrx_word' id='word_1_46' title='bbox 253 1274 431 1336; x_wconf 86' lang='lat' dir='ltr'>fultus,</span> <span class='ocrx_word' id='word_1_47' title='bbox 470 1275 631 1322; x_wconf 87' lang='lat' dir='ltr'>factus</span> <span class='ocrx_word' id='word_1_48' title='bbox 668 1274 902 1322; x_wconf 84' lang='lat' dir='ltr'>audacior</span> <span class='ocrx_word' id='word_1_49' title='bbox 938 1275 1128 1337; x_wconf 86' lang='lat' dir='ltr'>primus</span> <span class='ocrx_word' id='word_1_50' title='bbox 1162 1274 1392 1337; x_wconf 73' lang='lat' dir='ltr'>prorupit</span> <span class='ocrx_word' id='word_1_51' title='bbox 1421 1275 1475 1322; x_wconf 89' lang='lat' dir='ltr'>in</span> <span class='ocrx_word' id='word_1_52' title='bbox 1505 1275 1691 1323; x_wconf 90' lang='lat' dir='ltr'>bellum</span> <span class='ocrx_word' id='word_1_53' title='bbox 1729 1274 1946 1339; x_wconf 86' lang='lat' dir='ltr'>signum—</span> 
     </span>
     <span class='ocr_line' id='line_1_8' title="bbox 254 1348 1945 1412; baseline 0.001 -16"><span class='ocrx_word' id='word_1_54' title='bbox 254 1365 348 1410; x_wconf 86' lang='lat' dir='ltr'>que</span> <span class='ocrx_word' id='word_1_55' title='bbox 387 1348 588 1409; x_wconf 85' lang='lat' dir='ltr'>extulit,</span> <span class='ocrx_word' id='word_1_56' title='bbox 629 1365 727 1412; x_wconf 90' lang='lat' dir='ltr'>quo</span> <span class='ocrx_word' id='word_1_57' title='bbox 767 1350 954 1397; x_wconf 88' lang='lat' dir='ltr'>maiore</span> <span class='ocrx_word' id='word_1_58' title='bbox 993 1349 1159 1397; x_wconf 87' lang='lat' dir='ltr'>furore</span> <span class='ocrx_word' id='word_1_59' title='bbox 1196 1348 1417 1397; x_wconf 88' lang='lat' dir='ltr'>bellandi</span> <span class='ocrx_word' id='word_1_60' title='bbox 1463 1352 1648 1398; x_wconf 89' lang='lat' dir='ltr'>ceteros</span> <span class='ocrx_word' id='word_1_61' title='bbox 1696 1349 1945 1397; x_wconf 83' lang='lat' dir='ltr'>excitaret.</span> 
     </span>
     <span class='ocr_line' id='line_1_9' title="bbox 254 1422 1947 1486; baseline 0.001 -17"><span class='ocrx_word' id='word_1_62' title='bbox 254 1422 463 1486; x_wconf 91' lang='lat' dir='ltr'>denique</span> <span class='ocrx_word' id='word_1_63' title='bbox 494 1425 553 1470; x_wconf 90' lang='lat' dir='ltr'>ut</span> <span class='ocrx_word' id='word_1_64' title='bbox 576 1423 813 1471; x_wconf 86' lang='lat' dir='ltr'>vexillum</span> <span class='ocrx_word' id='word_1_65' title='bbox 846 1423 1063 1471; x_wconf 89' lang='lat' dir='ltr'>ostendit</span> <span class='ocrx_word' id='word_1_66' title='bbox 1094 1426 1144 1471; x_wconf 88' lang='lat' dir='ltr'>et</span> <span class='ocrx_word' id='word_1_67' title='bbox 1172 1438 1322 1471; x_wconf 88' lang='lat' dir='ltr'>rauco</span> <span class='ocrx_word' id='word_1_68' title='bbox 1356 1425 1505 1471; x_wconf 88' lang='lat' dir='ltr'>cantu</span> <span class='ocrx_word' id='word_1_69' title='bbox 1537 1426 1753 1486; x_wconf 74' lang='lat' dir='ltr'>strepere</span> <span class='ocrx_word' id='word_1_70' title='bbox 1778 1439 1947 1485; x_wconf 86' lang='lat' dir='ltr'>coepe-</span> 
     </span>
     <span class='ocr_line' id='line_1_10' title="bbox 251 1496 1944 1560; baseline 0.001 -16"><span class='ocrx_word' id='word_1_71' title='bbox 251 1499 369 1544; x_wconf 90' lang='lat' dir='ltr'>runt</span> <span class='ocrx_word' id='word_1_72' title='bbox 408 1512 614 1558; x_wconf 87' lang='lat' dir='ltr'>cornua,</span> <span class='ocrx_word' id='word_1_73' title='bbox 651 1499 709 1545; x_wconf 92' lang='lat' dir='ltr'>ut</span> <span class='ocrx_word' id='word_1_74' title='bbox 748 1512 898 1558; x_wconf 84' lang='lat' dir='ltr'>equos</span> <span class='ocrx_word' id='word_1_75' title='bbox 930 1496 1166 1559; x_wconf 88' lang='lat' dir='ltr'>produxit</span> <span class='ocrx_word' id='word_1_76' title='bbox 1196 1499 1246 1545; x_wconf 89' lang='lat' dir='ltr'>et</span> <span class='ocrx_word' id='word_1_77' title='bbox 1284 1512 1424 1545; x_wconf 90' lang='lat' dir='ltr'>arma</span> <span class='ocrx_word' id='word_1_78' title='bbox 1454 1497 1658 1559; x_wconf 76' lang='lat' dir='ltr'>inpulit,</span> <span class='ocrx_word' id='word_1_79' title='bbox 1699 1497 1944 1560; x_wconf 81' lang='lat' dir='ltr'>extemplo</span> 
     </span>
     <span class='ocr_line' id='line_1_11' title="bbox 251 1570 1945 1634; baseline 0.001 -16"><span class='ocrx_word' id='word_1_80' title='bbox 251 1571 441 1619; x_wconf 84' lang='lat' dir='ltr'>turbati</span> <span class='ocrx_word' id='word_1_81' title='bbox 482 1570 650 1632; x_wconf 82' lang='lat' dir='ltr'>animi,</span> <span class='ocrx_word' id='word_1_82' title='bbox 690 1571 1000 1634; x_wconf 87' lang='lat' dir='ltr'>singulorum</span> <span class='ocrx_word' id='word_1_83' title='bbox 1039 1571 1228 1619; x_wconf 87' lang='lat' dir='ltr'>scilicet</span> <span class='ocrx_word' id='word_1_84' title='bbox 1268 1573 1356 1633; x_wconf 88' lang='lat' dir='ltr'>qui</span> <span class='ocrx_word' id='word_1_85' title='bbox 1393 1571 1624 1619; x_wconf 84' lang='lat' dir='ltr'>viderant</span> <span class='ocrx_word' id='word_1_86' title='bbox 1661 1571 1740 1619; x_wconf 87' lang='lat' dir='ltr'>vel</span> <span class='ocrx_word' id='word_1_87' title='bbox 1779 1571 1945 1619; x_wconf 87' lang='lat' dir='ltr'>audie-</span> 
     </span>
     <span class='ocr_line' id='line_1_12' title="bbox 251 1644 1947 1709; baseline 0.001 -17"><span class='ocrx_word' id='word_1_88' title='bbox 251 1647 387 1693; x_wconf 84' lang='lat' dir='ltr'>rant:</span> <span class='ocrx_word' id='word_1_89' title='bbox 436 1644 613 1707; x_wconf 89' lang='lat' dir='ltr'>quibus</span> <span class='ocrx_word' id='word_1_90' title='bbox 661 1646 735 1693; x_wconf 90' lang='lat' dir='ltr'>ita</span> <span class='ocrx_word' id='word_1_91' title='bbox 781 1646 933 1709; x_wconf 84' lang='lat' dir='ltr'>gestis</span> <span class='ocrx_word' id='word_1_92' title='bbox 981 1645 1082 1692; x_wconf 88' lang='lat' dir='ltr'>alia</span> <span class='ocrx_word' id='word_1_93' title='bbox 1127 1661 1264 1693; x_wconf 84' lang='lat' dir='ltr'>mens</span> <span class='ocrx_word' id='word_1_94' title='bbox 1303 1647 1524 1693; x_wconf 85' lang='lat' dir='ltr'>virorum</span> <span class='ocrx_word' id='word_1_95' title='bbox 1563 1646 1769 1693; x_wconf 82' lang='lat' dir='ltr'>fortium</span> <span class='ocrx_word' id='word_1_96' title='bbox 1811 1646 1947 1693; x_wconf 87' lang='lat' dir='ltr'>facta</span> 
     </span>
     <span class='ocr_line' id='line_1_13' title="bbox 253 1719 1946 1782; baseline 0.001 -15"><span class='ocrx_word' id='word_1_97' title='bbox 253 1726 327 1767; x_wconf 86' lang='lat' dir='ltr'>est</span> <span class='ocrx_word' id='word_1_98' title='bbox 373 1721 444 1780; x_wconf 87' lang='lat' dir='ltr'>et,</span> <span class='ocrx_word' id='word_1_99' title='bbox 499 1719 696 1782; x_wconf 92' lang='lat' dir='ltr'>quando</span> <span class='ocrx_word' id='word_1_100' title='bbox 746 1719 809 1767; x_wconf 88' lang='lat' dir='ltr'>ad</span> <span class='ocrx_word' id='word_1_101' title='bbox 854 1719 908 1767; x_wconf 89' lang='lat' dir='ltr'>id</span> <span class='ocrx_word' id='word_1_102' title='bbox 954 1722 1159 1767; x_wconf 82' lang='lat' dir='ltr'>ventum</span> <span class='ocrx_word' id='word_1_103' title='bbox 1209 1721 1304 1778; x_wconf 85' lang='lat' dir='ltr'>est,</span> <span class='ocrx_word' id='word_1_104' title='bbox 1358 1722 1416 1767; x_wconf 95' lang='lat' dir='ltr'>ut</span> <span class='ocrx_word' id='word_1_105' title='bbox 1468 1735 1568 1767; x_wconf 90' lang='lat' dir='ltr'>non</span> <span class='ocrx_word' id='word_1_106' title='bbox 1622 1719 1946 1781; x_wconf 86' lang='lat' dir='ltr'>dispositione</span> 
     </span>
     <span class='ocr_line' id='line_1_14' title="bbox 253 1792 1946 1855; baseline 0 -14"><span class='ocrx_word' id='word_1_107' title='bbox 253 1794 481 1855; x_wconf 86' lang='lat' dir='ltr'>Sequenti</span> <span class='ocrx_word' id='word_1_108' title='bbox 529 1796 752 1855; x_wconf 90' lang='lat' dir='ltr'>tempore</span> <span class='ocrx_word' id='word_1_109' title='bbox 801 1794 1089 1855; x_wconf 83' lang='lat' dir='ltr'>profutura,</span> <span class='ocrx_word' id='word_1_110' title='bbox 1140 1792 1226 1841; x_wconf 89' lang='lat' dir='ltr'>sed</span> <span class='ocrx_word' id='word_1_111' title='bbox 1270 1792 1323 1840; x_wconf 93' lang='lat' dir='ltr'>in</span> <span class='ocrx_word' id='word_1_112' title='bbox 1362 1808 1592 1854; x_wconf 87' lang='lat' dir='ltr'>praesens</span> <span class='ocrx_word' id='word_1_113' title='bbox 1639 1794 1946 1841; x_wconf 88' lang='lat' dir='ltr'>momentum</span> 
     </span>
     <span class='ocr_line' id='line_1_15' title="bbox 251 1866 1944 1930; baseline 0.001 -16"><span class='ocrx_word' id='word_1_114' title='bbox 251 1867 387 1915; x_wconf 82' lang='lat' dir='ltr'>facta</span> <span class='ocrx_word' id='word_1_115' title='bbox 433 1866 775 1929; x_wconf 82' lang='lat' dir='ltr'>procederent,</span> <span class='ocrx_word' id='word_1_116' title='bbox 823 1867 973 1916; x_wconf 90' lang='lat' dir='ltr'>simul</span> <span class='ocrx_word' id='word_1_117' title='bbox 1021 1883 1163 1915; x_wconf 90' lang='lat' dir='ltr'>omne</span> <span class='ocrx_word' id='word_1_118' title='bbox 1209 1867 1431 1915; x_wconf 88' lang='lat' dir='ltr'>tumultu</span> <span class='ocrx_word' id='word_1_119' title='bbox 1478 1867 1705 1915; x_wconf 88' lang='lat' dir='ltr'>coniurat</span> <span class='ocrx_word' id='word_1_120' title='bbox 1750 1867 1944 1930; x_wconf 89' lang='lat' dir='ltr'>trepido</span> 
     </span>
    </p>
   </div>
   <div class='ocr_carea' id='block_1_3' title="bbox 252 1939 2019 2004">
    <p class='ocr_par' dir='ltr' id='par_1_3' title="bbox 252 1939 2019 2004">
     <span class='ocr_line' id='line_1_16' title="bbox 252 1939 2019 2004; baseline 0.001 -17"><span class='ocrx_word' id='word_1_121' title='bbox 252 1939 467 1989; x_wconf 88' lang='lat' dir='ltr'>Latium.</span> <span class='ocrx_word' id='word_1_122' title='bbox 545 1941 713 2002; x_wconf 81' lang='lat' dir='ltr'>simul,</span> <span class='ocrx_word' id='word_1_123' title='bbox 760 1942 950 2003; x_wconf 90' lang='lat' dir='ltr'>inquit,</span> <span class='ocrx_word' id='word_1_124' title='bbox 1001 1944 1050 1989; x_wconf 93' lang='lat' dir='ltr'>et</span> <span class='ocrx_word' id='word_1_125' title='bbox 1097 1957 1261 2002; x_wconf 83' lang='lat' dir='ltr'>omne,</span> <span class='ocrx_word' id='word_1_126' title='bbox 1311 1941 1405 1990; x_wconf 90' lang='lat' dir='ltr'>hoc</span> <span class='ocrx_word' id='word_1_127' title='bbox 1451 1945 1525 1989; x_wconf 85' lang='lat' dir='ltr'>est</span> <span class='ocrx_word' id='word_1_128' title='bbox 1571 1957 1669 1989; x_wconf 92' lang='lat' dir='ltr'>uno</span> <span class='ocrx_word' id='word_1_129' title='bbox 1708 1944 1945 2004; x_wconf 79' lang='lat' dir='ltr'>tempore,</span> <span class='ocrx_word' id='word_1_130' title='bbox 1999 1954 2019 1987; x_wconf 85' lang='lat'>5</span> 
     </span>
    </p>
   </div>
   <div class='ocr_carea' id='block_1_4' title="bbox 251 2014 1946 2744">
    <p class='ocr_par' dir='ltr' id='par_1_4' title="bbox 251 2014 1946 2744">
     <span class='ocr_line' id='line_1_17' title="bbox 253 2014 1945 2078; baseline 0.001 -16"><span class='ocrx_word' id='word_1_131' title='bbox 253 2015 482 2063; x_wconf 90' lang='lat' dir='ltr'>omnibus</span> <span class='ocrx_word' id='word_1_132' title='bbox 513 2016 567 2062; x_wconf 91' lang='lat' dir='ltr'>in</span> <span class='ocrx_word' id='word_1_133' title='bbox 599 2032 752 2063; x_wconf 92' lang='lat' dir='ltr'>unum</span> <span class='ocrx_word' id='word_1_134' title='bbox 784 2014 1072 2063; x_wconf 83' lang='lat' dir='ltr'>coeuntibus</span> <span class='ocrx_word' id='word_1_135' title='bbox 1097 2014 1300 2062; x_wconf 87' lang='lat' dir='ltr'>Latium</span> <span class='ocrx_word' id='word_1_136' title='bbox 1333 2031 1475 2063; x_wconf 90' lang='lat' dir='ltr'>omne</span> <span class='ocrx_word' id='word_1_137' title='bbox 1509 2017 1750 2064; x_wconf 79' lang='lat' dir='ltr'>coniurat</span> <span class='ocrx_word' id='word_1_138' title='bbox 1793 2015 1945 2078; x_wconf 90' lang='lat' dir='ltr'>trepi-</span> 
     </span>
     <span class='ocr_line' id='line_1_18' title="bbox 253 2088 1946 2151; baseline 0.001 -15"><span class='ocrx_word' id='word_1_139' title='bbox 253 2088 389 2137; x_wconf 87' lang='lat' dir='ltr'>datio</span> <span class='ocrx_word' id='word_1_140' title='bbox 439 2090 621 2151; x_wconf 89' lang='lat' dir='ltr'>quippe</span> <span class='ocrx_word' id='word_1_141' title='bbox 669 2091 958 2137; x_wconf 87' lang='lat' dir='ltr'>cunctorum</span> <span class='ocrx_word' id='word_1_142' title='bbox 1004 2089 1121 2138; x_wconf 89' lang='lat' dir='ltr'>talis</span> <span class='ocrx_word' id='word_1_143' title='bbox 1169 2089 1402 2137; x_wconf 83' lang='lat' dir='ltr'>extiterat</span> <span class='ocrx_word' id='word_1_144' title='bbox 1449 2091 1498 2138; x_wconf 86' lang='lat' dir='ltr'>et</span> <span class='ocrx_word' id='word_1_145' title='bbox 1542 2089 1658 2138; x_wconf 86' lang='lat' dir='ltr'>talis</span> <span class='ocrx_word' id='word_1_146' title='bbox 1698 2089 1946 2138; x_wconf 85' lang='lat' dir='ltr'>tumultus</span> 
     </span>
     <span class='ocr_line' id='line_1_19' title="bbox 251 2163 1946 2224; baseline 0.001 -14"><span class='ocrx_word' id='word_1_147' title='bbox 251 2163 344 2211; x_wconf 92' lang='lat' dir='ltr'>hoc</span> <span class='ocrx_word' id='word_1_148' title='bbox 383 2165 457 2211; x_wconf 89' lang='lat' dir='ltr'>est</span> <span class='ocrx_word' id='word_1_149' title='bbox 494 2164 646 2211; x_wconf 91' lang='lat' dir='ltr'>timor</span> <span class='ocrx_word' id='word_1_150' title='bbox 683 2163 893 2224; x_wconf 86' lang='lat' dir='ltr'>multus,</span> <span class='ocrx_word' id='word_1_151' title='bbox 939 2165 996 2210; x_wconf 91' lang='lat' dir='ltr'>ut</span> <span class='ocrx_word' id='word_1_152' title='bbox 1041 2165 1093 2210; x_wconf 88' lang='lat' dir='ltr'>in</span> <span class='ocrx_word' id='word_1_153' title='bbox 1137 2164 1473 2211; x_wconf 90' lang='lat' dir='ltr'>contrahenda</span> <span class='ocrx_word' id='word_1_154' title='bbox 1517 2163 1857 2212; x_wconf 88' lang='lat' dir='ltr'>coniuratione</span> <span class='ocrx_word' id='word_1_155' title='bbox 1897 2166 1946 2211; x_wconf 91' lang='lat' dir='ltr'>et</span> 
     </span>
     <span class='ocr_line' id='line_1_20' title="bbox 252 2236 1943 2300; baseline 0.001 -16"><span class='ocrx_word' id='word_1_156' title='bbox 252 2239 397 2285; x_wconf 89' lang='lat' dir='ltr'>tanta</span> <span class='ocrx_word' id='word_1_157' title='bbox 428 2237 808 2300; x_wconf 85' lang='lat' dir='ltr'>congregatione</span> <span class='ocrx_word' id='word_1_158' title='bbox 842 2238 1142 2300; x_wconf 87' lang='lat' dir='ltr'>populorum</span> <span class='ocrx_word' id='word_1_159' title='bbox 1173 2237 1318 2299; x_wconf 88' lang='lat' dir='ltr'>parvi</span> <span class='ocrx_word' id='word_1_160' title='bbox 1349 2237 1444 2286; x_wconf 88' lang='lat' dir='ltr'>sibi</span> <span class='ocrx_word' id='word_1_161' title='bbox 1476 2238 1636 2286; x_wconf 89' lang='lat' dir='ltr'>adhuc</span> <span class='ocrx_word' id='word_1_162' title='bbox 1668 2239 1718 2284; x_wconf 89' lang='lat' dir='ltr'>et</span> <span class='ocrx_word' id='word_1_163' title='bbox 1746 2236 1943 2299; x_wconf 88' lang='lat' dir='ltr'>inpares</span> 
     </span>
     <span class='ocr_line' id='line_1_21' title="bbox 252 2310 1943 2374; baseline 0 -15"><span class='ocrx_word' id='word_1_164' title='bbox 252 2310 550 2372; x_wconf 84' lang='lat' dir='ltr'>viderentur,</span> <span class='ocrx_word' id='word_1_165' title='bbox 589 2311 888 2373; x_wconf 88' lang='lat' dir='ltr'>perindeque</span> <span class='ocrx_word' id='word_1_166' title='bbox 922 2311 1199 2373; x_wconf 85' lang='lat' dir='ltr'>desperatio</span> <span class='ocrx_word' id='word_1_167' title='bbox 1234 2313 1492 2359; x_wconf 83' lang='lat' dir='ltr'>universos</span> <span class='ocrx_word' id='word_1_168' title='bbox 1525 2311 1804 2372; x_wconf 83' lang='lat' dir='ltr'>obsederat,</span> <span class='ocrx_word' id='word_1_169' title='bbox 1845 2327 1943 2374; x_wconf 90' lang='lat' dir='ltr'>quo</span> 
     </span>
     <span class='ocr_line' id='line_1_22' title="bbox 253 2384 1944 2434; baseline -0.001 -1"><span class='ocrx_word' id='word_1_170' title='bbox 253 2386 442 2433; x_wconf 90' lang='lat' dir='ltr'>factum</span> <span class='ocrx_word' id='word_1_171' title='bbox 481 2388 555 2433; x_wconf 89' lang='lat' dir='ltr'>est</span> <span class='ocrx_word' id='word_1_172' title='bbox 592 2388 649 2433; x_wconf 91' lang='lat' dir='ltr'>ut</span> <span class='ocrx_word' id='word_1_173' title='bbox 687 2385 854 2434; x_wconf 90' lang='lat' dir='ltr'>nullus</span> <span class='ocrx_word' id='word_1_174' title='bbox 893 2385 1111 2434; x_wconf 90' lang='lat' dir='ltr'>inmunis</span> <span class='ocrx_word' id='word_1_175' title='bbox 1151 2385 1289 2433; x_wconf 89' lang='lat' dir='ltr'>fieret</span> <span class='ocrx_word' id='word_1_176' title='bbox 1320 2401 1350 2433; x_wconf 92' lang='lat' dir='ltr'>a</span> <span class='ocrx_word' id='word_1_177' title='bbox 1382 2385 1627 2434; x_wconf 86' lang='lat' dir='ltr'>consortio</span> <span class='ocrx_word' id='word_1_178' title='bbox 1661 2384 1944 2433; x_wconf 89' lang='lat' dir='ltr'>dimicandi.</span> 
     </span>
     <span class='ocr_line' id='line_1_23' title="bbox 254 2459 1943 2522; baseline 0 -15"><span class='ocrx_word' id='word_1_179' title='bbox 254 2474 361 2507; x_wconf 90' lang='lat' dir='ltr'>ecce</span> <span class='ocrx_word' id='word_1_180' title='bbox 410 2462 652 2522; x_wconf 86' lang='lat' dir='ltr'>quantum</span> <span class='ocrx_word' id='word_1_181' title='bbox 698 2460 893 2507; x_wconf 89' lang='lat' dir='ltr'>Aeneae</span> <span class='ocrx_word' id='word_1_182' title='bbox 939 2459 1130 2507; x_wconf 83' lang='lat' dir='ltr'>meritis</span> <span class='ocrx_word' id='word_1_183' title='bbox 1170 2459 1339 2520; x_wconf 80' lang='lat' dir='ltr'>datur,</span> <span class='ocrx_word' id='word_1_184' title='bbox 1388 2462 1578 2522; x_wconf 88' lang='lat' dir='ltr'>quanta</span> <span class='ocrx_word' id='word_1_185' title='bbox 1621 2461 1727 2507; x_wconf 87' lang='lat' dir='ltr'>arte</span> <span class='ocrx_word' id='word_1_186' title='bbox 1772 2459 1943 2507; x_wconf 89' lang='lat' dir='ltr'>laudes</span> 
     </span>
     <span class='ocr_line' id='line_1_24' title="bbox 254 2532 1945 2596; baseline 0 -16"><span class='ocrx_word' id='word_1_187' title='bbox 254 2535 360 2582; x_wconf 88' lang='lat' dir='ltr'>eius</span> <span class='ocrx_word' id='word_1_188' title='bbox 394 2535 443 2581; x_wconf 87' lang='lat' dir='ltr'>et</span> <span class='ocrx_word' id='word_1_189' title='bbox 473 2534 737 2596; x_wconf 88' lang='lat' dir='ltr'>praeconia</span> <span class='ocrx_word' id='word_1_190' title='bbox 769 2533 1107 2581; x_wconf 77' lang='lat' dir='ltr'>cumulantur!</span> <span class='ocrx_word' id='word_1_191' title='bbox 1155 2533 1416 2595; x_wconf 89' lang='lat' dir='ltr'>profitetur</span> <span class='ocrx_word' id='word_1_192' title='bbox 1439 2534 1629 2594; x_wconf 86' lang='lat' dir='ltr'>primus</span> <span class='ocrx_word' id='word_1_193' title='bbox 1655 2532 1945 2582; x_wconf 86' lang='lat' dir='ltr'>violentiam</span> 
     </span>
     <span class='ocr_line' id='line_1_25' title="bbox 255 2606 1944 2670; baseline -0.001 -16"><span class='ocrx_word' id='word_1_194' title='bbox 255 2608 450 2655; x_wconf 88' lang='lat' dir='ltr'>Turnus</span> <span class='ocrx_word' id='word_1_195' title='bbox 498 2610 547 2655; x_wconf 87' lang='lat' dir='ltr'>et</span> <span class='ocrx_word' id='word_1_196' title='bbox 586 2607 891 2670; x_wconf 85' lang='lat' dir='ltr'>coniugium,</span> <span class='ocrx_word' id='word_1_197' title='bbox 940 2607 1074 2669; x_wconf 92' lang='lat' dir='ltr'>quod</span> <span class='ocrx_word' id='word_1_198' title='bbox 1119 2608 1309 2655; x_wconf 88' lang='lat' dir='ltr'>meritis</span> <span class='ocrx_word' id='word_1_199' title='bbox 1357 2606 1578 2655; x_wconf 90' lang='lat' dir='ltr'>obtinere</span> <span class='ocrx_word' id='word_1_200' title='bbox 1625 2622 1723 2654; x_wconf 88' lang='lat' dir='ltr'>non</span> <span class='ocrx_word' id='word_1_201' title='bbox 1770 2606 1944 2668; x_wconf 79' lang='lat' dir='ltr'>valuit,</span> 
     </span>
     <span class='ocr_line' id='line_1_26' title="bbox 253 2680 1943 2744; baseline 0 -16"><span class='ocrx_word' id='word_1_202' title='bbox 253 2681 381 2729; x_wconf 89' lang='lat' dir='ltr'>bello</span> <span class='ocrx_word' id='word_1_203' title='bbox 432 2681 614 2729; x_wconf 88' lang='lat' dir='ltr'>nititur</span> <span class='ocrx_word' id='word_1_204' title='bbox 664 2697 919 2744; x_wconf 83' lang='lat' dir='ltr'>quaerere3</span> <span class='ocrx_word' id='word_1_205' title='bbox 973 2681 1053 2729; x_wconf 87' lang='lat' dir='ltr'>hic</span> <span class='ocrx_word' id='word_1_206' title='bbox 1101 2697 1296 2743; x_wconf 89' lang='lat' dir='ltr'>quoque</span> <span class='ocrx_word' id='word_1_207' title='bbox 1343 2683 1509 2742; x_wconf 89' lang='lat' dir='ltr'>partes</span> <span class='ocrx_word' id='word_1_208' title='bbox 1555 2680 1748 2727; x_wconf 88' lang='lat' dir='ltr'>Aeneae</span> <span class='ocrx_word' id='word_1_209' title='bbox 1803 2682 1943 2728; x_wconf 88' lang='lat' dir='ltr'>tutae</span> 
     </span>
    </p>
   </div>
   <div class='ocr_carea' id='block_1_5' title="bbox 258 2776 612 2780">
    <p class='ocr_par' dir='ltr' id='par_1_5' title="bbox 258 2776 612 2780">
     <span class='ocr_line' id='line_1_27' title="bbox 258 2776 612 2780; baseline 0 0"><span class='ocrx_word' id='word_1_210' title='bbox 258 2776 612 2780; x_wconf 95' lang='lat' dir='ltr'> </span> 
     </span>
    </p>
   </div>
   <div class='ocr_carea' id='block_1_6' title="bbox 253 2819 1944 2984">
    <p class='ocr_par' dir='ltr' id='par_1_6' title="bbox 253 2819 1944 2984">
     <span class='ocr_line' id='line_1_28' title="bbox 372 2819 1942 2878; baseline -0.002 -13"><span class='ocrx_word' id='word_1_211' title='bbox 372 2827 399 2865; x_wconf 87' lang='lat'>4</span> <span class='ocrx_word' id='word_1_212' title='bbox 431 2824 647 2878; x_wconf 78' lang='lat' dir='ltr'>solvitque</span> <span class='ocrx_word' id='word_1_213' title='bbox 679 2822 750 2866; x_wconf 87' lang='lat' dir='ltr'>ed.</span> <span class='ocrx_word' id='word_1_214' title='bbox 846 2826 899 2864; x_wconf 84' lang='lat'>12</span> <span class='ocrx_word' id='word_1_215' title='bbox 932 2822 1222 2877; x_wconf 75' lang='lat' dir='ltr'>dispositioni</span> <span class='ocrx_word' id='word_1_216' title='bbox 1252 2821 1323 2866; x_wconf 88' lang='lat' dir='ltr'>ed.</span> <span class='ocrx_word' id='word_1_217' title='bbox 1426 2825 1479 2864; x_wconf 89' lang='lat'>13</span> <span class='ocrx_word' id='word_1_218' title='bbox 1506 2821 1781 2876; x_wconf 76' lang='lat' dir='ltr'>profuturae</span> <span class='ocrx_word' id='word_1_219' title='bbox 1805 2819 1846 2863; x_wconf 91' lang='lat' dir='ltr'><strong>V</strong></span> <span class='ocrx_word' id='word_1_220' title='bbox 1871 2820 1942 2864; x_wconf 89' lang='lat' dir='ltr'>ed.</span> 
     </span>
     <span class='ocr_line' id='line_1_29' title="bbox 253 2879 1944 2984; baseline -0.002 -58"><span class='ocrx_word' id='word_1_221' title='bbox 253 2885 498 2984; x_wconf 44' lang='lat' dir='ltr'>³326ssaeng</span> <span class='ocrx_word' id='word_1_222' title='bbox 492 2881 534 2925; x_wconf 91' lang='lat' dir='ltr'>V</span> <span class='ocrx_word' id='word_1_223' title='bbox 561 2882 736 2938; x_wconf 78' lang='lat' dir='ltr'>trepido</span> <span class='ocrx_word' id='word_1_224' title='bbox 760 2881 958 2926; x_wconf 78' lang='lat' dir='ltr'>tumultu</span> <span class='ocrx_word' id='word_1_225' title='bbox 987 2881 1092 2924; x_wconf 84' lang='lat' dir='ltr'>add.</span> <span class='ocrx_word' id='word_1_226' title='bbox 1121 2881 1191 2925; x_wconf 88' lang='lat' dir='ltr'>ed.</span> <span class='ocrx_word' id='word_1_227' title='bbox 1287 2884 1340 2923; x_wconf 89' lang='grc'>19</span> <span class='ocrx_word' id='word_1_228' title='bbox 1373 2885 1414 2924; x_wconf 83' lang='lat' dir='ltr'>et</span> <span class='ocrx_word' id='word_1_229' title='bbox 1437 2880 1587 2924; x_wconf 81' lang='lat' dir='ltr'>adhuc</span> <span class='ocrx_word' id='word_1_230' title='bbox 1618 2879 1687 2923; x_wconf 88' lang='lat' dir='ltr'>ed.</span> <span class='ocrx_word' id='word_1_231' title='bbox 1782 2883 1837 2922; x_wconf 81' lang='lat'>20</span> <span class='ocrx_word' id='word_1_232' title='bbox 1871 2880 1944 2924; x_wconf 86' lang='lat' dir='ltr'>ob-</span> 
     </span>
    </p>
   </div>
   <div class='ocr_carea' id='block_1_7' title="bbox 1979 1584 2021 1616">
    <p class='ocr_par' dir='ltr' id='par_1_7' title="bbox 1979 1584 2021 1616">
     <span class='ocr_line' id='line_1_30' title="bbox 1979 1584 2021 1616; baseline 0 0"><span class='ocrx_word' id='word_1_233' title='bbox 1979 1584 2021 1616; x_wconf 89' lang='lat'>10</span> 
     </span>
    </p>
   </div>
   <div class='ocr_carea' id='block_1_8' title="bbox 1976 2324 2019 2357">
    <p class='ocr_par' dir='ltr' id='par_1_8' title="bbox 1976 2324 2019 2357">
     <span class='ocr_line' id='line_1_31' title="bbox 1976 2324 2019 2357; baseline 0.023 -1"><span class='ocrx_word' id='word_1_234' title='bbox 1976 2324 2019 2357; x_wconf 84' lang='lat'>20</span> 
     </span>
    </p>
   </div>
   <div class='ocr_carea' id='block_1_9' title="bbox 1975 2691 2018 2724">
    <p class='ocr_par' dir='ltr' id='par_1_9' title="bbox 1975 2691 2018 2724">
     <span class='ocr_line' id='line_1_32' title="bbox 1975 2691 2018 2724; baseline 0 0"><span class='ocrx_word' id='word_1_235' title='bbox 1975 2691 2018 2724; x_wconf 80' lang='lat'>25</span> 
     </span>
    </p>
   </div>
  </div>
 </body>
</html>
