2050 3226
205 165 273 218 10
675 161 908 206 DONATI
939 160 1220 205 INTERPR.
1245 160 1424 205 VERG.

201 318 315 351 cum
352 318 462 350 eam
501 303 915 351 demonstraverit
943 303 997 350 in
1029 303 1244 350 extremo
1275 317 1363 363 per
1391 299 1445 348 id
1474 299 1711 362 temporis
1742 299 1894 349 fuisse

201 377 400 440 quando
440 393 552 425 oras
590 376 725 439 ipsas
765 376 957 426 advena
996 375 1235 424 exercitus
1273 375 1463 439 tetigit,
1501 375 1722 438 emergat
1753 390 1893 437 prae-

200 450 383 499 dicatio
422 451 525 498 eius
565 451 703 498 cuius
744 450 930 500 virtute
969 451 1119 498 simul
1157 451 1207 497 et
1244 449 1378 498 facto
1417 449 1575 497 multo
1616 449 1808 497 auctior
1846 450 1895 496 et

198 524 388 572 felicior
436 525 571 573 facta
621 526 710 572 est.
787 524 877 573 sub
927 525 1144 588 imagine
1192 526 1361 570 autem
1405 523 1736 572 invocationis
1781 538 1893 584 pro-

197 598 502 661 positionum
562 599 727 647 tenuit
779 599 1012 660 formam,
1065 600 1124 646 ut
1174 598 1228 644 in
1280 597 1389 659 ipso
1444 597 1674 645 carminis
1731 596 1893 659 capite

175 673 354 737 plector
400 674 674 721 instructus
725 672 965 720 edisceret
1014 672 1135 734 quid
1181 671 1338 719 omnis
1383 671 1502 719 ordo
1542 671 1719 720 fuisset
1755 670 1893 719 habi-

197 749 355 795 turus.
438 748 558 795 sunt
606 762 722 810 ergo
771 747 914 794 haec:
985 746 1071 808 qui
1118 761 1280 808 reges,
1332 761 1460 808 quae
1510 748 1758 808 tempora,
1810 745 1894 807 qui

197 822 382 882 status,
423 837 550 883 quae
590 820 790 869 exordia
830 821 1084 868 extiterint
1121 835 1332 882 pugnae.
1395 819 1465 867 sic
1495 821 1663 868 tamen
1693 820 1896 867 invocat

197 895 363 943 dicens
420 911 552 942 nunc
611 911 724 958 age,
783 897 843 942 ut
890 893 1083 942 hortari
1131 894 1299 956 potius
1350 909 1503 955 quam
1546 894 1714 941 iubere
1761 893 1895 941 vide-

195 970 348 1016 retur.
410 984 510 1016 non
548 969 679 1016 enim
717 968 1046 1031 praeceptivis
1084 967 1247 1015 verbis
1286 966 1365 1014 uti
1401 969 1569 1030 potuit
1606 968 1748 1015 iuxta
1787 983 1896 1015 eam

197 1043 336 1091 cuius
377 1042 438 1090 ob
478 1042 782 1104 expedienda
822 1041 1100 1090 necessaria
1140 1040 1409 1104 quaerebat
1451 1041 1706 1089 auxilium.
1784 1057 1895 1089 cum

196 1132 312 1165 vero
375 1116 618 1165 advenam
674 1116 802 1164 dixit
854 1117 1184 1164 Troianorum
1238 1115 1530 1176 exercitum,
1583 1115 1895 1163 intellectum

196 1190 337 1238 nobis
387 1190 688 1239 latissimum
739 1190 885 1239 dedit.
971 1189 1188 1252 pertinet
1245 1189 1376 1237 enim
1431 1189 1524 1237 hoc
1576 1205 1773 1252 quoque
1831 1189 1896 1236 ad

197 1281 365 1313 eorum
414 1264 636 1326 laudem,
686 1266 744 1311 ut
791 1264 978 1312 virtute
1030 1266 1079 1312 et
1127 1264 1458 1326 prosperitate
1509 1278 1599 1311 sua
1645 1262 1896 1327 peregrini

194 1339 247 1386 in
287 1339 463 1387 alienis
506 1338 627 1386 locis
668 1338 862 1402 ingenti
903 1339 1056 1386 fultos
1096 1337 1334 1385 familiari
1373 1337 1656 1386 substantia
1694 1353 1894 1399 supera-

195 1412 380 1474 verint,
435 1412 682 1475 simulque
738 1413 887 1460 etiam
942 1411 1069 1459 illud
1123 1413 1326 1460 excusat
1375 1412 1512 1474 quod
1565 1412 1698 1474 apud
1743 1411 1895 1459 Ilium

196 1489 393 1550 gestum
431 1489 519 1536 est.
582 1486 669 1548 qui
707 1488 838 1534 enim
875 1486 1077 1534 Italiam
1116 1486 1335 1548 opimam
1374 1485 1653 1534 substantia
1693 1487 1743 1533 et
1772 1485 1892 1534 viris

197 1561 444 1623 armisque
493 1561 791 1608 instructam
840 1576 994 1622 parvo
1046 1560 1266 1608 exercitu
1311 1561 1361 1607 et
1398 1559 1624 1622 reliquiis
1663 1559 1895 1607 Danaum

196 1634 416 1683 obtinere
465 1636 736 1696 potuerunt
783 1636 986 1695 possent
1035 1634 1186 1682 etiam
1232 1635 1452 1696 patriam
1497 1649 1640 1682 suam
1680 1649 1893 1697 congrue

196 1708 472 1769 defensare,
519 1708 617 1756 nisi
656 1710 820 1757 essent
860 1709 1076 1756 factione
1114 1708 1319 1756 Iunonis
1358 1708 1420 1756 ab
1461 1708 1639 1756 effectu
1677 1708 1892 1770 opitula-

194 1782 346 1830 tionis
393 1782 589 1830 exclusi.
668 1785 719 1829 τα
770 1786 948 1838 vatem,
997 1786 1069 1838 tu,
1119 1783 1255 1839 diva,
1302 1797 1466 1829 mone:
1533 1783 1671 1830 vates
1719 1782 1895 1830 volunt

194 1858 367 1918 poetas
414 1856 512 1904 dici
560 1855 692 1917 ideo,
741 1857 861 1918 quia
906 1857 1163 1904 Musarum
1209 1856 1539 1904 sacerdotium
1584 1856 1893 1918 profitentur.

196 1930 378 1978 etenim
427 1932 485 1978 ut
535 1933 651 1978 sunt
702 1933 839 1978 vates
894 1931 982 1991 qui
1032 1931 1236 1978 deorum
1284 1946 1522 1993 responsa
1569 1930 1633 1978 ad
1669 1929 1894 1978 homines

194 2004 471 2067 perferunt,
519 2004 594 2051 ita
645 2006 695 2051 et
742 2003 864 2052 istos
912 2007 1051 2054 vates
1103 2004 1199 2052 dici
1251 2005 1501 2065 convenit,
1550 2004 1686 2067 quod
1726 2006 1786 2052 ut
1823 2003 1894 2051 dii

194 2095 284 2140 per
329 2093 441 2126 suos
489 2079 562 2125 ita
601 2093 689 2140 per
727 2080 899 2139 poetas
939 2079 1111 2127 Musae
1146 2079 1288 2141 loqui
1326 2077 1663 2140 perhibentur.
1734 2079 1895 2125 dicam

194 2152 394 2199 horrida
435 2153 578 2207 bella,
620 2152 779 2199 dicam
819 2153 946 2199 acies
985 2156 1208 2211 actosque
1247 2154 1429 2200 animis
1465 2153 1520 2199 in
1548 2153 1731 2212 funera
1759 2166 1893 2211 reyes

197 2226 590 2286 Tyrrhenamque
627 2241 832 2273 manum
870 2229 1106 2286 totamque
1144 2228 1233 2274 sub
1274 2241 1417 2274 arma
1456 2230 1669 2274 coactam
1707 2225 1892 2283 Hespe-

193 2301 347 2347 riam:
424 2299 575 2346 aliam
637 2301 829 2361 partem
891 2300 1244 2361 propositionis
1308 2301 1558 2361 adiunxit,
1621 2301 1671 2347 et
1729 2298 1891 2360 ipsam

195 2375 349 2421 fetam
400 2373 667 2421 seminibus
718 2373 904 2435 laudis3
951 2376 1092 2422 tanto
1141 2375 1270 2422 enim
1321 2373 1518 2423 victoris
1565 2372 1762 2420 Aeneae
1810 2388 1889 2419 cu-

194 2447 483 2495 mulabatur
532 2448 714 2510 gloria,
763 2449 948 2508 quanto
1001 2449 1394 2496 coniurationem
1439 2449 1516 2495 tot
1565 2463 1760 2510 regum,
1813 2449 1890 2493 tot

195 2523 420 2584 gentium
467 2523 517 2568 et
562 2522 716 2568 totius
755 2521 932 2568 Italiae
974 2522 1402 2584 congredientibus
1443 2537 1500 2568 ex
1538 2522 1679 2582 parte
1718 2520 1889 2567 Troia—

195 2611 370 2642 norum
416 2594 588 2657 paucis
633 2594 912 2642 constiterit
959 2598 1258 2656 superatam.
1342 2596 1532 2643 interea
1581 2594 1731 2642 verba
1779 2594 1890 2655 ipsa

315 2741 336 2778 1
372 2736 777 2780 demonstraverint
806 2735 861 2778 V.
985 2741 1008 2777 2
1049 2742 1263 2780 venturas
1301 2738 1426 2792 ipsas
1464 2736 1641 2779 advena
1670 2735 1889 2778 exercitus

195 2796 341 2852 tetiqit
378 2794 419 2837 V
463 2795 646 2851 quando
687 2807 793 2838 oras
834 2795 863 2837 i.
899 2809 940 2838 a.
974 2808 1007 2837 e.
1042 2801 1070 2838 t.
1115 2809 1197 2837 nos
1239 2795 1393 2838 locum
1437 2797 1611 2838 temere
1656 2794 1773 2836 mut.
1816 2793 1885 2835 ed.

196 2859 221 2898 3
252 2854 376 2908 facto
399 2854 441 2897 V
474 2854 545 2897 ed.
577 2854 706 2907 fato?
739 2853 797 2896 cf.
831 2858 871 2907 2,
899 2857 997 2896 738.
1042 2854 1046 2911 ἱ
1094 2855 1269 2898 auctior
1292 2853 1330 2896 V
1361 2855 1499 2898 altior
1531 2853 1601 2896 ed.
1724 2856 1749 2895 6
1781 2853 1888 2906 post

194 2914 434 2957 habiturus
464 2913 694 2967 reliquum
725 2925 883 2955 versus
916 2912 1120 2967 spatium
1149 2913 1294 2967 signis
1319 2912 1555 2968 expletum
1575 2910 1630 2955 V.
1724 2915 1748 2953 7
1779 2911 1889 2953 haec

197 2987 284 3015 om.
313 2972 383 3016 ed.
457 2976 524 3014 ·10
555 2976 607 3015 ut
630 2972 786 3027 potuit
807 2970 861 3014 V.
950 2975 1003 3014 13
1037 2973 1155 3015 enim
1188 2985 1275 3015 om.
1303 2972 1373 3015 ed.
1460 2975 1515 3014 20
1547 2969 1782 3024 defendere
1815 2969 1884 3012 ed.

1927 979 1969 1011 10

1927 1349 1969 1381 15

1926 1720 1969 1752 20

1924 2089 1967 2122 25

1922 2458 1965 2489 30
