2050 3226
189 192 260 245 28
663 189 895 235 DONATI
924 189 1205 235 mTERPR.
1229 189 1410 235 Vnae,

189 331 257 379 sit
309 330 401 379 sub
453 329 673 395 imagine
721 345 922 380 servans
967 330 1167 393 falcem3
1220 331 1291 379 sic
1335 328 1467 378 enim
1512 329 1604 379 sub
1645 328 1879 394 imaginis

190 404 345 454 oculis
390 404 511 468 fuit,
558 406 620 453 ut
666 405 870 453 ferentis
921 404 1199 467 aspectibus
1245 420 1438 467 semper
1490 407 1621 453 esset
1673 403 1879 452 obiecta.

190 494 394 528 curvam
442 494 530 527 cur
578 478 758 527 dixerit
801 478 1124 527 manifestum
1169 480 1265 540 est3
1319 479 1391 527 sic
1439 479 1571 526 enim
1622 478 1883 539 formatur,

190 554 354 601 erecta
414 552 598 616 quippe
666 553 818 602 aliam
887 552 1099 615 speciem
1165 553 1302 601 facit.
1384 552 1596 613 Ianique
1660 552 1886 612 bifrontis

188 628 374 688 imaqo:
425 642 549 688 una,
600 626 788 690 inquit,
836 626 949 675 Iani
999 628 1171 675 statua
1222 627 1341 687 fuit,
1395 626 1482 675 sed
1531 626 1654 675 duas
1707 625 1887 674 habuit
1940 638 1960 670 5

189 701 378 750 fr0ntes
426 700 727 764 perindeque
779 700 933 750 facies
987 700 1134 760 duas,
1187 716 1341 748 unam
1389 716 1508 763 prae
1558 716 1625 762 se,
1675 701 1886 748 alteram

191 775 351 824 dorso.
427 775 607 835 aliique
652 776 715 823 ab
761 775 945 836 ori9inc
987 788 1145 835 reyes:
1199 791 1229 822 a
1267 775 1471 836 speciali
1517 774 1886 823 enumeratione

193 849 256 897 ad
308 849 687 913 generalitatem
741 864 791 897 se
847 849 1092 897 convertit
1145 848 1417 910 conpendio
1463 848 1709 896 referendi
1762 862 1883 896 usus

192 925 243 971 et
292 922 384 971 illa
437 938 586 971 causa
638 923 718 971 vel
769 923 1002 983 maxime,
1055 924 1114 970 ut
1163 925 1367 986 augeret
1414 923 1662 972 maiorum
1714 921 1885 971 Latini

190 1012 473 1059 numerum3
521 998 575 1044 in
614 997 938 1060 generalitate
977 996 1108 1044 enim
1144 996 1341 1044 infinita
1387 996 1669 1046 aestimatio
1715 998 1791 1045 est
1835 998 1886 1044 et
1919 1008 1962 1040 ιο

191 1071 306 1133 plus
336 1070 647 1135 intellegitur
678 1086 831 1134 quam
853 1071 1037 1119 veritas
1068 1070 1233 1118 habet.
1285 1071 1571 1130 Martiaque
1590 1072 1648 1119 ob
1665 1071 1887 1130 patriam

183 1145 456 1206 puynando
493 1145 701 1192 vulnera
730 1146 898 1205 passi:
952 1147 1207 1192 tantarum
1244 1145 1323 1192 illi
1360 1145 1633 1208 gloriarum
1670 1144 1887 1204 fuerunt,

192 1221 251 1267 ut
294 1234 385 1281 pro
433 1218 598 1282 patria
643 1219 738 1267 hoc
784 1221 859 1267 est
904 1235 992 1281 pro
1035 1218 1225 1266 tuenda
1270 1218 1502 1267 libertate
1539 1219 1621 1267 vel
1660 1217 1889 1282 augenda

192 1292 448 1355 republica
486 1308 578 1341 sua
616 1295 666 1341 et
702 1308 952 1356 pugnasse
992 1309 1073 1342 eos
1114 1309 1259 1355 saepe
1298 1295 1348 1341 et
1378 1293 1586 1341 vulnera
1617 1293 1890 1356 pugnantis

195 1367 439 1429 excepisse
480 1366 700 1414 dubitari
737 1382 837 1414 non
886 1370 1066 1430 posset.
1142 1367 1388 1426 multaque
1425 1371 1684 1427 praeterea
1732 1367 1889 1415 sacris
1921 1378 1963 1410 15

193 1443 246 1488 in
278 1442 501 1501 postibus
547 1456 714 1488 arma:
766 1441 952 1489 indicia
1002 1443 1171 1489 autem
1219 1441 1421 1489 virtutis
1471 1441 1689 1503 ipsorum
1743 1443 1890 1503 rapta

194 1514 422 1563 hostibus
462 1515 623 1576 spolia
661 1515 996 1576 testabantur,
1048 1531 1173 1577 quae
1218 1515 1371 1563 infixa
1417 1515 1642 1577 postibus
1692 1515 1773 1563 vel
1814 1516 1888 1562 in-

195 1589 349 1637 terius
388 1590 609 1651 reposita
648 1588 767 1650 quid
807 1590 994 1653 singuli
1026 1589 1294 1653 gessissent
1325 1590 1546 1651 apertius
1585 1588 1888 1637 indicabant.

196 1662 544 1711 describuntur
575 1663 746 1710 eadem
777 1664 888 1725 ipsa
919 1664 1012 1711 hoc
1043 1663 1212 1712 modo:
1245 1664 1424 1724 captivi
1447 1663 1662 1723 pendent
1692 1677 1890 1710 currus:

197 1751 367 1785 currus
398 1737 531 1784 inter
561 1751 700 1784 arma
730 1737 1070 1799 principaliter
1093 1737 1282 1799 posuit,
1315 1736 1447 1800 quod
1477 1737 1665 1785 fuerint
1696 1737 1890 1784 adversi
1921 1749 1964 1780 20

195 1810 444 1872 hostibus3
477 1826 726 1858 armorum
759 1812 890 1858 enim
922 1811 1308 1875 significationes
1340 1813 1391 1859 et
1420 1812 1607 1859 multas
1637 1810 1889 1874 Vergilius

196 1883 365 1948 posuit
395 1887 446 1932 et
476 1884 711 1944 diversas,
734 1885 941 1947 proinde
965 1901 1055 1947 pro
1090 1885 1238 1934 armis
1262 1885 1476 1933 habetur
1511 1885 1748 1948 quicquid
1778 1886 1889 1932 hos·

97 1965 180 2004 185
197 1962 299 2006 tem
322 1974 604 2022 expugnare
627 1959 859 2020 potuerit.
915 1974 1181 2018 curvaeque
1203 1974 1393 2007 secures
1417 1963 1461 2006 et
1482 1961 1656 2007 cristae
1677 1960 1892 2018 capitum

199 2036 242 2080 et
265 2035 523 2092 portarum
552 2033 766 2092 inqentia
799 2033 1038 2081 claustra:
1084 2034 1250 2081 omnia
1281 2033 1384 2082 sine
1408 2034 1555 2082 modo
1579 2034 1660 2082 vel
1686 2048 1890 2081 numero

198 2107 387 2169 posuit,
416 2109 476 2153 ut
505 2106 618 2168 plus
650 2107 921 2154 arbitretur
951 2107 1289 2170 unusquisque
1318 2124 1469 2170 quam
1499 2108 1612 2156 suit.
1689 2123 1749 2154 ne
1773 2122 1889 2155 vero
1922 2117 1964 2150 25

197 2182 251 2228 in
305 2179 669 2243 expugnatione
726 2181 986 2228 civitatum
1041 2183 1190 2243 atque
1255 2184 1515 2244 portarum
1581 2182 1687 2230 leve
1750 2180 1890 2242 quid-

199 2254 314 2302 dam
338 2253 588 2301 videretur
618 2254 859 2314 effectum,
889 2255 1114 2318 ingentia
1136 2255 1304 2318 inquit
1334 2256 1567 2316 claustra,
1598 2257 1657 2302 ut
1687 2262 1891 2316 aspectu

200 2327 513 2376 ostenderent
551 2331 794 2389 quantum
833 2329 1016 2377 laboris
1047 2329 1225 2378 fuisset
1254 2331 1529 2392 inpensum,
1568 2331 1626 2376 ut
1656 2330 1892 2390 superata

199 2402 578 2450 retraherentur.
641 2403 921 2461 spiculaque
959 2404 1188 2463 clipeique
1220 2407 1471 2464 ereptaque
1501 2406 1661 2450 rostra
1693 2403 1890 2456 carinis,

320 2592 345 2630 5
385 2588 535 2644 imago
576 2585 809 2629 lemmatis
851 2586 955 2629 finis
994 2587 1042 2629 in
1074 2586 1116 2629 V
1153 2587 1370 2631 vestibulo
1408 2587 1624 2631 astabant
1661 2586 1766 2630 add.
1805 2587 1891 2641 ed.,

202 2646 283 2690 sed
314 2659 408 2689 non
437 2644 707 2701 explicatur.
800 2649 823 2687 7
857 2646 1010 2689 deorse
1036 2645 1074 2687 V
1100 2660 1217 2702 prae
1246 2647 1377 2690 dorso
1408 2646 1480 2690 ed.
1525 2646 1529 2703 f
1572 2661 1602 2689 a
1633 2659 1721 2689 om.
1746 2645 1787 2688 V
1820 2645 1890 2688 ed.

204 2710 228 2747 9
260 2706 475 2749 maiorem
506 2703 578 2749 ed.
671 2708 725 2747 12
756 2705 939 2748 vulnere
962 2704 1016 2747 V.
1058 2706 1061 2762 Ι
1104 2707 1201 2749 illic
1225 2704 1266 2748 V
1295 2706 1370 2749 illi
1398 2719 1500 2749 nos:
1535 2705 1688 2747 locum
1717 2706 1892 2747 temere

201 2766 315 2807 mut.
349 2764 419 2806 ed.
542 2767 597 2806 15
628 2763 839 2807 dubitare
869 2762 910 2805 V
944 2777 1057 2807 corr.
1090 2764 1205 2807 edF.
1331 2768 1383 2807 17
1417 2764 1805 2820 quae—interius
1842 2763 1892 2805 in

204 2822 456 2865 absurdum
489 2822 695 2877 corrupit
726 2821 796 2865 ed.
893 2826 946 2865 18
979 2824 1208 2867 cessissent
1230 2823 1273 2866 V
1305 2837 1419 2866 corr.
1453 2823 1523 2865 ed.
1617 2826 1673 2864 20
1703 2822 1893 2875 fuerumt

204 2882 274 2925 ed.
412 2886 467 2924 23
506 2882 709 2937 potuerit
746 2880 787 2923 V
825 2883 975 2936 possit
1019 2882 1088 2925 ed.
1226 2887 1280 2925 27
1329 2887 1535 2937 aspectus
1572 2880 1614 2923 V
1661 2893 1774 2923 corr.
1819 2880 1889 2923 ed.

206 2944 262 2984 28
307 2945 506 2995 quantus
559 2941 728 2984 laboris
771 2940 912 2993 fuisse
954 2939 995 2982 V
1043 2954 1156 2984 corr.
1204 2941 1275 2985 ed.
1342 2940 1347 2998 Ι
1415 2944 1630 2996 superata
1682 2952 1770 2982 om.
1820 2938 1890 2982 ed.

206 3003 260 3042 29
292 3000 660 3043 subtraherentur
691 2998 760 3042 ed.
