2050 3226
238 165 344 218 124
709 161 943 206 DONATI
972 161 1252 205 INTERPR.
1277 160 1455 205 VERG.

235 301 424 364 effudit,
449 303 607 350 claras
647 301 837 350 scilicet
875 303 925 349 et
963 302 1105 349 latas.
1182 301 1436 362 nymphae,
1477 301 1752 350 Laurentes
1789 315 1925 362 nym-

227 377 372 437 phae,
407 391 561 438 ,evenus
600 377 827 424 amnibus
863 376 994 423 unde
1032 379 1123 423 est:
1159 375 1240 422 hic
1278 391 1447 424 versus
1495 375 1714 423 diversas
1759 377 1927 437 potest

233 451 664 512 pronuntiationes
705 451 979 498 admittere.
1056 448 1262 497 dicimus
1302 465 1419 513 ergo
1456 466 1608 498 unam
1647 450 1743 497 sic:
1785 466 1925 512 nym-

233 526 362 587 phae
400 524 687 585 Laurentes,
728 523 963 586 quoniam
998 523 1221 586 ipsarum
1267 539 1415 572 causa
1458 523 1840 585 praedicabatur
1877 525 1928 571 et

233 599 371 661 ipsae
416 600 471 646 in
515 604 735 660 tempore
783 598 982 645 fuerant
1027 597 1353 659 necessariae,
1394 597 1606 646 secundo
1647 597 1928 645 addendum

234 673 504 735 nymphae,
555 687 711 736 genus
759 671 985 720 amnibus
1035 671 1165 719 unde
1213 674 1310 733 est,
1355 673 1412 718 ut
1460 673 1708 734 nymphae
1746 671 1928 719 Italiae

233 746 478 795 universis
518 746 746 794 amnibus
785 761 938 809 genus
979 745 1170 794 dedisse
1209 746 1493 807 videantur3
1536 747 1658 794 item
1696 745 1797 793 alia
1835 745 1926 793 sie:

158 822 163 826 ’
234 821 483 883 nymphae
528 819 802 868 Laurentes
848 821 1118 882 nymphae,
1165 822 1223 867 ut
1261 819 1536 882 duplicatio
1575 819 1789 868 nominis
1829 820 1927 883 sig-

235 895 439 942 nificans
462 896 762 956 potestatem
786 894 1115 943 cumulaverit
1143 894 1570 942 honorificentiam
1603 894 1929 956 deprecantis,

236 969 412 1016 dehinc
473 969 734 1016 dicendum
788 984 941 1031 genus
1007 967 1234 1016 amnibus
1289 967 1420 1015 unde
1475 970 1570 1028 est3
1630 968 1781 1016 tertia
1835 967 1929 1015 sic:

234 1043 497 1105 nymphae,
529 1045 580 1090 et
610 1042 991 1103 subsistendum,
1021 1044 1081 1089 ut
1110 1043 1354 1104 incipiens
1386 1042 1762 1105 generalitatem
1794 1041 1929 1090 vide-

236 1119 352 1164 atur
381 1117 648 1180 ingressus,
680 1116 855 1164 dehinc
887 1118 1106 1164 correcta
1138 1132 1196 1164 ea
1228 1115 1291 1164 ad
1323 1117 1538 1179 speciem
1560 1116 1732 1164 redeat
1762 1116 1928 1164 dicens

235 1191 509 1238 Laurentes
555 1191 826 1253 nymphae,
875 1192 1110 1252 quoniam
1155 1190 1293 1252 ipsae
1334 1191 1510 1238 ceteris
1549 1190 1751 1238 fuerant
1787 1206 1929 1252 prae·

235 1265 507 1327 ponendae,
541 1280 664 1327 quas
695 1258 907 1328 rogabat
938 1267 987 1312 et
1018 1280 1230 1326 quarum
1259 1265 1312 1312 in
1351 1264 1603 1327 praesenti
1639 1264 1930 1312 beneficium

237 1341 470 1387 senserat.
547 1355 662 1402 ergo
715 1355 828 1386 cum
881 1354 1046 1387 omnes
1094 1338 1313 1386 habeant
1349 1340 1597 1386 rationem
1636 1354 1799 1399 suam,
1841 1341 1932 1386 aut

234 1413 419 1460 iudicio
470 1413 681 1476 legentis
733 1413 961 1476 eligenda
1013 1415 1087 1461 est
1135 1412 1311 1460 melior
1361 1415 1448 1461 aut
1496 1413 1775 1474 sequendae
1815 1414 1932 1460 sunt

237 1502 419 1535 omnes.
482 1490 644 1546 tuque,
686 1501 712 1534 0
746 1487 948 1547 Thybri,
990 1491 1083 1543 tuo,
1121 1488 1321 1547 finitor,
1364 1502 1472 1534 cum
1509 1488 1710 1544 flumine
1748 1489 1928 1542 sancto,

238 1562 436 1621 accipite
474 1559 704 1608 Aenean:
753 1562 1029 1624 genitorem
1078 1561 1319 1622 Thybrim
1369 1563 1456 1608 aut
1500 1561 1766 1608 honorifice
1807 1561 1932 1608 dixit

239 1638 327 1683 aut
366 1651 532 1696 suum,
572 1635 809 1696 quoniam
848 1635 911 1682 ad
951 1635 1329 1683 similitudinem
1366 1635 1564 1696 paterni
1596 1636 1777 1683 amoris
1817 1650 1930 1682 con-

237 1709 370 1757 sulta
420 1708 523 1756 eius
576 1711 845 1770 acceperat.
928 1708 1119 1756 interea
1158 1709 1413 1757 videamus
1462 1724 1547 1756 cur
1591 1709 1750 1770 primo
1790 1725 1929 1770 nym-

237 1784 362 1845 phas
399 1782 649 1830 induxerit
680 1785 730 1830 et
763 1783 974 1830 secundo
1007 1783 1114 1830 loco
1146 1782 1479 1831 nominaverit
1510 1782 1750 1844 Thybrim
1783 1798 1931 1844 quem

237 1857 397 1919 primo
431 1856 602 1904 debuit
631 1858 868 1905 venerari.
931 1873 1061 1904 nunc
1093 1857 1344 1904 sciendum
1376 1859 1450 1904 est
1480 1858 1674 1919 partem
1706 1858 1931 1905 secutum

236 1930 521 1979 laudativae
553 1931 789 1978 materiae
820 1932 873 1978 in
906 1947 1004 1992 qua
1034 1930 1344 1978 retinendum
1376 1933 1451 1978 est
1481 1933 1539 1978 ut
1568 1933 1799 1992 parentes
1824 1930 1930 1979 eius

237 2005 582 2067 praeferantur
620 2005 708 2067 qui
746 2005 873 2052 forte
905 2004 1183 2052 laudandus
1218 2007 1307 2052 est.
1368 2021 1480 2052 cum
1509 2005 1664 2068 igitur
1693 2006 1800 2068 ipse
1832 2005 1931 2053 ista

239 2079 457 2139 dixisset,
496 2079 760 2140 nymphae,
799 2094 953 2142 genus
995 2079 1221 2127 amnibus
1260 2079 1390 2126 unde
1429 2081 1518 2139 est,
1557 2095 1656 2126 non
1695 2079 1792 2126 fuit
1826 2080 1931 2127 eius

237 2153 424 2199 iniuria
475 2152 561 2214 qui
611 2152 824 2200 secundo
875 2154 982 2200 loco
1035 2156 1109 2200 est
1160 2154 1374 2215 positus3
1412 2154 1568 2215 ipsius
1610 2152 1742 2200 enim
1779 2154 1929 2201 etiam

237 2226 366 2274 illud
397 2226 497 2273 fuit
530 2226 661 2288 quod
699 2227 859 2288 primo
899 2226 1158 2275 laudatum
1199 2229 1286 2275 est.
1343 2227 1596 2290 colligitur
1635 2226 1932 2275 desiderium

237 2300 461 2364 rogantis
503 2301 595 2348 sic:
636 2315 746 2361 vos,
785 2302 1056 2363 nymphae,
1097 2303 1145 2348 et
1182 2304 1260 2362 tu,
1294 2299 1529 2363 Thybris,
1561 2302 1647 2348 tuo
1679 2317 1757 2349 me
1789 2301 1930 2350 alveo

238 2375 488 2437 suscipite.
543 2377 629 2422 tuo
665 2375 797 2436 quod
829 2375 955 2422 dixit
986 2375 1048 2422 ad
1081 2375 1320 2437 Thybrim
1351 2376 1583 2437 pertinet,
1623 2374 1741 2438 quia
1771 2374 1931 2437 ipsius

238 2450 402 2496 fuerat
463 2448 666 2509 flumen,
729 2448 937 2510 accipite
995 2451 1164 2496 autem
1213 2449 1278 2496 ad
1323 2450 1481 2496 omnis
1533 2465 1655 2510 quos
1705 2449 1932 2512 rogabat.

239 2526 281 2570 et
318 2522 512 2570 tandem
551 2525 704 2570 arcete
734 2523 958 2581 pericles:
1006 2526 1056 2570 et
1095 2522 1386 2585 aliquando,
1418 2523 1606 2584 inquit,
1638 2523 1788 2570 liceat
1826 2523 1930 2570 sine

238 2596 457 2658 periculo
509 2595 745 2659 navigare
798 2599 847 2643 et
899 2596 958 2644 ab
1007 2598 1142 2644 omni
1182 2597 1463 2644 discrimine
1505 2612 1608 2645 esse
1650 2596 1931 2644 discretum.

362 2802 383 2839 1
419 2802 460 2840 et
491 2798 611 2840 latas
640 2795 682 2839 V
714 2797 895 2840 Aeneas
926 2796 997 2839 ed.
1120 2801 1145 2839 8
1185 2802 1237 2840 ut
1271 2810 1359 2840 om.
1393 2795 1483 2839 ΗΟ
1517 2796 1588 2838 ed.
1712 2799 1736 2838 9
1777 2809 1931 2839 cumu-

243 2856 356 2898 lavit
386 2855 457 2899 ed.
567 2860 622 2899 13
654 2856 741 2911 quo'
763 2854 803 2897 V
837 2856 1054 2911 quomodo
1087 2855 1176 2899 ΗΟ
1210 2856 1281 2899 ed.
1314 2856 1529 2910 quoniam
1561 2867 1658 2898 nOS.
1766 2858 1820 2897 18
1856 2868 1931 2897 ac-

242 2915 359 2968 cepit
387 2927 471 2969 pro
503 2916 694 2970 accipite
716 2913 771 2958 V.
878 2918 930 2957 19
964 2916 1133 2958 amoris
1156 2914 1197 2956 V
1228 2915 1366 2958 moris
1397 2914 1467 2957 ed.
1577 2917 1631 2956 28
1663 2914 1867 2970 royantis
1890 2912 1932 2955 V

243 2973 479 3017 laudantis
511 2973 581 3017 ed.
636 2974 639 3031 Ι
696 2974 838 3031 Tybri
869 2973 940 3017 ed.
1064 2978 1115 3016 31
1152 2975 1255 3017 licet
1286 2973 1357 3016 ed.

1960 980 2004 1012 10

1962 1349 2004 1382 15

1963 1720 2005 1751 20

1963 2089 2006 2122 25

1962 2459 2006 2491 30
