2050 3226
134 2161 218 2201 175

238 163 344 216 140
706 161 938 206 DONATI
967 161 1248 205 INTERPR.
1273 161 1453 206 VERG.

233 316 285 349 se
316 301 534 350 crastina
562 302 740 358 reddet,
766 302 950 350 auxilio
982 301 1130 349 laetos
1161 301 1401 349 dimittam
1431 302 1693 362 opibusque
1721 303 1925 351 iuvabo.-

235 392 370 439 ergo,
406 375 589 438 inquit,
626 378 833 438 propter
869 374 1246 438 praecedentem
1285 377 1335 423 et
1371 377 1646 437 praesentis
1685 378 1923 439 temporis

234 465 437 498 oausam
475 450 710 512 profiteor
745 467 823 497 me
864 448 1150 498 societatem
1188 449 1400 497 foederis
1445 450 1625 498 habere
1669 451 1925 499 vobiscum

235 526 284 572 et
345 525 564 572 crastina
622 523 890 586 incipiente
952 523 1060 571 luce
1113 538 1201 571 vos
1254 523 1525 572 instructos
1581 524 1757 587 opibus
1811 540 1926 572 cum

235 598 443 648 auxiliis
474 597 803 646 dimissurum.
857 596 1115 659 respondit
1150 597 1418 659 postulatis
1458 600 1510 646 et
1545 598 1788 660 promissa
1827 614 1926 646 non

234 671 431 720 distulit
467 672 521 719 in
559 672 808 734 prolixum
846 673 1044 733 tempus
1076 671 1314 733 pollicens
1346 673 1572 735 proxima
1602 673 1710 720 luce
1742 688 1793 720 se
1824 673 1925 721 fac-

232 747 404 794 turum
435 746 570 808 quod
599 747 815 808 petitum
846 746 1023 806 fuerat,
1056 744 1239 793 addens
1273 746 1406 807 quod
1436 745 1629 795 Aeneas
1660 763 1761 795 non
1784 746 1926 809 petit.

162 838 166 842 ¹
233 821 339 882 ipse
388 820 519 868 enim
565 819 799 868 Euander
842 835 976 866 more
1021 819 1141 867 boni
1184 821 1499 881 promissoris
1545 820 1706 869 maius
1753 820 1928 869 debuit

150 939 162 946 .
235 894 426 942 efficere
467 894 601 957 quod
638 894 806 942 fuerat
842 895 1211 956 praestaturus:
1250 895 1366 942 hinc
1398 897 1448 942 et
1479 895 1664 943 auxilia
1696 895 1928 957 promisit

235 970 284 1016 et
322 969 482 1017 victui
519 967 796 1016 necessaria
834 984 923 1016 nec
961 984 1154 1015 moram
1192 967 1317 1016 lucis
1350 968 1553 1016 alterius
1587 968 1798 1030 fecisset,
1829 968 1928 1017 nisi

233 1042 496 1090 interesset
533 1058 674 1090 sacra
713 1042 1018 1090 sollemnitas
1059 1043 1108 1088 et
1139 1042 1358 1090 eiusdem
1389 1042 1489 1090 dici
1518 1058 1633 1104 pars
1666 1043 1790 1091 lucis
1825 1043 1926 1091 sole

234 1118 462 1164 currente
499 1118 768 1165 transacta.
821 1117 1006 1163 interea
1035 1130 1181 1163 saera
1211 1117 1341 1173 haee,
1374 1117 1568 1176 quando
1599 1117 1693 1164 huo
1729 1117 1928 1164 venistis

234 1191 394 1246 amici,
435 1205 620 1246 annua,
661 1205 785 1250 quae
823 1191 1018 1249 differre
1055 1191 1212 1250 nefaS,
1255 1191 1484 1238 celebrate
1521 1191 1739 1250 faventes
1768 1192 1928 1239 nobis-

235 1279 344 1312 cum
368 1268 411 1311 et
432 1266 534 1312 iam
557 1279 689 1312 nune
711 1265 951 1312 sociorum
975 1264 1241 1311 adsuescite
1271 1266 1476 1312 mens-is:
1505 1264 1723 1312 reddidit
1753 1280 1926 1313 causas

235 1338 382 1387 dilati
417 1338 472 1385 in
512 1339 723 1386 alteram
760 1338 890 1386 diem
927 1337 1182 1400 promissi,
1222 1354 1375 1400 sacra,
1412 1339 1599 1400 inquit,
1641 1355 1766 1401 quae
1806 1339 1927 1387 cele-

233 1412 368 1460 brari
406 1413 708 1474 conspicitis,
746 1413 885 1460 nefas
926 1413 1001 1460 est
1039 1412 1226 1460 differri
1263 1413 1343 1460 vel
1383 1413 1555 1476 aliqua
1593 1414 1788 1461 ratione
1818 1430 1928 1475 per-

233 1487 423 1549 rumpi3
463 1489 582 1534 sunt
620 1487 752 1534 enim
783 1502 969 1546 annua,
1001 1487 1094 1534 hoc
1126 1488 1202 1534 est
1234 1502 1359 1548 quae
1391 1503 1479 1549 per
1510 1487 1730 1551 singulos
1773 1503 1927 1535 annos

234 1562 479 1608 noventur
528 1562 578 1607 et
626 1561 758 1608 hunc
807 1560 1025 1608 habeant
1074 1560 1204 1607 diem
1256 1577 1352 1623 quo
1402 1561 1597 1608 numini
1639 1560 1928 1610 reddantur.

233 1635 369 1695 haec,
403 1634 636 1696 quoniam
670 1635 819 1682 amici
848 1635 1070 1695 venistis,
1101 1634 1398 1682 celebremus
1431 1635 1638 1696 pariter-3
1671 1635 1765 1683 erit
1797 1635 1928 1682 enim

236 1708 480 1770 quaedam
518 1724 676 1756 novae
717 1708 963 1756 amicitiae
1003 1708 1320 1757 consecratio.
1382 1724 1663 1757 mensarum
1703 1709 1928 1771 auspicia

235 1783 324 1831 sub
362 1782 714 1830 testificatione
753 1783 831 1829 dei
869 1784 1145 1844 praesentis
1185 1783 1440 1830 exordium
1479 1785 1680 1831 sumant
1710 1785 1760 1831 et
1788 1784 1927 1845 ipsae

234 1872 324 1904 nos
374 1856 605 1918 primitus
656 1858 872 1920 iungant
926 1873 1052 1919 quae
1105 1858 1247 1905 tanto
1304 1857 1497 1904 dicatae
1553 1860 1669 1904 sunt
1721 1857 1928 1906 numini.

234 1946 475 1978 novamus
533 1930 719 1993 inquit:
775 1946 958 1978 novare
1015 1932 1090 1979 est
1141 1931 1465 1993 replicatione
1521 1947 1687 1979 annua
1747 1947 1929 1980 novam

237 2021 294 2052 ex
339 2005 496 2053 veteri
544 2006 705 2052 facere
751 2020 861 2052 eam
906 2020 1011 2052 rem
1050 2021 1178 2066 quae
1217 2021 1305 2068 per
1343 2004 1660 2053 omissionem
1698 2006 1928 2068 frequen-

234 2078 378 2127 tioris
419 2078 581 2126 cultus
619 2081 790 2141 posset
828 2078 1076 2127 abscondi.

351 2152 493 2200 Haec
541 2153 625 2200 ubi
675 2153 824 2207 dieta,
873 2153 1023 2211 dapes
1069 2154 1199 2200 iubet
1236 2156 1279 2200 et
1315 2153 1512 2200 sublata
1548 2153 1718 2212 reponi
1751 2153 1930 2212 pocula

231 2227 574 2287 yramineoque
622 2227 754 2274 viros
804 2227 927 2274 locat
977 2227 1079 2286 ipse
1128 2227 1297 2274 sedili:
1344 2226 1484 2275 iubet
1532 2229 1583 2274 et
1618 2226 1793 2289 reponi
1829 2242 1930 2274 non

235 2301 386 2349 semel
434 2299 721 2361 accipienda
767 2302 905 2348 sunt:
951 2299 1091 2348 iubet
1137 2301 1287 2363 dapes
1334 2300 1527 2363 reponi,
1573 2299 1711 2348 iubet
1755 2300 1931 2364 reponi

234 2374 416 2436 pocula
455 2373 667 2422 sublata.
722 2374 920 2422 sublata
961 2376 1050 2422 aut
1087 2377 1246 2423 metus
1288 2390 1453 2436 causa,
1494 2374 1729 2436 quoniam
1762 2375 1928 2423 subito

357 2505 379 2544 1
405 2501 555 2544 reddit
577 2499 631 2542 V.
716 2505 743 2542 4
768 2502 978 2556 operibus
1001 2501 1042 2544 V
1068 2515 1181 2544 corr.
1207 2501 1279 2544 ed.
1365 2504 1391 2543 5
1416 2514 1513 2544 aux
1535 2500 1577 2543 V
1601 2502 1795 2546 auoeiliis
1819 2501 1890 2545 ed.
1919 2500 1924 2560 Ι

236 2560 536 2604 demissarum
559 2558 601 2602 V
633 2559 860 2603 dimittam
892 2561 962 2603 ed.
1009 2560 1013 2618 ί
1055 2561 1302 2615 postulatis
1324 2559 1367 2602 V
1398 2561 1615 2615 quaesitis
1646 2560 1717 2604 ed.
1826 2566 1852 2603 6
1883 2574 1929 2604 se

237 2633 324 2662 om.
358 2619 429 2662 ed.
552 2622 578 2661 8
617 2619 800 2661 debebat
839 2619 911 2662 ed.
1035 2623 1059 2661 9
1097 2621 1402 2675 praestiturus
1437 2619 1507 2662 ed.
1614 2620 1721 2663 hinc
1751 2624 1794 2663 et
1815 2618 1857 2662 V
1889 2625 1930 2663 et

237 2692 324 2721 om.
358 2678 429 2721 ed.
554 2681 606 2719 11
646 2677 713 2721 sol
747 2677 789 2720 V
829 2691 942 2722 corr.
978 2678 1048 2721 ed.
1173 2683 1227 2722 12
1270 2683 1505 2722 transacta
1620 2683 1675 2721 tr.
1708 2683 1818 2722 esset
1856 2678 1927 2722 ed.

239 2742 294 2779 14
325 2751 512 2781 eausam
543 2736 614 2779 cd.
701 2740 755 2779 15
788 2737 1026 2781 dilationis
1050 2737 1120 2780 ed.
1158 2737 1163 2795 Ι
1193 2738 1410 2793 promissi
1441 2750 1527 2779 om.
1555 2736 1625 2779 ed.
1713 2741 1767 2780 16
1794 2750 1929 2792 prae-

236 2798 390 2851 rumpi
428 2796 499 2840 ed.
599 2798 651 2838 18
683 2801 912 2839 novantur
945 2796 1015 2840 ed.
1061 2797 1064 2854 Ι
1110 2797 1277 2840 habent
1307 2796 1378 2839 ed.
1473 2799 1526 2838 19
1559 2796 1864 2839 caelebramus
1886 2795 1929 2839 V

238 2868 351 2897 corr.
385 2855 456 2898 ed.
557 2859 612 2898 21
646 2854 719 2898 dei
741 2853 783 2897 V
814 2855 907 2898 diei
938 2855 1009 2898 ed.
1118 2860 1173 2898 23
1205 2868 1423 2899 novamus
1446 2854 1488 2897 V
1520 2854 1591 2897 ed.
1623 2855 1742 2909 post.
1778 2855 1928 2910 (prae-

238 2914 364 2968 cepit
404 2914 492 2957 hoc
535 2913 653 2957 Don.
694 2927 750 2957 ex
787 2927 827 2956 v.
855 2917 938 2956 189
976 2914 1033 2958 cf.
1066 2919 1108 2968 4,
1135 2916 1238 2969 357)
1279 2927 1490 2958 novemus
1531 2913 1603 2956 ed.
1727 2917 1783 2956 24
1821 2927 1929 2969 pro-

237 2973 492 3016 missionem
515 2972 558 3015 V
584 2973 884 3029 promissione
917 2973 986 3017 ed.
1015 2987 1100 3029 per
1131 2974 1414 3017 omissionem
1443 2974 1634 3027 propter
1660 2986 1700 3016 v.
1722 2976 1804 3015 189
1830 2986 1926 3016 nos.

1957 984 2000 1016 1⁰

1958 1352 2000 1386 15

1959 1722 2003 1754 20

1959 2091 2002 2124 25
