2050 3226
783 169 1089 215 mutuos
1119 169 1183 214 1x
1721 174 1828 228 281

138 311 254 373 hoc,
309 309 444 374 quod
496 310 689 360 factum
741 309 1025 374 descripsit,
1080 308 1200 358 licet
1252 308 1433 373 exponi
1484 326 1585 360 non
1639 310 1831 374 debeat,

140 386 260 448 quia
304 385 514 448 planum
559 386 656 446 est,
705 385 875 434 tamen
918 383 1098 434 melius
1148 383 1436 448 apparebit,
1484 399 1596 433 cum
1645 384 1833 433 fuerint

138 459 364 523 inspecta
402 459 673 521 sequentia.
733 459 792 518 fit
827 472 999 515 sonus,
1037 458 1222 519 ingenti
1251 472 1487 507 concussa
1517 462 1587 507 est
1613 459 1832 519 pondere

138 533 302 581 tellus:
348 547 496 582 sonus
535 548 683 595 quem
719 533 824 595 ipse
868 532 999 582 ictus
1038 531 1226 581 fecerat
1264 533 1356 582 aut
1391 533 1539 581 ruina
1576 531 1832 596 prostrati,

88 622 108 656 ο
138 606 332 670 pondus
370 607 541 655 autem
577 606 732 656 sensit
768 608 903 656 terra
942 622 1072 670 quae
1110 606 1392 656 sustinebat
1427 607 1658 656 occisum.
1723 621 1832 655 con-

139 681 304 741 lapsos
327 683 465 730 artus
489 684 631 740 atque
654 695 799 730 arma
821 683 1021 730 cruenta
1040 682 1233 738 ,cerebro
1255 681 1428 729 sternit
1446 681 1583 729 humi
1596 681 1832 729 moriens:

137 753 351 818 inplevit
380 757 566 804 terram
596 755 769 803 funere
798 755 1001 819 proprio
1033 756 1084 803 et
1114 755 1360 804 dissoluto
1392 755 1590 804 cerebro
1630 770 1688 804 ac
1718 770 1831 803 san-

137 830 290 894 guine
350 844 440 878 suo
501 844 640 879 arma
702 844 902 892 quoque
961 828 1197 892 perfudit.
1287 832 1430 890 atque
1480 829 1557 877 illi
1604 829 1832 890 partibus

138 904 306 963 aequis
343 903 437 952 huc
481 906 627 964 caput
679 907 821 963 atque
863 903 982 958 illuc
1025 917 1191 952 umero
1237 917 1295 952 ex
1338 906 1540 963 utroque
1576 903 1832 964 pependit:
1849 914 1933 955 755

64 994 108 1027 ιο
136 977 260 1025 haec
298 979 375 1027 est
412 979 572 1026 omnis
612 977 880 1041 descriptio
918 978 1095 1026 mortis
1132 977 1372 1027 Pandari:
1420 978 1604 1039 medi0,
1650 978 1832 1040 inquit,

138 1052 300 1115 capite
354 1052 509 1100 ictum
561 1052 654 1100 teli
707 1051 953 1101 venientis
1014 1052 1208 1115 excepit
1261 1054 1313 1100 et
1362 1067 1453 1115 per
1505 1053 1721 1101 frontem
1774 1067 1832 1100 ac

137 1125 318 1174 faciem
362 1126 516 1190 plaga
564 1125 861 1175 descendens
912 1126 1135 1190 singulas
1185 1127 1345 1189 partis
1392 1125 1603 1190 singulis
1648 1125 1830 1175 umeris

138 1200 288 1249 dedit.
351 1215 460 1249 ecce
498 1203 704 1264 propter
741 1216 894 1263 quam
925 1215 1128 1249 causam
1159 1215 1312 1264 supra
1340 1200 1510 1263 posuit
1546 1201 1647 1263 „sic
1679 1199 1752 1249 ait
1782 1202 1833 1248 et

137 1274 391 1323 sublatum
436 1275 536 1323 alte
582 1275 840 1338 consurgit
887 1274 940 1322 in
985 1273 1211 1338 ensem“3
1261 1274 1476 1323 hominis
1523 1274 1655 1322 enim
1693 1274 1832 1338 longi

64 1362 106 1396 ιε
137 1350 189 1397 et
233 1348 340 1397 eius
387 1348 528 1397 cuius
575 1350 736 1398 forma
783 1347 1042 1397 arboribus
1091 1347 1194 1397 luci
1238 1350 1511 1412 conparata
1556 1351 1633 1397 est
1682 1350 1834 1411 caput

137 1425 188 1471 et
231 1422 411 1472 faciem
456 1438 558 1471 uno
603 1423 708 1471 ictu
751 1423 806 1471 in
852 1421 978 1471 duas
1024 1422 1185 1485 partis
1231 1438 1463 1486 separare
1509 1439 1609 1472 non
1649 1424 1832 1485 posset,

135 1495 234 1545 nisi
270 1497 323 1545 in
362 1512 528 1546 ensem
566 1512 866 1561 consurgens
907 1496 1059 1546 altior
1096 1499 1226 1546 esset
1263 1498 1487 1559 effectUS,
1537 1498 1597 1545 ut
1635 1497 1831 1545 descen-

135 1569 256 1619 dens
286 1571 439 1635 plaga
477 1571 676 1621 facilius
708 1571 962 1634 conpleret
991 1571 1207 1620 hominis
1236 1587 1419 1620 necem.
1487 1573 1633 1620 tanta
1664 1573 1832 1620 autem

135 1645 259 1694 facti
281 1645 509 1694 celeritas
532 1646 654 1708 fuit,
684 1647 743 1695 ut
774 1645 1009 1695 adversus
1042 1645 1318 1695 consistens
1341 1644 1599 1694 Pandarus
1631 1646 1830 1694 venien-

61 1733 104 1767 ιο
133 1720 236 1767 tem
284 1722 496 1768 mortem
547 1719 708 1769 vitare
761 1719 1060 1783 nequiverit.
1141 1720 1409 1782 diffuyiunt
1457 1721 1587 1768 versi
1639 1720 1832 1780 trepida

133 1794 396 1854 formidine
447 1795 620 1843 Troes:
674 1794 881 1843 Troiani
929 1810 1098 1844 omnes
1153 1795 1247 1843 tali
1300 1794 1523 1857 exemplo
1576 1794 1831 1857 perterriti

135 1867 386 1930 fugerunt.
463 1871 508 1916 et
551 1869 596 1917 si
641 1869 865 1917 continuo
910 1870 1135 1917 victorem
1175 1883 1234 1917 ea
1272 1883 1393 1918 cura
1429 1869 1658 1925 subisset,
1697 1883 1831 1916 rum-

127 1955 246 2001 pere
285 1942 502 1991 claustra
545 1958 701 1991 manu
738 1943 983 2002 sociosque
1019 1944 1258 1991 inmittere
1290 1943 1470 2004 parm,
1509 1943 1712 1991 ultimus
1749 1942 1831 1990 ille

135 2016 238 2063 dies
277 2016 396 2064 bello
439 2017 661 2078 yentique
697 2018 894 2077 fuisset:
944 2018 1119 2066 occisis
1169 2017 1272 2066 illis
1323 2017 1410 2080 qui
1459 2016 1697 2066 valebant
1745 2015 1829 2065 ob·

0 2103 1 2131 l
61 2103 104 2138 25
136 2089 331 2151 sistere,
372 2091 415 2139 si
453 2090 693 2139 victorem
732 2091 954 2141 Turnum
1002 2107 1222 2156 congrua
1267 2107 1386 2140 cura
1429 2090 1700 2154 tetigisset,
1749 2091 1830 2139 vel

133 2163 346 2212 maxime
386 2165 507 2227 quia
544 2164 781 2229 fugerant
819 2165 989 2227 ceteri,
1034 2169 1093 2214 ut
1136 2166 1387 2228 perruptis
1434 2164 1663 2214 claustris
1717 2181 1830 2228 por-

134 2239 286 2300 taque
325 2239 581 2301 patefacta
627 2255 741 2288 suos
788 2239 1091 2302 admisisset,
1142 2240 1314 2288 eodem
1365 2239 1445 2288 die
1496 2240 1656 2288 omnis
1709 2240 1828 2287 Tro-

134 2311 363 2360 ianorum
414 2328 533 2377 gens
583 2313 763 2362 fuisset
809 2313 1074 2377 absumpta
1120 2315 1171 2362 et
1218 2314 1394 2377 plenus
1432 2313 1552 2362 belli
1587 2314 1829 2361 terminus

134 2387 456 2448 provenisset.
545 2403 632 2436 cur
680 2388 774 2436 hoc
823 2403 922 2436 non
972 2389 1041 2437 sit
1092 2389 1282 2436 factum
1332 2388 1655 2437 subnectitur.
1744 2387 1829 2435 sed
1847 2392 1931 2432 '160

62 2473 105 2506 80
133 2461 277 2519 furor
322 2462 570 2509 ardentem
615 2462 869 2521 caedisque
911 2463 1097 2511 insana
1142 2463 1316 2523 cupido
1356 2463 1449 2524 eyit
1484 2463 1539 2509 in
1578 2461 1830 2510 adversos:

134 2533 347 2596 inpediit
383 2536 477 2583 hoc
515 2535 776 2584 consilium
815 2537 974 2596 furor,
1013 2536 1101 2599 qui
1138 2537 1381 2584 humanas
1420 2537 1606 2584 mentes
1640 2551 1670 2583 a
1700 2538 1828 2582 trac·

135 2608 324 2657 tatibus
373 2603 639 2658 commodis
687 2609 982 2672 proturbare
1021 2612 1293 2660 consuevit.
1369 2612 1543 2673 raptus
1584 2611 1659 2657 est
1698 2608 1828 2657 em'm

136 2684 194 2730 ut
230 2682 572 2746 insequeretur
603 2683 842 2748 fugientis
881 2686 931 2732 et
967 2701 1066 2733 non
1105 2684 1234 2734 vidit
1271 2684 1406 2746 quod
1444 2683 1675 2746 prodesse
1714 2683 1827 2744 plus

137 2760 318 2818 posset.
371 2758 617 2818 principio
648 2758 905 2806 Phalarim
937 2762 980 2806 et
1008 2760 1192 2807 succiso
1214 2759 1400 2819 poplite
1441 2757 1609 2818 nyen
1640 2757 1825 2816 excipit,

255 2932 283 2971 4
326 2933 408 2972 aut
437 2927 480 2971 V
521 2933 563 2973 et
604 2928 675 2973 ed.
797 2932 824 2972 8
861 2928 1103 2984 perfundit
1139 2929 1211 2973 ed.
1337 2931 1390 2971 19
1429 2927 1716 2972 consistentes
1753 2926 1826 2971 ed.

139 2989 194 3028 22
225 2986 462 3043 fugierunt
483 2986 526 3030 V
555 2987 746 3045 fuyiunt
776 2987 846 3031 ed.
