2050 3226
783 193 1088 239 AENEIDos
1111 194 1220 238 vm
1747 199 1851 252 157

159 337 301 385 illam
338 335 462 384 dicit
498 335 728 383 Herculis
767 333 1047 383 mirabilem
1084 334 1305 383 extitisse
1338 335 1596 396 virtutem,
1634 338 1692 384 ut
1722 336 1854 385 hunc

158 411 418 460 tremuerit
467 411 634 457 custos
685 408 874 458 foribus
930 408 1188 471 adpositus
1242 409 1374 458 Ditis
1430 424 1606 458 saevus
1661 426 1855 472 semper

159 500 448 547 semperque
499 499 648 546 super
697 499 810 532 ossa
857 482 1112 531 recubans.
1200 484 1389 532 ossium
1443 483 1742 547 significatio
1797 500 1855 532 ex

157 562 299 622 parte
338 557 684 606 crudelitatem
725 556 925 605 Cerberi
963 556 1182 606 ostendit
1220 557 1310 620 qui
1346 559 1548 605 tantum
1586 556 1856 619 saeviebat,

39 651 49 696 ‚s
107 647 129 681 5
158 635 219 681 ut
255 633 549 694 consumpta
595 647 741 680 carne
789 630 853 680 ad
900 646 1013 680 ossa
1051 631 1300 680 erodenda
1344 633 1600 680 remearet.
1685 647 1855 680 cruen-

32 705 48 762 ἕ
156 709 323 756 torum
360 708 530 754 autem
567 706 652 753 ille
692 708 768 754 est
804 705 1087 754 intellectus
1121 705 1207 768 qui
1238 708 1313 754 est
1345 705 1621 768 descriptus
1651 705 1706 753 in
1738 704 1857 754 Caci

32 781 46 845 ζ
161 781 396 843 spelunca
447 779 525 828 his
578 780 765 828 verbis:
821 795 1145 842 „semperque
1206 780 1394 828 recenti
1445 779 1592 828 caede
1653 779 1858 843 tepebat

31 852 41 915 ὲ.

156 855 336 903 humus
346 853 389 916 “‚
439 856 500 902 ut
547 853 700 902 etiam
747 852 987 903 Cerberus
1034 870 1226 917 semper
1269 854 1457 903 recenti
1494 854 1680 917 praeda
1718 854 1858 916 pasci

156 928 399 978 videatur.
475 942 562 976 nec
608 932 650 976 te
694 928 826 976 ullae-
870 929 1045 988 facies,
1092 943 1191 976 non
1237 929 1409 976 terruit
1451 929 1556 988 ipse
1603 929 1856 990 Typhoeus

19 1005 43 1051 ⁸.
84 1019 128 1053 ιο
158 1003 369 1060 arduus,
421 1017 565 1051 arma
614 1006 803 1051 tenens:
852 1018 952 1051 non
1005 1004 1055 1051 te
1104 1005 1394 1051 terruerunt
1442 1002 1665 1051 diversae
1719 1019 1857 1052 mon-

157 1080 375 1126 strorum
427 1077 615 1124 formae
670 1092 759 1124 nec
812 1076 908 1124 tibi
959 1076 1276 1124 formidinem
1329 1077 1593 1140 Typhoeus
1647 1078 1858 1126 incussit

155 1150 351 1215 ingenti
400 1151 619 1213 corporis
669 1151 799 1199 mole
856 1150 1103 1200 confidens
1159 1154 1309 1214 atque
1364 1150 1515 1199 armis
1568 1151 1855 1200 instructus.

155 1225 272 1273 Non
320 1228 363 1273 te
407 1226 615 1274 rationis
661 1228 870 1286 eyentem
906 1225 1166 1274 Lernaeus
1211 1226 1356 1273 turba
1403 1226 1616 1286 capitum
1655 1226 1857 1274 circwm-
1874 1234 1961 1276 300

156 1300 284 1347 stetit
319 1300 523 1360 anquis:
562 1315 772 1361 cumque
803 1299 899 1346 tibi
928 1298 1178 1347 Lernaeus
1211 1299 1391 1363 anguis
1424 1299 1570 1361 quasi
1598 1300 1855 1348 nociturus

84 1387 127 1421 15
158 1373 428 1422 occurrerit
470 1373 743 1422 innumeris
794 1372 1041 1436 capitibus
1080 1373 1257 1434 fidenS,
1295 1373 1349 1421 in
1386 1373 1476 1422 illo
1523 1374 1856 1437 extinguendo

155 1448 289 1496 malo
327 1463 417 1495 nec
454 1447 614 1496 virtus
644 1449 734 1495 tua
764 1463 853 1495 nec
882 1447 1074 1512 ingenii
1104 1449 1347 1497 vivacitas
1381 1447 1563 1509 defuit3
1603 1448 1693 1510 qui
1722 1449 1859 1496 enim

155 1521 376 1570 habuisti
398 1522 681 1570 naturalem
702 1521 1004 1570 industriam
1028 1538 1115 1570 cur
1138 1537 1399 1584 quaereres
1426 1521 1673 1570 alienam?
1708 1523 1856 1578 salve,

156 1610 274 1644 vera
326 1595 464 1644 Iovis
507 1596 696 1657 proles:
745 1611 860 1658 pars
913 1598 988 1644 est
1039 1597 1139 1644 ista
1183 1595 1470 1646 laudativae
1519 1596 1760 1644 materiae
1799 1599 1858 1644 ut

156 1670 470 1733 praeferatur
506 1671 636 1718 unde
677 1672 815 1719 ortus
854 1671 922 1718 sit
960 1670 1050 1733 qui
1085 1670 1335 1719 laudatur.
1414 1673 1638 1734 apparet,
1676 1671 1857 1733 inquit,

84 1758 128 1792 so
159 1759 264 1793 esse
312 1746 364 1792 te
414 1761 586 1793 verum
633 1745 793 1792 filium
844 1743 1000 1806 IoviS‚
1050 1743 1170 1792 dum
1219 1746 1458 1807 paternae
1502 1745 1757 1807 potentiae
1809 1746 1860 1793 et

158 1819 407 1866 factorum
437 1818 701 1867 nobilitate
731 1818 1013 1881 respondes,
1067 1819 1212 1867 decus
1243 1819 1407 1867 addite
1438 1819 1590 1867 divis:
1627 1834 1716 1868 nec
1746 1818 1858 1866 ideo

159 1893 321 1940 factus
372 1907 423 1941 es
477 1892 621 1955 deus,
670 1895 731 1941 ut
779 1893 1026 1941 ornareris
1076 1909 1135 1940 ex
1184 1893 1298 1941 aliis
1349 1893 1466 1954 diis,
1517 1892 1602 1941 sed
1650 1896 1709 1942 ut
1744 1893 1857 1942 illos

162 1965 439 2015 accessione
487 1969 604 2015 tuae
655 1968 908 2016 societatis
959 1983 1174 2016 ornares.
1263 1970 1306 2015 et
1353 1981 1443 2015 nos
1493 1970 1537 2015 et
1572 1971 1658 2015 tua
1696 1967 1859 2015 dexter

161 2041 247 2089 adi
278 2041 403 2101 pede
439 2055 586 2089 sacra
623 2042 856 2089 secundo:
901 2057 1097 2090 summa
1141 2043 1340 2090 nostrae
1381 2041 1743 2104 deprecationis
1784 2043 1859 2090 est

86 2127 129 2161 ²⁵
159 2116 217 2162 ut
256 2114 388 2163 adsis
434 2115 577 2163 nobis
625 2130 857 2178 prospere
903 2118 954 2164 et
999 2115 1151 2165 sacris
1198 2115 1300 2164 tuis
1332 2116 1583 2179 propitius
1621 2117 1858 2164 interesse

161 2189 392 2253 digneris.
469 2189 591 2237 talia
630 2190 930 2238 carminibus
961 2190 1223 2238 celebrant:
1260 2189 1401 2251 talia,
1438 2190 1622 2252 inquit,
1659 2190 1752 2239 hoc
1784 2191 1872 2239 est'

162 2279 373 2326 quorum
410 2263 511 2325 ipsi
548 2279 649 2312 non
688 2266 945 2312 senserant
975 2264 1307 2325 commodum,
1339 2265 1673 2313 venerationis
1708 2279 1858 2312 causa

160 2337 450 2386 laudabant.
525 2351 672 2398 super
709 2338 896 2394 omnia,
945 2338 1135 2387 scilicet
1181 2355 1307 2401 quae
1355 2353 1507 2401 supra
1553 2337 1687 2386 dicta
1726 2341 1858 2397 sunt,

165 2410 283 2459 Caci
326 2411 610 2471 speluncam
659 2412 879 2459 adiciunt
927 2412 1286 2471 spirantemque
1329 2413 1525 2473 iynibus
1563 2413 1750 2471 ipsum:
1796 2411 1857 2459 ab

88 2497 132 2530 so
160 2485 237 2533 his
278 2501 405 2548 quae
443 2484 684 2534 Hercules
722 2486 776 2533 in
814 2485 989 2535 alienis
1035 2486 1322 2550 regionibus
1370 2489 1591 2550 gesserat
1637 2486 1701 2534 ad
1742 2484 1859 2533 Caci

163 2559 453 2621 speluncam
497 2562 628 2607 recte
676 2561 970 2622 perventum
1016 2562 1112 2608 est:
1159 2559 1437 2608 debuerunt
1483 2560 1665 2623 quippe
1706 2559 1858 2606 etiam

163 2634 242 2682 sui
271 2634 519 2682 commodi
548 2634 830 2682 meminisse
864 2633 950 2697 qui
979 2635 1122 2682 tanto
1154 2635 1286 2683 malo
1318 2651 1408 2698 per
1437 2634 1597 2696 ipsius
1620 2634 1858 2682 virtutem

163 2773 284 2818 forte
314 2788 399 2830 pro
423 2780 712 2820 cruentorum
737 2779 837 2829 157,
855 2778 882 2818 5
907 2774 1223 2820 emendaveris
1247 2776 1426 2820 cruenti
1448 2775 1586 2819 antri.
1680 2778 1703 2816 1
1737 2774 1858 2818 hume

164 2846 254 2877 om.
279 2833 350 2877 ed.
444 2837 469 2876 9
501 2834 710 2891 tyfoaeus
741 2835 806 2890 (et
828 2833 970 2891 infra)
993 2833 1049 2879 V.
1142 2839 1198 2878 10
1229 2840 1271 2879 te
1303 2848 1390 2879 om.
1418 2833 1488 2877 ed.
1576 2837 1630 2876 12
1661 2833 1858 2890 inqentis

164 2891 237 2935 ed.
367 2896 423 2936 16
462 2894 582 2937 enim
615 2892 658 2937 V
696 2907 799 2938 cam
837 2892 908 2938 ed.
1039 2896 1094 2937 18
1129 2907 1228 2939 vere
1258 2893 1313 2938 V.
1369 2894 1374 2951 Ι
1426 2906 1519 2948 par
1550 2891 1592 2935 V
1625 2905 1741 2948 pars
1783 2891 1855 2938 ed.

165 2954 222 2994 20
267 2955 311 2995 te
355 2964 443 2996 om.
485 2951 602 2996 edF.
661 2952 666 3010 Ι
724 2957 767 2997 et
807 2965 895 2996 om.
937 2951 1009 2998 ed.
1145 2957 1201 2996 23
1249 2953 1432 2998 ornaris
1465 2950 1507 2994 V
1552 2965 1738 2996 ornares
1783 2951 1857 2996 ed.

167 3012 219 3052 31
252 3009 501 3056 debuerant
531 3011 602 3056 ed.
