2050 3226
77 1363 119 1396 15

75 1733 119 1766 20

75 2103 117 2135 25

75 2472 119 2504 80

776 171 1080 216 AENEIDOS
1104 171 1212 216 VIII
1739 176 1845 229 119

154 313 314 375 ipsius
364 313 582 362 numinis
632 329 733 361 non
788 311 1008 360 inaniter
1059 313 1276 374 positus:
1327 311 1625 375 dormiebat3
1676 313 1849 361 debuit

154 387 285 435 enim
325 386 572 435 dormiens
613 386 867 436 evidenter
904 401 1099 435 cernere
1138 387 1251 448 quis
1290 389 1441 447 esset,
1479 402 1541 434 ne
1580 387 1723 436 daret
1758 388 1848 435 hu-

152 461 313 509 manis
353 461 599 510 erroribus
640 461 774 523 quod
809 459 982 524 magni
1019 460 1246 508 beneficii
1283 461 1391 508 loeo
1429 461 1595 509 fuerat
1638 461 1847 523 praesti-

151 538 275 583 tum.
351 535 444 583 hoc
483 538 651 584 autem
690 535 734 583 ei
772 534 1002 582 demebat
1039 534 1160 583 deus
1198 534 1320 597 ipse,
1360 535 1495 597 quod
1533 551 1646 583 eum
1681 535 1848 598 inpor-

152 610 285 657 tunis
326 609 714 674 cogitationibus
752 610 923 657 vexari
962 611 1276 672 cognoverat.

274 682 314 731 0
359 687 462 732 sate
503 686 641 744 qente
687 684 850 739 deum,
893 684 1165 731 Troianam
1211 697 1268 731 ex
1305 683 1522 731 hostibus
1559 684 1729 731 urbem
1768 685 1850 744 qui

151 758 337 805 revehis
382 758 522 806 nobis
569 761 858 817 aeternaque
903 758 1147 818 Peryama
1192 771 1383 814 servas‘,
1437 761 1700 817 exspectate
1748 758 1849 805 solo

152 832 397 880 Laurenti
435 833 662 891 arvisque
699 832 924 879 Latinis:
968 847 1146 893 parum
1184 831 1284 879 fuit
1323 831 1457 894 quod
1486 834 1692 880 venerat
1729 831 1848 880 deus

153 921 448 954 excussurus
482 922 625 954 omne
655 906 877 954 taedium
909 905 1192 970 cogitantis,
1225 905 1347 954 dicit
1377 906 1422 953 ei
1454 905 1606 954 etiam
1636 905 1849 954 laudem.

153 996 305 1043 quam
355 980 398 1028 si
447 981 606 1028 solam
656 980 864 1028 dixisset
918 996 1008 1029 nec
1066 979 1340 1028 addidisset
1389 980 1512 1041 alia,
1567 980 1851 1028 sufficerent

152 1070 281 1116 quae
320 1054 411 1103 sub
449 1054 710 1103 laudativo
748 1056 888 1102 textu
926 1056 1184 1117 posuerat3
1222 1055 1441 1117 primum
1479 1053 1610 1102 enim
1649 1054 1776 1102 dixit
1820 1070 1848 1102 o

152 1131 259 1177 sate
298 1131 445 1192 gente
486 1128 654 1189 deum,
695 1130 910 1192 cogitas,
948 1128 1136 1190 inquit,
1174 1129 1396 1176 humana
1433 1128 1656 1190 pericula
1700 1130 1848 1177 natus

152 1219 210 1251 ex
242 1202 336 1251 diis
367 1218 456 1251 nec
486 1203 691 1266 respicis
719 1205 934 1251 salutem
956 1205 1097 1251 tuam
1120 1202 1174 1262 in
1198 1203 1454 1250 hominum
1478 1219 1656 1251 manus
1681 1203 1848 1251 venire

152 1292 251 1324 non
289 1292 455 1339 posse,
502 1294 655 1339 quam
699 1279 870 1325 tuetur
915 1277 1179 1325 nativitas:
1227 1292 1316 1325 sua
1353 1276 1696 1325 incolumitate
1736 1292 1848 1325 con-

152 1353 329 1400 sistens
369 1351 564 1399 salvum
602 1353 653 1399 et
682 1351 934 1415 integrum
963 1351 1331 1414 inlibatumque
1360 1351 1612 1413 perdurat.
1667 1351 1848 1415 Perga-

150 1441 289 1473 mum
329 1441 529 1487 quoque
565 1425 792 1474 interisse
834 1426 947 1488 quis
995 1425 1214 1486 adserat,
1262 1441 1374 1473 cum
1411 1427 1576 1474 tecum
1617 1425 1760 1473 duret
1796 1425 1850 1472 in

149 1503 375 1562 tempora
407 1502 610 1548 aeterna
639 1499 965 1549 mansurum?
1020 1500 1138 1547 olim
1168 1502 1218 1548 te
1251 1499 1485 1561 sperabat
1515 1499 1682 1560 Italia,
1713 1501 1850 1548 tenet

149 1577 459 1636 praesentem
512 1577 562 1622 et
612 1576 798 1637 optatis
858 1574 1165 1637 amplexibus
1223 1573 1376 1622 fovet.
1465 1575 1588 1622 haec
1641 1573 1848 1621 dicendo

147 1663 384 1712 magnam
414 1664 552 1710 spem
580 1649 764 1697 futuris
796 1648 1103 1711 temporibus
1141 1647 1420 1712 pollicetur,
1459 1648 1601 1695 addit
1639 1648 1753 1708 alia,
1791 1650 1850 1695 ut

149 1723 371 1770 animum
408 1723 684 1771 aestuantis
722 1722 909 1771 maiore
948 1722 1231 1771 securitatis
1271 1723 1533 1786 sponsione
1570 1722 1847 1770 confirmet:

148 1797 225 1844 hie
261 1797 360 1852 tibi,
401 1798 582 1859 inquit,
622 1801 751 1845 certa
789 1798 974 1854 domm,
1015 1798 1144 1854 certi,
1185 1811 1245 1844 ne
1284 1798 1475 1853 absiste,
1502 1800 1720 1857 penate&
1752 1811 1848 1844 neu
1864 1800 1921 1840 40

151 1871 261 1918 belli
297 1874 473 1919 terrere
511 1872 673 1919 minis,
744 1873 831 1933 qui
869 1874 1097 1935 speratus
1137 1872 1330 1920 venisse
1370 1870 1533 1919 dictus
1573 1873 1648 1919 est
1685 1871 1847 1935 magis

148 1946 408 2008 magisque
440 1945 658 1993 securior
686 1946 926 2008 redditur,
959 1945 1093 2008 quod
1122 1945 1227 1993 illic
1252 1945 1516 1993 habiturus
1541 1949 1670 1994 esset
1693 1946 1847 2006 sedes,

148 2017 253 2067 illic
291 2019 488 2081 penatis
523 2020 895 2068 conlocaturus:
941 2021 1087 2068 illum
1125 2019 1253 2067 nihil
1293 2019 1466 2068 debere
1505 2022 1723 2067 metuere
1763 2036 1846 2067 ne·

150 2109 246 2155 que
282 2093 426 2141 illam
464 2093 851 2142 sollicitudinem
890 2094 1041 2156 ferre,
1082 2093 1216 2156 quod
1257 2093 1602 2142 crudescerent
1631 2093 1764 2142 bella
1797 2096 1847 2142 et

149 2167 341 2215 maiora
398 2168 619 2230 pericula
672 2168 995 2217 minarentur.
1091 2172 1249 2216 tumor
1295 2169 1453 2216 omnis
1500 2172 1541 2215 et
1586 2169 1692 2216 irae
1739 2182 1845 2216 eon-

150 2256 330 2289 eessere
368 2242 534 2290 deum:
579 2243 632 2290 in
678 2243 938 2291 lenitatem
982 2243 1325 2305 plenissimam
1363 2258 1560 2290 versum
1599 2244 1675 2290 est
1714 2243 1846 2305 quod

150 2315 430 2364 animorum
474 2316 752 2364 tumoribus
798 2317 1024 2365 ferebant
1069 2316 1277 2364 numina
1323 2318 1374 2364 et
1417 2316 1469 2364 in
1509 2332 1702 2364 omnem
1742 2317 1846 2378 pla·

150 2389 407 2438 ciditatem
445 2391 648 2438 illorum
687 2391 866 2439 durata
905 2390 1094 2439 dudum
1131 2390 1394 2439 iracundia
1433 2393 1739 2438 commutata
1771 2392 1846 2438 est

148 2463 450 2527 perindeque
490 2465 638 2514 cessit
676 2465 908 2513 felicitati
946 2467 1062 2513 tuae
1102 2464 1343 2528 quicquid
1374 2464 1566 2513 solebat
1597 2480 1701 2512 esse
1733 2479 1845 2511 con-

148 2539 369 2586 trarium.
445 2540 639 2598 iamque
671 2540 771 2595 tibi,
819 2553 879 2586 ue
909 2554 1043 2587 varia
1072 2543 1218 2598 putes
1247 2539 1365 2586 haec
1393 2541 1575 2599 fiuyere
1606 2553 1842 2594 somnum,

150 2613 329 2660 litoreis
374 2613 546 2673 inyercs
597 2614 796 2661 iuventa
850 2614 940 2660 sub
989 2614 1183 2661 ilicibus
1237 2627 1323 2660 sus
1377 2614 1577 2673 triginta
1631 2612 1843 2672 capitum

270 2759 292 2797 1
328 2756 437 2798 ante
468 2754 718 2799 dormiebat
747 2752 933 2798 videtur
962 2759 1027 2798 est
1056 2755 1167 2810 quia
1198 2753 1436 2797 excidisse.
1556 2758 1582 2796 5
1614 2766 1778 2797 vexare
1801 2752 1843 2794 V

150 2826 264 2856 corr.
298 2813 368 2857 ed.
471 2818 525 2857 12
557 2819 663 2857 uate
694 2813 764 2857 ed.
871 2818 926 2856 14
957 2827 1050 2869 qua
1078 2815 1283 2857 intuetur
1306 2812 1347 2855 V
1379 2826 1505 2868 quem
1536 2813 1567 2855 i.
1601 2811 1673 2855 ed.
1706 2826 1843 2868 quam

149 2877 302 2916 tuetur
331 2886 428 2916 nos.
552 2877 606 2916 15
637 2874 812 2917 salvum
836 2871 879 2915 V
911 2878 952 2916 et
980 2886 1015 2916 s.
1049 2873 1121 2916 ed.
1169 2872 1172 2929 l
1216 2873 1438 2928 perdurat
1462 2870 1504 2911 V
1534 2873 1696 2915 retinet
1725 2871 1795 2914 ed.
1834 2873 1837 2929 Ι

150 2932 376 2987 Peryama
408 2931 480 2975 ed.
583 2936 636 2975 16
670 2933 902 2975 dureut—
922 2935 975 2974 17
1002 2945 1221 2976 mansura
1253 2931 1324 2975 ed.
1426 2934 1481 2972 27
1516 2931 1738 2974 levitatem
1769 2931 1840 2974 ed.

152 2993 206 3032 29
239 2991 454 3034 duratam
485 2991 658 3034 dudum
689 2991 960 3035 iracundiae
983 2990 1026 3033 V
1058 3004 1171 3034 corr.
1205 2990 1276 3033 ed.
1400 2993 1453 3032 32
1489 2990 1695 3033 litoreum
1726 2989 1780 3032 V.
