2050 3226
227 193 337 247 278
703 190 936 236 DONATI
965 191 1245 236 INTERPR.
1271 190 1449 236 VERG.

230 347 286 380 eo
340 331 534 396 fugam3
588 348 688 380 non
743 332 875 380 enim
926 331 1060 395 fugit
1111 330 1210 380 nisi
1263 331 1350 394 qui
1402 333 1534 380 stare
1583 329 1823 379 formidat
1871 332 1922 379 et

127 415 212 454 '120
229 405 414 454 diffidit
442 405 800 468 praesentibus.
845 406 1060 465 undique
1083 406 1394 454 conveniunt:
1424 421 1577 454 causa
1599 404 1922 454 conveniendi

230 479 414 528 dicitur
454 481 685 540 quoniam
723 480 843 528 data
881 481 1021 539 copia
1050 493 1273 540 puynae,
1314 495 1443 542 quae
1483 481 1632 528 antea
1669 495 1769 528 non
1806 477 1920 527 fuit.

230 554 519 614 bellatorque
558 555 722 602 animo
757 554 877 602 deus
913 553 1107 601 incidit.-
1144 554 1310 602 totum
1339 552 1393 601 in
1422 570 1580 602 unum
1610 555 1922 614 convenerat,

230 628 560 678 Troianorum
608 628 760 676 timor
810 629 861 674 et
909 627 1031 691 fuga
1081 629 1132 675 et
1179 627 1336 675 Turni
1385 644 1444 675 ex
1492 638 1731 691 prospera
1780 626 1922 675 dimi-
1977 638 1997 672 5

231 703 424 751 catione
472 716 746 763 successuS,
798 701 916 750 data
964 716 1160 764 quoque
1210 701 1468 765 pugnandi
1518 701 1662 765 copia
1710 703 1761 749 et
1804 700 1925 750 belli

184 829 187 831 ,
231 777 435 840 gerendi
474 775 621 824 ardor
660 791 806 838 quem
846 776 1150 838 armipotens
1190 775 1311 824 deus
1347 777 1593 826 universis
1631 777 1924 840 ingesserat.

230 851 498 899 Pandarus
553 853 608 897 ut
662 852 775 909 fuso
833 864 1123 910 yermanum
1176 864 1370 910 corpore
1423 851 1575 899 cernit
1627 853 1670 898 et
1722 864 1814 910 quo
1862 850 1926 898 sit

156 950 158 953 v
229 925 432 984 fortuna
479 925 598 980 loce,
647 924 730 983 qui
769 938 913 972 casus
952 927 1069 984 ayat
1104 937 1207 972 res:
1251 923 1509 973 Pandarus
1553 939 1667 972 cum
1705 924 1925 972 conside-

231 998 386 1046 rando
442 1000 757 1062 cognosceret
809 997 862 1045 in
916 997 1087 1046 fratris
1141 997 1349 1047 interitu
1403 1000 1598 1061 partem
1648 1014 1698 1047 se
1749 997 1927 1046 auxilii
1958 1009 2000 1043 10

230 1071 504 1134 perdidisse
544 1074 595 1120 et
624 1072 787 1121 virum
815 1071 1044 1120 interisse
1077 1088 1225 1135 quem
1255 1072 1470 1135 putabat
1507 1073 1764 1134 invictum,
1801 1073 1925 1121 casi-

231 1147 321 1195 bus
363 1162 561 1210 quoque
599 1147 768 1195 multis
802 1146 1054 1195 subiacere
1087 1163 1211 1208 quae
1250 1147 1473 1195 homines
1507 1149 1666 1211 agunt
1703 1148 1754 1194 et
1785 1161 1927 1195 suam

231 1222 479 1269 mutatam
520 1236 623 1269 esse
662 1221 937 1282 fortunam,
972 1225 1167 1281 portam
1204 1221 1255 1268 vi
1283 1222 1439 1270 multa
1470 1235 1696 1269 converso
1728 1221 1927 1269 cardine

131 1303 214 1343 725
232 1298 415 1355 torquet
452 1295 659 1343 obnixus
698 1295 811 1343 latis
848 1296 1045 1343 umeris
1105 1295 1199 1343 hoc
1238 1294 1379 1358 fecit,
1417 1296 1475 1344 ut
1514 1295 1799 1343 emendaret
1828 1295 1928 1343 fac·

231 1371 339 1417 tum
379 1384 544 1430 suum,
590 1369 722 1432 quod
762 1369 970 1418 adversa
1009 1371 1345 1431 corruperant.
1422 1370 1689 1429 multosque
1726 1383 1928 1417 suorum
1960 1379 2000 1412 15

231 1444 481 1491 moenibus
528 1443 743 1491 exclusos
782 1443 904 1491 duro
943 1444 997 1491 in
1035 1444 1296 1491 certamine
1336 1444 1529 1504 linquit,
1579 1447 1656 1492 ast
1694 1444 1818 1492 alios
1856 1457 1927 1491 se-

234 1531 341 1565 cum
390 1517 596 1565 includit
643 1517 903 1576 recipitque
955 1518 1165 1565 ruentis:
1219 1519 1418 1580 portam
1473 1517 1722 1579 claudere,
1778 1533 1928 1580 quam

233 1591 456 1654 congesti
499 1592 667 1640 hostes
716 1592 1060 1654 oppleverant,
1109 1593 1325 1654 quantae
1374 1591 1475 1640 fuit
1523 1592 1746 1641 virtutis!
1809 1592 1930 1640 fecit

232 1669 401 1714 tamen
434 1665 569 1728 quod
601 1665 830 1729 exigebat
859 1665 1140 1727 necessitas,
1174 1666 1384 1715 exclusis
1418 1681 1620 1714 suorum
1652 1665 1927 1728 aliquantis

234 1743 283 1788 et
322 1740 387 1788 ad
423 1740 693 1803 perniciem
723 1739 947 1801 traditis,
985 1741 1196 1802 receptis
1234 1756 1351 1788 vero
1391 1739 1644 1789 nonnullis
1682 1739 1927 1788 hostium:
1961 1749 2003 1782 20

235 1814 366 1876 quod
417 1817 467 1862 et
521 1814 834 1863 commodum
888 1816 1018 1863 esset
1071 1814 1374 1862 contrarium
1427 1814 1614 1876 posuit,
1673 1813 1791 1877 quia
1841 1816 1929 1862 aut

234 1887 391 1937 occidi
427 1889 532 1936 illic
569 1890 843 1951 potuerunt
882 1891 970 1936 aut
1007 1889 1307 1951 praevalere.
1385 1889 1600 1946 clemens,
1650 1889 1733 1948 qui
1771 1888 1928 1936 Rutu-

235 1963 335 2009 lum
373 1963 425 2009 in
460 1963 615 2010 medio
646 1977 745 2010 non
777 1963 968 2023 aymine
998 1977 1156 2023 reyem
1185 1963 1361 2010 viderit
1389 1964 1744 2023 inrumpentem
1780 1963 1928 2010 ultro-

235 2051 324 2095 que
369 2037 619 2084 incluserit
663 2037 798 2084 urbi:
844 2036 942 2084 nisi
986 2036 1130 2084 illum
1175 2037 1335 2085 multa
1381 2037 1589 2086 adversa
1626 2036 1927 2097 turbassent,

234 2111 433 2173 plenam
471 2110 639 2172 potuit
685 2126 953 2172 procurare
991 2110 1275 2171 victoriam,
1323 2111 1366 2159 si
1403 2111 1767 2174 inrumpentem
1806 2111 1927 2158 Tur·
1960 2119 2001 2152 25

235 2201 356 2232 num
389 2199 500 2231 cum
531 2184 703 2232 ceteris
742 2186 1029 2246 recepisset,
1061 2201 1173 2232 eum
1209 2184 1396 2233 scilicet
1427 2185 1514 2248 qui
1543 2186 1677 2234 ultro
1709 2187 1927 2246 venerat,

135 2265 218 2305 730
235 2260 293 2307 ut
341 2259 536 2321 periret.
613 2259 860 2306 inmanem
908 2259 1056 2306 veluti
1105 2273 1286 2319 pecora
1334 2261 1460 2307 inter
1508 2260 1686 2307 inertia
1743 2259 1928 2319 tiqrim:

237 2348 345 2382 ecce
393 2331 573 2380 vitium
620 2332 723 2380 eius
776 2333 863 2395 qui
907 2348 1006 2380 non
1052 2332 1182 2381 vidit
1220 2334 1443 2381 Turnum
1481 2334 1752 2396 plurimum
1797 2333 1929 2381 inter

238 2409 423 2455 ceteros
472 2407 790 2467 eminentem,
842 2407 977 2469 quod
1017 2408 1059 2455 si
1104 2408 1322 2469 fecisset,
1373 2411 1500 2456 esset
1544 2408 1645 2455 tale
1693 2407 1840 2469 quale
1889 2407 1930 2455 si

238 2481 497 2530 clausisset
536 2496 647 2528 cum
685 2481 852 2543 parvis
893 2480 1152 2543 pecoribus
1184 2482 1370 2545 tigrim.
1432 2482 1654 2529 continuo
1685 2496 1814 2529 nova
1846 2481 1929 2528 lux
1961 2490 2003 2522 3⁰

237 2556 388 2603 oculis
442 2555 625 2614 offulsit
678 2558 719 2602 et
773 2569 916 2602 arma
968 2555 1262 2603 horrendum
1322 2569 1543 2612 sonuere,
1608 2558 1815 2605 tremunt
1875 2555 1929 2602 in

359 2715 383 2753 2
417 2710 596 2778 diffidet
619 2709 661 2753 V
686 2709 756 2753 ed.
879 2715 906 2752 4
946 2716 1245 2756 convenerant
1283 2711 1354 2755 ed.
1479 2715 1503 2753 6
1542 2711 1767 2779 regnandi
1790 2709 1832 2754 V
1856 2710 1927 2754 ed.

230 2771 687 2886 {gualtarus
719 2772 789 2872 ἐξ.
815 2769 1338 2887 Ψᾝέαὲοἶῖιίὲεἶῗὲἓᾳ]
1372 2830 1414 2874 82·
1427 2769 1928 2884 1⁹253355'325v0352

238 2887 311 2930 his
341 2887 493 2931 verbis
526 2890 573 2931 et
603 2887 661 2931 iis
694 2900 813 2942 quae
845 2886 967 2930 infra
999 2890 1255 2943 sequuntur
1287 2889 1406 2944 quod
1431 2889 1473 2932 si
1498 2888 1675 2942 fecisset
1702 2889 1787 2931 ete.
1815 2887 1929 2943 quid

238 2946 354 2989 Don.
389 2946 543 2991 dicere
573 2946 772 2990 voluerit
802 2959 875 2990 me
908 2960 1000 2989 non
1031 2947 1303 3003 intellegere
1334 2946 1505 3002 fateor3
1546 2960 1655 2990 nam
1687 2961 1791 2990 cum
1825 2960 1931 2990 eum

238 3006 486 3061 receperit,
520 3005 750 3061 quomodo
785 3005 1169 3050 condicionaliter
1199 3006 1434 3062 loquitur?
1557 3009 1610 3049 31
1649 3006 1820 3061 effulsit
1857 3005 1927 3049 ed.
