2050 3226
251 181 362 235 562
725 179 958 224 DONATI
989 179 1269 224 INTERPR.
1294 179 1475 224 VERG.

367 320 508 368 Haec
536 320 622 368 ubi
653 320 784 368 dicta
813 320 943 367 dedit
971 319 1271 380 rapidusque
1308 320 1362 367 in
1393 322 1514 368 tecta
1542 319 1754 376 recessit,
1788 320 1948 380 poscit

249 408 393 454 equos
419 394 689 456 qaudetque
718 397 858 441 tuens
889 396 1000 442 ante
1026 407 1116 442 ora
1145 393 1409 453 frementia
1441 394 1670 441 Pilwmno
1694 407 1812 454 quos
1834 394 1947 454 ipsa

249 469 393 517 decus
424 468 555 516 dedit
580 467 825 528 Orithyia:
854 467 944 515 ubi
972 467 1094 515 haec
1118 467 1244 515 dixit
1274 469 1326 516 et
1353 467 1606 532 ingressus
1630 469 1706 516 est
1729 467 1946 530 domum,

247 541 455 606 produci
509 556 660 604 equos
710 540 881 603 iussit,
932 541 1065 604 quod
1119 543 1287 590 autem
1336 541 1450 590 illos
1500 541 1629 591 vidit
1676 541 1948 602 frementis,

249 617 533 681 gratulatus
574 618 670 678 est3
710 615 1049 664 arbitrabatur
1087 615 1219 663 enim
1257 631 1315 663 ex
1353 631 1524 664 eorum
1560 617 1763 664 ftemitu
1803 632 1947 664 omen
2002 628 2040 661 ελ

148 733 154 736 .
249 691 494 754 optimum
539 704 759 753 pugnae,
810 690 890 737 cui
939 690 1139 738 fuerant
1187 689 1468 738 necessarii.
1542 690 1633 739 hos
1681 705 1831 754 equos
1883 689 1948 738 ad

161 1071 217 1112 85

167 2182 222 2222 90

249 766 478 812 ornatum
529 762 760 826 Orithyia
811 764 1015 812 dederat
1064 763 1316 825 Pilumno,
1368 780 1462 813 avo
1513 764 1732 813 eiusdem
1777 763 1946 812 Turni.

249 839 332 898 qui
363 839 572 886 candore
601 838 738 886 nives
769 839 1027 895 anteirent,
1062 839 1286 886 cursibus
1317 852 1499 886 auras:
1537 838 1786 887 anteirent
1817 854 1948 887 com-

248 928 395 960 mune
435 914 510 960 est
547 911 789 975 positum3
836 914 886 960 et
931 912 1085 961 colori
1123 913 1306 976 quippe
1351 911 1618 975 respondet
1664 914 1714 960 et
1760 912 1948 961 cursuit

248 989 306 1035 ut
329 988 396 1035 sit
419 986 678 1034 anteibant
699 987 776 1034 illi
800 987 938 1035 nives
964 986 1189 1048 candore,
1223 986 1483 1035 anteibant
1507 986 1733 1036 cursibus
1758 988 1947 1036 ventos.
1982 999 2043 1032 lot

251 1061 564 1109 circumstant
603 1061 803 1121 properi
852 1062 1057 1122 auriqae
1099 1062 1421 1121 manibusque
1471 1062 1715 1110 lacessunt
1752 1064 1949 1121 pectora
2049 1116 2050 1127 γ

242 1135 430 1196 plausa
479 1135 637 1183 cavis:
688 1134 1113 1184 circumdederant
1162 1151 1245 1183 eos
1294 1134 1512 1184 ministri
1566 1135 1644 1183 sui
1693 1136 1743 1183 et
1792 1133 1951 1184 veluti
2049 1129 2050 1134 ’

251 1208 553 1272 quibusdam
591 1209 878 1258 verberibus
917 1225 1158 1257 manuum
1188 1210 1417 1258 futurum
1449 1211 1699 1258 certamen
1738 1209 1948 1257 sentien-

250 1283 384 1331 tibus
427 1282 810 1346 denuntiabant3
858 1299 982 1333 cava
1021 1284 1152 1332 enim
1190 1299 1367 1332 manus
1413 1300 1514 1333 non
1553 1283 1774 1333 dolorem
1811 1282 1949 1344 facit,

251 1357 336 1406 sed
375 1358 560 1405 excitat
597 1359 917 1406 certaturum.
980 1362 1023 1406 et
1061 1358 1183 1407 colla
1223 1359 1465 1406 comantia
1498 1361 1718 1418 pectunt:
1764 1359 1951 1406 norunt
1983 1369 2042 1402 151

252 1431 401 1479 etiam
436 1432 551 1493 equi
582 1431 702 1494 quid
733 1432 960 1480 futurum
992 1432 1079 1494 sit,
1115 1448 1227 1480 cum
1258 1432 1520 1496 eriguntur
1548 1431 1830 1481 hortatibus
1864 1433 1951 1480 aut

252 1507 621 1569 conponuntur,
676 1507 734 1553 ut
786 1507 1033 1569 placeant.
1109 1507 1214 1566 ipse
1263 1507 1433 1555 dehinc
1482 1521 1604 1554 auro
1653 1507 1951 1566 squalentem

253 1580 454 1639 alboque
492 1581 728 1628 orichalco
768 1581 1037 1638 circumdat
1075 1581 1275 1628 loricam
1313 1582 1518 1628 mneris:
1555 1579 1647 1628 illa
1685 1581 1824 1643 equis
1868 1580 1949 1627 fie-

251 1654 395 1715 bant,
449 1655 555 1717 ipse
610 1669 807 1717 quoque
861 1654 1088 1702 sumebat
1139 1653 1447 1703 munimenta
1499 1653 1718 1716 corporis
1774 1655 1851 1702 sui
1902 1656 1952 1702 et

251 1727 469 1791 primum
501 1727 703 1792 quidem
733 1743 930 1777 umeros
956 1744 1070 1777 suos
1094 1729 1250 1776 lorica
1275 1728 1637 1789 circumdabat,
1677 1743 1804 1790 quae
1829 1743 1950 1776 auro
1983 1745 2044 1778 201

253 1805 303 1850 et
341 1803 588 1850 orichalco
627 1802 726 1851 fuit
765 1802 1037 1865 splendida.
1100 1803 1248 1850 simul
1287 1804 1424 1863 aptat
1452 1803 1695 1850 habendo:
1732 1804 1792 1850 ut
1828 1802 1950 1850 bene

251 1876 424 1924 haberi
461 1879 631 1938 posset
669 1879 719 1925 et
756 1877 896 1938 ferri,
937 1877 1143 1940 aptabat
1179 1877 1308 1924 hanc
1347 1876 1623 1940 diligenter.
1702 1890 1953 1935 ensemque

253 1950 550 2010 clipeumque
588 1954 631 1998 et
666 1952 847 1999 rubrae
885 1966 1070 1999 cornua
1109 1951 1305 1999 cristae:
1344 1950 1407 1998 ad
1445 1952 1566 1998 haec
1607 1965 1805 2014 quoque
1841 1967 1950 2013 per-

252 2024 381 2072 tinet
421 2025 553 2087 quod
600 2024 726 2072 dixit
775 2025 923 2074 simul
973 2028 1115 2088 aptat
1159 2025 1408 2087 habend03
1461 2025 1596 2088 quod
1648 2024 1779 2072 enim
1827 2024 1951 2072 bene

255 2101 459 2160 aptatur
496 2100 545 2146 et
583 2101 698 2162 apte
738 2099 896 2148 fertur
935 2101 1212 2163 gestantem
1250 2100 1463 2161 relevat,
1503 2100 1622 2162 quia
1652 2099 1811 2147 levius
1843 2097 1951 2146 red·
1983 2113 2026 2146 25

255 2172 405 2220 ditur.
484 2187 663 2229 ensem,
716 2188 855 2232 quem
900 2174 1084 2222 Dauno
1129 2174 1400 2234 iqnipotens
1445 2174 1563 2221 deus
1611 2174 1715 2232 ipse
1753 2173 1952 2233 parenti

252 2247 434 2306 fecerat
471 2249 515 2293 et
550 2245 717 2306 Styqia
756 2248 1037 2296 candentem
1074 2248 1285 2296 tinxerat
1322 2248 1484 2295 unda:
1530 2246 1760 2294 laudavit
1797 2260 1950 2307 equos

256 2337 314 2368 ex
345 2319 600 2369 occasione
624 2320 759 2369 illius
787 2338 913 2384 quae
938 2321 1140 2370 dederat
1163 2321 1409 2383 Pilumno,
1440 2321 1615 2369 laudat
1638 2322 1688 2368 et
1713 2319 1952 2384 gladium,

256 2393 376 2456 quia
414 2395 555 2442 illum
585 2394 840 2443 Vulcanus
881 2396 982 2444 suis
1021 2396 1249 2444 manibus
1291 2396 1449 2444 eidem
1489 2397 1675 2443 fecerat
1703 2385 1950 2441 Pilumno.

257 2471 306 2516 et
324 2467 499 2532 Stygia
522 2469 811 2516 candentem
836 2469 1056 2518 tinxerat
1078 2469 1235 2518 unda:
1261 2471 1680 2518 consecrationem
1700 2467 1952 2530 quandam
1983 2482 2026 2515 30

257 2543 386 2590 ensis
436 2543 689 2590 ostendere
740 2543 902 2591 voluit
951 2544 1158 2605 factam,
1210 2544 1329 2606 quia
1378 2542 1556 2607 Stygia
1604 2542 1740 2590 unda
1786 2541 1952 2589 fuerat

257 2618 462 2677 tinctus,
500 2618 558 2664 ut
590 2617 733 2679 quasi
763 2618 979 2665 invictus
1012 2618 1277 2666 haberetur
1308 2619 1358 2664 et
1396 2631 1752 2679 quemcumque
1783 2616 1951 2663 vulne-

379 2762 403 2800 3
436 2758 490 2801 de
521 2759 618 2802 eius
648 2771 731 2813 pro
764 2758 898 2801 decus
925 2757 979 2801 V.
1103 2763 1128 2801 9
1161 2759 1304 2803 colore
1335 2758 1377 2802 V
1414 2772 1526 2802 corr.
1565 2757 1635 2801 ed.
1760 2760 1814 2799 13
1853 2770 1951 2800 ver-

261 2817 438 2860 beribus
472 2816 514 2858 V
551 2818 773 2861 veteribus
815 2816 930 2860 edF.
983 2816 988 2874 Ι
1046 2832 1266 2861 manuum
1305 2831 1393 2860 om.
1428 2817 1497 2861 ed.
1621 2820 1675 2859 22
1716 2820 1846 2871 aptat
1878 2815 1948 2859 ed.

261 2879 315 2917 23
371 2877 563 2931 clipeum
608 2875 650 2919 V
703 2890 786 2931 que
841 2877 1101 2919 atramento
1158 2876 1437 2932 suppletum.
1579 2878 1634 2918 25
1676 2879 1871 2930 putatur
1908 2873 1950 2915 V

253 2939 470 2988 portatur
523 2934 593 2978 ed.
652 2939 840 2990 aptatur
892 2949 987 2978 noe.
1155 2940 1210 2978 26
1266 2935 1370 2979 deos
1414 2935 1468 2977 V.
1637 2937 1692 2977 28
1747 2947 1861 2990 quae
1908 2932 1950 2975 V

261 2994 340 3047 qui
370 2993 440 3037 ed.
563 2997 618 3036 29
652 2995 868 3038 Pilumno
892 2993 934 3037 V
958 2994 1028 3037 ed.
1063 2995 1236 3038 Dauno
1269 2994 1337 3037 ait
1367 2994 1507 3050 Verg.
