2050 3226
208 195 317 249 290
681 192 915 237 DONATI
943 192 1225 238 INTERPR.
1251 192 1430 238 VERG.

207 332 463 382 licentiam
499 331 764 382 vindicatis
812 332 1049 381 facientes
1088 334 1262 381 contra
1299 333 1599 382 sententiam
1635 349 1798 382 meam
1836 336 1900 395 et,
1963 350 1973 379 ε

207 406 341 470 quod
379 414 455 456 est
490 407 622 456 inter
659 406 827 455 omnia
863 406 1159 467 notabilius,
1197 407 1360 470 longis
1398 406 1703 470 temporibus
1742 408 1796 455 in
1827 423 1900 455 er·
1964 431 1971 445 *

206 483 317 530 rato
347 481 630 545 persistitis.
680 482 951 530 abnueram
982 480 1100 528 bello
1131 480 1334 529 Italiam
1364 494 1645 529 concurrere
1677 481 1902 529 Teucris:

205 556 338 604 hunc
383 556 549 604 locum
596 555 684 617 qui
722 556 975 616 exponunt
1018 554 1196 603 volunt
1231 554 1399 617 ipsum
1435 554 1605 604 Iovem
1640 555 1902 618 reprehen-

207 629 405 678 dentem
443 630 569 677 alios
609 644 713 677 esse
743 629 1031 690 mentitum3
1072 628 1308 677 adserunt
1353 627 1484 676 enim
1529 629 1669 677 aliud
1715 630 1901 678 secreto
1954 644 1982 688 117
2007 649 2022 674 ,3

206 704 259 752 in
305 703 465 766 primo
511 702 639 750 libro
684 702 816 750 filiae
857 718 960 751 esse
999 702 1300 763 confessum,
1339 702 1478 751 aliud
1516 718 1631 751 vero
1670 703 1723 751 in
1761 718 1902 766 prae·
1967 744 1970 749 .

207 778 337 826 senti
387 777 595 825 concilio
647 776 895 825 simulare.
985 775 1117 839 quod
1168 776 1300 826 absit
1345 792 1375 825 a
1419 779 1570 840 poeta
1614 779 1808 836 nostr0,
1844 778 1904 825 ut
1962 795 1964 797 ’

206 853 361 899 talem
397 850 603 899 inducat
641 866 790 913 quem
829 851 1033 899 deorum
1070 853 1267 913 patrem
1305 852 1356 899 et
1385 850 1438 898 in
1468 851 1690 900 homines
1721 851 1902 900 habere

153 943 157 946 ·
206 927 506 989 potestatem
552 925 724 973 multis
773 925 895 973 locis
945 924 1189 973 adseruit:
1229 927 1280 973 et
1316 940 1436 973 vera
1466 925 1556 973 illa
1588 924 1785 974 dicebat
1814 940 1903 973 nec

208 1000 269 1047 ab
315 999 416 1048 illis
464 998 728 1047 dissimilia
775 1015 901 1061 quae
948 998 1264 1061 praedixerat
1306 998 1454 1048 filiae.
1537 999 1624 1048 sed
1662 998 1705 1048 si
1741 999 1902 1062 primo
1936 1014 1978 1049 ιο
2007 1014 2039 1045 11

207 1074 332 1121 libro
371 1074 632 1136 proposita
671 1088 887 1137 congrue
925 1072 1353 1137 intellegerentur,
1401 1072 1464 1122 ad
1511 1088 1724 1122 errorem
1762 1089 1902 1136 prae-

207 1147 359 1196 sentis
410 1148 509 1195 loci
556 1147 809 1211 legentum
846 1163 946 1195 non
989 1148 1182 1196 veniret
1217 1147 1444 1196 intentio,
1522 1146 1644 1210 quid
1683 1148 1814 1196 enim
1850 1147 1904 1194 in

206 1221 366 1284 primo
413 1221 541 1269 libro
590 1214 748 1289 (263)
794 1221 1020 1269 futurum
1066 1220 1414 1284 praedixerat?
1460 1221 1685 1283 „bellum
1729 1222 1903 1286 ingens

207 1298 346 1359 geret
377 1293 573 1343 Italia.“
657 1297 708 1343 et
752 1296 834 1344 hic
885 1295 1012 1343 dixit
1062 1295 1331 1344 abnueram
1380 1295 1509 1343 bello
1549 1292 1752 1344 Italiam
1791 1311 1904 1344 con-

209 1385 400 1417 currere
443 1369 659 1418 Teucris.
748 1369 864 1418 hinc
913 1370 1132 1433 primum
1182 1386 1317 1419 error
1367 1369 1608 1432 exoritur,
1660 1369 1792 1432 quod
1831 1385 1903 1418 se·
1938 1385 1978 1419 15

206 1445 389 1506 parant
425 1443 613 1491 bellum
649 1445 824 1508 ingens
865 1445 1004 1507 geret
1041 1444 1210 1493 Italia.
1286 1446 1504 1492 ceterum
1542 1443 1585 1492 si
1623 1445 1906 1492 contextam

207 1517 342 1567 Iovis
394 1519 670 1566 orationem
722 1519 1056 1580 adverterent,
1095 1534 1367 1581 numquam
1416 1518 1721 1566 fallerentur.
1800 1517 1906 1566 illic

209 1593 340 1640 enim
391 1594 442 1640 et
494 1607 754 1654 personam
807 1592 1091 1641 invenirent
1143 1593 1333 1656 gesturi
1392 1591 1579 1640 bellum
1629 1594 1679 1640 et
1731 1593 1904 1640 contra

211 1681 332 1728 quos
371 1665 425 1713 id
463 1668 593 1715 esset
630 1667 859 1715 futurum
888 1666 1199 1715 manifestius
1231 1666 1561 1730 perviderent.
1615 1682 1705 1715 nos
1736 1668 1904 1714 tamen

211 1741 270 1788 ab
322 1740 423 1789 illis
477 1741 660 1789 omissa
716 1741 1021 1803 repetamus,
1079 1742 1139 1789 ut
1188 1740 1469 1789 intellectus
1530 1739 1803 1788 deducatur
1851 1739 1905 1787 111
1936 1756 1979 1788 20
2035 1756 2042 1783 J

209 1815 382 1862 lucem.
454 1830 659 1876 „parce,
709 1815 896 1877 inquit,
945 1816 1106 1876 metu,
1154 1813 1420 1877 Cytherea,
1462 1816 1666 1862 manent
1714 1815 1906 1862 inmota

207 1890 411 1936 tuorum
450 1889 557 1936 fata
587 1888 699 1936 tibi:
740 1905 905 1938 cernes
937 1890 1106 1937 urbem
1147 1890 1197 1936 et
1226 1889 1472 1951 promissa
1502 1888 1682 1937 Lavini
1710 1887 1906 1936 moenia

210 1962 568 2025 sublimemque
615 1964 740 2011 feres
788 1962 851 2011 ad
889 1962 1052 2012 sidera
1091 1962 1215 2011 caeli
1252 1962 1627 2026 magnanimum
1664 1960 1904 2010 Aenean“

211 2037 360 2098 atque
411 2052 608 2098 „neque
657 2053 734 2085 me
786 2037 1031 2086 sententia
1081 2037 1254 2099 vertit,
1303 2038 1383 2085 hic
1431 2036 1527 2085 tibi
1571 2036 1734 2098 fabor,
1774 2037 1906 2084 enim

211 2109 408 2172 quando
455 2111 576 2158 haec
621 2114 671 2159 te
712 2127 830 2159 cura
868 2111 1134 2173 remordet,
1180 2111 1379 2175 longius
1420 2111 1648 2160 evolvens
1687 2111 1906 2159 fatorum
1936 2125 1978 2158 25

211 2198 392 2232 arcana
446 2183 703 2233 movebo“.
795 2186 917 2234 haec
972 2186 1037 2233 ad
1090 2201 1148 2233 ea
1201 2186 1452 2248 pertinent
1506 2184 1682 2247 quibus
1736 2184 1904 2232 Venus

209 2260 404 2306 mature
442 2260 610 2320 posset
649 2260 865 2308 securior
902 2259 1064 2321 reddi,
1110 2259 1164 2307 in
1210 2275 1307 2322 quo
1346 2259 1452 2322 ipse
1492 2258 1687 2308 Aeneae
1726 2274 1905 2306 nomen

211 2347 310 2380 non
369 2331 547 2380 omisit.
658 2333 773 2381 huic
837 2333 1027 2381 nomini
1088 2333 1487 2397 subiungendum
1548 2334 1623 2381 est
1683 2332 1906 2394 „bellum

210 2406 385 2469 ingens
411 2407 550 2469 geret
572 2406 725 2454 Italia
735 2405 762 2430 “
795 2407 1059 2456 subtractis
1084 2407 1161 2456 his
1193 2407 1417 2456 versibus
1450 2407 1537 2469 qui
1567 2407 1904 2455 narrationem

212 2479 498 2528 continuam
538 2480 835 2543 diviserunt,
866 2482 958 2529 hoc
998 2484 1072 2530 est
1111 2497 1306 2545 „neque
1344 2497 1423 2530 me
1462 2481 1707 2530 sententia
1739 2481 1904 2543 vertit,
1935 2494 1978 2527 30

330 2596 356 2634 3
380 2593 624 2647 persistius
653 2590 708 2635 V.
831 2597 857 2635 8
890 2593 1073 2637 deorum
1100 2598 1278 2650 patrem
1308 2593 1393 2637 VR
1430 2594 1482 2637 in
1512 2593 1695 2637 deorum
1725 2591 1815 2635 'edI
1852 2592 1905 2636 in

211 2651 316 2695 deos
346 2651 461 2695 edF.
568 2655 592 2694 9
623 2652 709 2695 illa
739 2650 781 2694 R
811 2652 887 2695 ille
918 2651 961 2695 V
991 2653 1061 2696 ed.
1167 2658 1222 2696 12
1255 2653 1495 2710 leyentium
1527 2651 1597 2695 ed.
1705 2656 1759 2695 16
1790 2652 1906 2708 yerit

213 2712 370 2765 (supra
393 2712 526 2767 yeret)
552 2710 651 2754 VR.
744 2715 797 2754 17
822 2712 1045 2755 rationem
1068 2711 1123 2755 V.
1211 2715 1264 2755 18
1295 2717 1522 2769 yesturam
1546 2710 1618 2754 ed.
1711 2714 1765 2753 19
1794 2723 1904 2766 quos

211 2769 262 2812 id
286 2769 370 2811 VR
401 2770 520 2825 quod
549 2770 600 2814 id
631 2769 700 2813 ed.
733 2770 785 2813 id
815 2771 934 2825 quod
965 2771 1036 2815 ed.
1061 2772 1180 2826 post.
1219 2771 1223 2828 ξ
1259 2776 1370 2815 esset
1399 2769 1439 2812 R
1471 2775 1534 2814 est
1556 2769 1598 2813 V
1623 2769 1694 2814 ecl.
1732 2770 1736 2827 Ι
1766 2782 1904 2824 prae-

211 2828 414 2872 viderent
445 2828 515 2872 ed.
610 2833 663 2872 22
696 2842 849 2873 cernes
872 2828 956 2872 VR
984 2831 1146 2874 condes
1178 2829 1249 2874 ed.
1342 2833 1397 2872 23
1429 2829 1541 2883 feris
1564 2828 1662 2872 VR.
1754 2832 1809 2871 24
1835 2833 1904 2872 at-

212 2901 296 2941 que
328 2900 414 2931 om.
443 2888 513 2931 ed.
552 2888 556 2945 J
592 2890 711 2932 enim
742 2888 923 2944 quando
949 2888 1167 2932 coniunxi
1192 2888 1445 2933 secundum
1468 2887 1903 2944 interpretationem

217 2950 254 2998 1,
282 2950 379 2989 261.
489 2951 543 2990 28
583 2948 782 2991 ‘nominis
818 2948 900 2991 ubi
936 2949 1216 3005 iunye‘ndum
1247 2947 1332 2990 VR
1368 2948 1546 2992 nomini
1576 2962 1622 2992 u.
1646 2948 1676 2991 i.
1711 2945 1782 2991 ed.
1822 2960 1903 2991 no·

213 3005 329 3048 mini
358 3006 721 3063 subiungendum
752 3019 847 3049 nos.
972 3011 1027 3050 29
1059 3021 1216 3064 gerens
1245 3006 1330 3051 VR
1359 3007 1475 3064 yerit
1505 3006 1575 3051 ed.
