2050 3226
224 153 330 207 104
692 150 927 197 DONATI
954 151 1236 196 INTERPR.
1261 150 1441 196 VERG.

219 308 346 354 quae
401 290 628 355 superius
681 292 814 341 dicta
863 293 992 341 sunt.
1063 291 1321 340 Teutonico
1369 292 1470 340 ritu
1517 291 1646 341 soliti
1695 294 1912 352 torquere

219 367 423 415 cateias:
482 366 536 414 hi
588 381 755 415 omnes
818 364 1008 414 imitati
1059 365 1310 414 Teutonas
1370 365 1640 414 mittebant
1698 367 1912 415 telorum

219 441 406 503 species
458 455 586 504 quae
632 439 819 489 cateiae
870 439 1175 488 dicebantur.
1258 440 1470 501 teqmina
1529 440 1638 502 quis
1699 441 1914 500 capitum

217 517 393 574 raptus
432 514 490 562 de
527 515 698 563 subere
743 518 923 562 cortex:
966 516 1025 562 ut
1071 513 1135 562 ad
1181 512 1341 563 vicem
1385 514 1642 578 galearum
1687 516 1914 578 tegerent

188 630 191 632 .
219 589 409 651 capita,
450 604 587 636 more
626 603 715 637 suo
754 589 976 652 tegmina
1015 587 1075 635 de
1114 587 1303 637 suberis
1345 587 1526 637 cortice
1562 588 1912 651 procurabant.
1967 601 1986 634 5

219 665 507 722 aerataeque
535 662 719 710 micant
740 663 924 723 peltae:
961 678 1051 725 pro
1091 662 1245 711 scutis
1280 662 1440 725 peltas
1478 662 1762 711 habuerunt
1800 678 1913 711 aere

151 735 155 738 ⁷
218 735 473 801 fulgentis,
546 735 696 784 micat
731 750 903 784 aereus
942 737 1094 784 ensis:
1132 736 1416 785 mirandum
1451 753 1553 786 non
1591 738 1667 785 est
1705 753 1764 785 ex
1802 753 1914 786 aere

218 810 371 860 fuisse
395 808 634 875 gladium,
659 811 896 873 quoniam
927 812 977 858 et
1005 809 1059 858 in
1091 811 1266 873 quinto
1290 810 1419 859 libro
1445 803 1602 878 (274)
1627 811 1702 859 ait
1732 825 1914 873 „aerea

220 886 368 948 quem
416 883 632 933 oblicum
675 885 788 933 rota
833 883 1094 947 transiit“;
1145 884 1305 933 fertur
1350 883 1482 933 enim
1529 886 1719 934 veteres
1767 900 1913 948 saepe

219 975 330 1008 aere
370 973 486 1007 usos
524 974 616 1021 pro
655 959 801 1008 ferro.
1945 971 1988 1004 ιο

116 1041 201 1082 ’145
336 1033 407 1080 Et
450 1035 493 1081 te
536 1035 782 1081 montosae
825 1033 998 1080 misere
1034 1032 1091 1081 in
1131 1033 1327 1093 proelia
1363 1033 1574 1090 Nersae,
1623 1033 1800 1094 Ufens,
1839 1034 1915 1081 in-

218 1107 402 1168 siqnem
439 1108 582 1167 fama
612 1110 655 1154 et
683 1107 906 1167 felicibus
944 1107 1118 1164 armis,
1157 1107 1360 1155 horrida
1387 1107 1656 1167 praecipue
1691 1107 1770 1155 cui
1795 1122 1914 1168 qens

219 1181 515 1241 adsuetaque
547 1181 696 1228 multo
730 1184 917 1228 venatu
943 1195 1207 1238 nemorum,
1244 1181 1385 1229 duris
1413 1178 1687 1241 Aequicula
1714 1181 1914 1242 qlaebis.

219 1254 401 1304 armati
438 1258 620 1303 terram
658 1258 873 1303 exercent
909 1269 1187 1315 semperque
1223 1256 1427 1303 recentis
1465 1258 1741 1303 convectare
1777 1255 1917 1304 iuvat

211 1329 432 1389 praedas
470 1332 515 1376 et
550 1330 708 1376 vivere
737 1332 902 1388 rapto:
938 1328 1095 1378 Ufens
1128 1345 1327 1392 quoque
1357 1329 1582 1392 partibus
1614 1329 1772 1377 Turni
1802 1345 1914 1378 con·
1947 1340 1988 1374 15

219 1405 441 1452 senserat
477 1403 614 1451 fama
651 1402 885 1467 insignis,
925 1402 1075 1451 armis
1115 1405 1283 1452 autem
1322 1419 1516 1466 semper
1557 1403 1782 1452 felicibus
1821 1404 1915 1453 hoc

219 1480 296 1526 est
340 1477 557 1526 invictis.
633 1477 751 1525 huic
789 1492 907 1540 gens
947 1477 1047 1525 fuit
1085 1493 1277 1540 semper
1321 1477 1465 1525 bellis
1514 1477 1709 1525 intenta
1754 1493 1914 1539 neque

218 1567 457 1614 umquam
494 1551 666 1599 vivens
707 1550 766 1599 de
805 1566 919 1612 sue,
956 1553 1131 1614 utpote
1164 1567 1292 1614 quae
1326 1566 1427 1599 non
1458 1550 1787 1600 delectaretur
1816 1551 1915 1600 nisi

218 1641 349 1674 nova
385 1624 585 1688 praeda.

117 1708 201 1748 750
340 1699 471 1760 Quin
510 1701 554 1747 et
581 1699 852 1747 Marruvia
887 1699 1018 1746 venit
1055 1699 1113 1747 de
1142 1702 1279 1759 qente
1309 1699 1534 1747 sacerdos
1562 1699 1738 1758 fronde
1767 1712 1915 1760 super
1946 1711 1989 1743 20

215 1774 409 1834 qaleam
448 1775 491 1821 et
527 1772 658 1833 felici
696 1776 909 1832 comptus
948 1773 1098 1829 oliva,
1146 1770 1386 1832 Archippi
1426 1773 1554 1833 reqis
1598 1773 1775 1830 missu,
1815 1773 1915 1833 for-

219 1848 436 1895 tissimus
468 1847 663 1903 Umbr0,
695 1847 884 1906 vipereo
912 1847 1077 1907 qeneri
1108 1850 1152 1894 et
1175 1848 1391 1907 qraviter
1413 1847 1717 1906 spirantibus
1746 1847 1915 1908 hydris

117 1930 201 1970 755
219 1935 447 1982 sparqere
478 1921 561 1980 qui
591 1935 783 1977 somnos
822 1923 1059 1979 cantuque
1095 1935 1340 1980 manuque
1377 1921 1559 1968 solebat
1587 1920 1914 1980 mulcebatque

218 1995 324 2043 iras
379 1998 422 2042 et
472 2009 664 2042 morsus
718 1997 821 2042 arte
874 1995 1087 2042 levabat:
1154 1997 1359 2043 venerat
1412 1995 1565 2043 etiam
1613 1995 1801 2043 Umbro
1856 2011 1915 2042 ex

154 2104 162 2113 .
219 2067 503 2117 Marruviae
557 2068 785 2130 partibus
840 2068 1089 2130 sacerdOS‚
1150 2068 1410 2118 redimitus
1466 2069 1603 2117 oleae
1655 2067 1912 2117 frondibus
1945 2079 1987 2112 2⁵

218 2144 479 2206 tamquam
511 2141 570 2189 de
602 2143 738 2204 pacis
771 2143 873 2190 otio
906 2144 956 2190 et
986 2142 1355 2204 tranquillitate
1389 2158 1601 2191 securus.
1658 2143 1739 2191 hic
1769 2144 1913 2190 tanta

219 2217 426 2266 scientia
464 2215 652 2276 floruit,
690 2217 748 2263 ut
786 2216 1095 2277 serpentibus
1135 2218 1374 2265 insereret
1404 2232 1653 2278 somnum,
1691 2216 1914 2279 placaret

220 2291 503 2354 saevientis,
534 2291 732 2338 curaret
755 2288 994 2351 quicquid
1025 2291 1280 2340 venenatis
1311 2290 1555 2340 morsibus
1584 2290 1912 2352 adpetissent3

219 2365 296 2414 his
327 2363 619 2413 medebatur
649 2364 729 2412 vel
760 2365 910 2411 cantu
941 2364 1021 2412 vel
1051 2365 1296 2414 manibus.
1357 2365 1489 2413 hunc
1520 2366 1688 2412 autem
1719 2365 1911 2412 consta·

219 2439 307 2487 bat
329 2439 488 2487 missu
511 2438 703 2486 venisse
734 2438 864 2502 regis
893 2436 1157 2502 Archippi3
1186 2439 1284 2487 fuit
1313 2437 1419 2502 ipse
1449 2439 1646 2501 praeter
1677 2436 1912 2486 scientiae
1945 2449 1988 2481 30

341 2615 365 2653 2
405 2610 582 2666 qateias
609 2607 665 2652 V.
787 2612 815 2651 4
846 2608 909 2651 acl
938 2609 1078 2652 vicem
1101 2608 1143 2651 V
1174 2610 1268 2654 loco
1300 2609 1371 2652 ed.
1504 2612 1528 2651 7
1560 2608 1733 2652 micant
1762 2621 1914 2652 aereos

221 2669 341 2713 ensis
371 2668 426 2712 V.
534 2672 560 2711 8
593 2667 875 2724 quoniam—
895 2670 919 2709 9
949 2668 1137 2712 transiit
1175 2682 1263 2712 om.
1297 2667 1368 2712 ed.
1479 2670 1534 2710 10
1566 2680 1723 2710 aereus
1752 2680 1802 2710 os
1823 2680 1913 2722 pro

220 2730 340 2782 ferro
372 2727 414 2770 V
454 2741 605 2772 aereos
635 2739 723 2782 pro
759 2726 882 2780 ferro
920 2726 1128 2770 habuisse
1160 2726 1248 2770 OU
1288 2740 1338 2771 os
1362 2739 1448 2783 pro
1478 2727 1600 2781 ferro
1629 2726 1838 2769 habuisse
1869 2725 1913 2767 H

221 2801 297 2830 aes
320 2800 408 2842 pro
438 2787 472 2841 f.
497 2788 538 2831 h.
572 2786 644 2830 ed.
768 2789 820 2828 11
854 2785 1040 2829 Nursae
1079 2785 1149 2830 ed.
1281 2791 1337 2829 14
1374 2786 1538 2843 iuquat
1573 2797 1657 2840 pro
1695 2785 1827 2828 iuvat
1856 2783 1910 2827 V.

223 2850 276 2888 17
310 2847 415 2890 huic
438 2845 480 2888 V
510 2847 620 2890 haec
650 2844 721 2888 ed.
817 2847 873 2886 25
904 2845 1140 2888 maraviae
1170 2847 1330 2900 (supra
1359 2846 1424 2901 rr)
1450 2843 1504 2889 V.
1541 2842 1546 2901 Ι
1580 2843 1834 2898 redemptus
1855 2841 1910 2887 V.

224 2909 278 2947 27
311 2906 505 3006 inserere
527 2904 570 2947 V
601 2904 856 2949 immitteret
887 2902 958 2946 ed.
996 2903 1000 2961 Ι
1031 2905 1240 2959 placaret
1262 2903 1304 2947 V
1335 2917 1390 2948 ac
1413 2905 1479 2959 pl.
1513 2902 1584 2947 ed.
1691 2905 1748 2945 28
1779 2915 1911 2946 cura-

223 2968 291 3007 ret
388 2969 430 3007 et
460 2978 495 3008 c.
531 2963 601 3007 ed.
