2050 3226
27 972 114 1005 ,10

71 1342 112 1375 15

22 1714 112 1747 ·20

68 2095 110 2128 25

797 149 1102 196 AENEmos
1132 150 1197 195 XI
1734 153 1843 208 503

147 291 398 338 moenibus
435 290 580 338 urbes
619 304 863 352 accepere:
911 290 1075 339 noluit
1110 290 1183 339 ire
1223 289 1287 338 ad
1326 289 1550 352 aliquam
1588 291 1844 341 civitatem

148 380 239 413 nec
274 365 353 412 uti
390 365 704 427 privatorum
744 366 889 414 tectis
937 366 1025 413 aut
1072 363 1329 413 moenibus
1379 364 1590 428 publicis
1640 369 1845 429 propter

149 454 350 488 causam
379 438 530 502 fugae
563 441 614 487 et
642 438 799 487 filiam
836 438 1176 501 nutriendam,
1214 439 1295 488 vel
1326 438 1447 502 quia
1478 439 1699 502 pudebat
1730 457 1843 489 eum

149 513 311 562 solum
359 511 518 562 videri
562 515 677 576 post
727 529 935 577 regnum
982 514 1275 562 servientem
1323 513 1550 562 sordibus
1601 515 1652 562 et
1704 515 1843 563 cunis

146 586 368 636 infantis.
421 601 573 648 neque
602 588 707 646 ipse
736 602 916 636 manus
937 588 1130 647 feritate
1153 588 1358 636 dedisset
1380 591 1664 648 pastorum:
1693 584 1731 652 †
1755 604 1844 637 nec

148 660 473 710 consensisset
503 661 700 710 feritate
736 664 993 725 pastorum
1024 662 1181 711 vitam
1213 661 1414 723 ducere,
1444 662 1539 710 hoc
1571 664 1647 711 est
1676 663 1843 712 vivere

146 738 406 798 pastorum
441 751 606 797 more,
659 738 747 798 qui
784 736 1002 784 ferarum
1046 736 1151 784 ritu
1187 735 1241 784 in
1287 735 1554 785 solitudine
1601 751 1656 785 ac
1703 737 1842 785 silvis

144 810 434 874 transigunt
471 810 640 859 vitam.
695 810 922 872 sequitur
960 814 1003 858 et
1038 811 1156 858 solis
1194 811 1345 872 eoeeyit
1372 811 1615 859 montibus
1646 825 1844 859 aevum:

146 886 196 933 et
227 900 422 933 omnem
453 885 611 933 vitam
643 899 785 932 suam
813 884 865 932 in
898 885 1167 933 solitudine
1197 885 1444 933 montium
1475 900 1534 934 ac
1564 885 1843 934 desertione

143 959 413 1023 transegit3
443 959 596 1007 talem
627 958 759 1007 enim
789 960 948 1007 vitam
977 962 1203 1021 pastores
1227 959 1430 1020 ducunt,
1462 974 1586 1021 quos
1613 960 1843 1008 imitatus

145 1035 220 1081 est
242 1032 486 1081 Metabus,
539 1034 707 1095 potest
737 1035 786 1081 et
816 1034 888 1081 sic
917 1032 1144 1097 intellegi
1167 1033 1286 1082 solis
1309 1033 1587 1095 montibus,
1617 1036 1676 1082 ut
1701 1034 1842 1083 nullo

143 1109 364 1170 tempore
413 1107 547 1156 vitae
597 1122 715 1156 suae
764 1106 1024 1171 reliquerit
1070 1108 1254 1156 montis
1308 1109 1513 1170 propter
1562 1107 1843 1170 praedictas

145 1196 342 1243 causaS,
380 1181 586 1244 pudoris
624 1181 812 1230 scilicet
848 1183 899 1230 et
927 1182 1137 1230 timoris.
1197 1182 1275 1230 hic
1303 1185 1497 1230 natam:
1535 1181 1632 1230 duo
1664 1198 1843 1245 propo·
1861 1189 1946 1230 570

145 1255 267 1317 suit,
306 1256 469 1304 locum
510 1258 560 1304 et
589 1270 873 1318 personam,
911 1255 1169 1318 respondit
1198 1256 1332 1318 locO,
1372 1257 1430 1303 ut
1461 1257 1691 1304 ostendat
1723 1255 1844 1318 quid

144 1331 212 1379 sit
259 1330 340 1378 hic
395 1330 474 1379 vel
530 1347 677 1392 quem
728 1329 951 1378 laborem
1003 1329 1291 1392 pertulisset
1343 1330 1428 1378 ille
1481 1331 1535 1378 in
1588 1330 1842 1380 montibus

143 1403 366 1453 nutriens
390 1404 548 1452 filiam
571 1403 876 1468 vagientem:
906 1405 962 1452 in
984 1405 1146 1452 dwmis
1169 1405 1357 1466 inquit:
1389 1420 1498 1453 ecce
1522 1420 1621 1452 non
1644 1406 1843 1453 tantum

143 1478 347 1527 deerant
370 1479 614 1527 stramina
638 1495 764 1542 quae
787 1478 973 1527 iacenti
1004 1478 1150 1527 subdi
1172 1479 1455 1541 potuissent
1484 1495 1657 1528 verum
1689 1480 1842 1528 etiam

143 1551 281 1601 dumi
327 1555 620 1615 supererant
666 1554 755 1615 qui
805 1555 1059 1615 nocerent3
1109 1554 1326 1614 interque
1369 1553 1616 1602 horrentia
1663 1553 1819 1602 lustra
1827 1571 1844 1601 .-

143 1642 257 1675 cum
295 1627 397 1676 sint
426 1627 586 1675 lustra
623 1627 678 1674 in
710 1626 892 1690 quibus
923 1627 1058 1675 ferae
1091 1627 1318 1675 cubitant
1347 1628 1525 1675 merito
1560 1627 1842 1690 metuenda,

144 1700 327 1750 adiecit
357 1701 625 1763 horrentia,
655 1703 714 1750 ut
742 1702 834 1750 illa
857 1702 1138 1750 ostenderet
1161 1702 1378 1750 ferarum
1401 1700 1554 1750 fuisse
1582 1702 1842 1763 maiorum,

144 1775 324 1838 quibus
356 1775 517 1824 acrior
546 1777 728 1824 natura
752 1779 828 1824 est
851 1778 901 1824 et
931 1775 1148 1824 deterior
1169 1775 1358 1838 rabies3
1389 1791 1478 1823 nec
1499 1775 1665 1825 minus
1689 1776 1841 1824 etiam

141 1849 270 1898 illud
309 1849 570 1912 expressit,
610 1849 731 1912 quid
770 1850 837 1899 sit
875 1850 993 1899 solis
1032 1850 1306 1911 montibus,
1345 1851 1520 1912 utpote
1551 1849 1641 1912 qui
1679 1852 1843 1899 essent

143 1925 247 1972 sine
278 1923 476 1973 homine
507 1924 779 1973 bestiarum
808 1924 1087 1972 inmanium
1118 1939 1282 1973 causa.
1337 1924 1475 1973 venit
1503 1924 1604 1972 iam
1638 1924 1701 1972 ad
1731 1941 1840 1987 per-

143 2014 291 2047 sonae
338 1999 608 2060 rationem,
658 2000 719 2047 ut
768 1998 1130 2048 demonstraret
1179 1997 1596 2061 quemadmodum
1643 1997 1697 2045 in
1735 2001 1842 2047 tam

142 2072 267 2120 dura
311 2073 549 2122 vastitate
595 2072 855 2136 regionum
898 2074 1066 2136 puella
1104 2074 1296 2121 nutrita
1336 2075 1485 2121 esset:
1540 2073 1839 2130 armentalis,

141 2146 328 2210 inquit,
368 2161 516 2206 equae
544 2148 773 2195 mammis
804 2150 847 2194 et
874 2148 994 2195 laete
1024 2148 1182 2205 ferino
1213 2147 1452 2204 nutribat,
1486 2146 1655 2195 alebat
1684 2147 1842 2194 filiam

141 2238 240 2270 non
278 2221 497 2269 humano
536 2221 686 2282 lacte,
734 2221 856 2283 quia
895 2221 1084 2283 deerat,
1129 2221 1216 2270 sed
1254 2221 1427 2271 ferino.
1491 2221 1671 2283 duplex
1708 2222 1839 2270 ratio

142 2298 217 2344 est
255 2311 341 2343 cur
379 2311 557 2357 equam
594 2295 754 2343 dicere
786 2295 947 2343 voluit
983 2296 1164 2344 feram:
1202 2312 1306 2344 una
1343 2296 1462 2358 quia
1500 2296 1554 2343 in
1583 2294 1684 2342 illis
1717 2294 1838 2344 locis

142 2385 255 2418 cum
301 2369 419 2417 feris
466 2368 677 2433 degebat
721 2368 989 2431 indomita,
1040 2370 1198 2419 altera
1248 2369 1368 2433 quia
1407 2370 1643 2432 equinum
1681 2384 1837 2432 genus

261 2501 286 2539 2
318 2510 401 2541 nec
429 2501 483 2540 nt
504 2494 547 2538 V
576 2509 658 2540 nec
687 2496 758 2540 uti
787 2509 869 2539 nos
901 2501 983 2540 aut
1012 2497 1065 2540 in
1096 2496 1168 2541 ed.
1292 2501 1318 2540 3
1349 2498 1419 2541 vel
1440 2495 1482 2539 V
1512 2495 1739 2551 hospitari
1769 2496 1839 2539 vel

142 2554 213 2599 ed.
307 2559 333 2599 5
364 2569 446 2599 nec
476 2555 835 2599 consensisset—
855 2560 880 2599 6
905 2556 1294 2601 ducere—vivere
1326 2557 1410 2600 etc.
1438 2554 1480 2598 V
1504 2554 1598 2599 ed.:
1631 2553 1749 2598 haec
1782 2567 1838 2598 ex

140 2613 362 2658 lemmate
401 2613 508 2658 elici
547 2628 639 2657 non
677 2627 812 2669 posse
852 2616 899 2658 et
936 2614 995 2658 iis
1035 2628 1156 2671 quae
1192 2615 1252 2659 ad
1285 2628 1482 2671 sequens
1513 2613 1687 2657 lemma
1718 2612 1834 2655 Don.

142 2672 329 2729 scripsit
367 2673 603 2717 contraria
641 2686 741 2716 esse
778 2674 933 2728 patet;
973 2673 1170 2718 fortasse
1205 2676 1313 2730 post
1343 2674 1636 2718 consensisset
1668 2671 1836 2715 distin-

141 2732 378 2789 guendum
409 2734 457 2777 et
488 2730 714 2788 „accipi“
740 2731 1114 2777 subaudiendum
1139 2747 1194 2778 ex
1218 2746 1443 2788 accepere,
1469 2731 1638 2775 debinc
1669 2731 1837 2775 ducens

142 2793 188 2835 et
210 2793 365 2836 vivens
388 2791 684 2836 scribendum
709 2793 793 2846 est,
815 2792 898 2836 sed
922 2805 1104 2837 crucem
1129 2805 1363 2848 apponere
1386 2790 1544 2834 malui.
1632 2794 1655 2833 7
1681 2791 1778 2834 ritu
1794 2788 1836 2831 V

141 2864 261 2895 more
291 2851 362 2895 ed.
400 2851 404 2910 1
439 2852 490 2896 in
522 2865 610 2895 om.
637 2850 708 2894 ed.
795 2855 850 2894 10
881 2852 1272 2896 talem—ducunt
1296 2849 1484 2907 om.HO
1510 2850 1581 2894 ed.
1620 2849 1624 2907 Ι
1660 2862 1771 2904 quos
1793 2848 1835 2891 V

141 2910 260 2965 quod
291 2910 361 2955 ed.
486 2915 540 2954 16
579 2911 732 2965 inquit
769 2923 856 2955 om.
890 2910 962 2955 ed.
1084 2916 1137 2955 21
1172 2916 1213 2955 et
1244 2911 1436 2955 deterior
1465 2910 1615 2954 rabies
1647 2922 1734 2952 om.
1761 2907 1832 2952 ed.

142 2973 197 3012 23
230 2982 373 3014 causa
396 2969 438 3013 V
469 2983 578 3015 casa
609 2968 680 3014 ed.
804 2973 860 3013 28
891 2970 1082 3015 voluerit
1114 2970 1184 3014 ed.
1308 2973 1362 3013 29
1396 2969 1632 3013 indomitis
1663 2967 1734 3012 ed.
