2050 3226
270 184 379 238 532
743 182 976 228 DONATI
1005 182 1284 227 INTERPR.
1309 182 1491 227 VERG.

269 322 450 372 dixisse
488 322 748 385 videatur3
789 322 862 372 ait
899 322 1031 371 enim
1069 316 1226 389 (648)
1266 324 1358 384 „at
1394 322 1580 372 medias
1618 322 1751 372 inter
1787 322 1960 372 caedes

269 397 461 446 exultat
495 398 718 446 Amazon
755 413 911 445 unum
949 398 1117 445 exerta
1153 395 1334 444 latuS.“
1409 412 1518 445 ecce
1555 397 1668 460 ipsa
1705 399 1847 460 parte
1885 397 1959 446 in·

267 471 406 520 teriit
450 488 600 534 quam
646 471 824 519 habuit
867 470 1069 518 nudam.
1153 470 1329 519 dehinc
1379 470 1512 520 dicta
1549 473 1625 520 est
1661 472 1960 534 pharetram,

268 561 460 607 arcum,
512 544 725 594 securim
777 546 929 606 atque
982 545 1181 593 hastam
1227 544 1458 594 habuisse
1507 543 1684 608 hisque
1734 545 1960 593 omnibus

165 628 252 669 805
267 635 359 669 usa
405 635 508 668 esse
553 620 832 667 monstrata
881 620 971 667 est.
1055 622 1350 667 concurrunt
1395 619 1612 679 trepidae
1650 620 1841 667 comites
1879 619 1960 667 do-
2014 630 2034 663 5

265 695 544 752 ruinamque
581 696 798 740 ruentem
828 693 1124 753 suscipiunt:
1153 693 1374 755 trepidas
1405 696 1536 741 recte
1566 694 1751 756 posuit,
1783 695 1959 756 utpote

267 784 396 831 quae
451 767 612 815 adhuc
663 767 911 815 nescirent
962 767 1163 830 plenam
1215 767 1319 815 vim
1379 782 1571 816 causae.
1660 768 1790 829 fuyit
1849 770 1961 815 ante
2049 815 2050 837 Χ

266 843 423 890 omnis
461 841 715 889 exterritus
752 839 978 889 Arruns:
1017 842 1132 889 ante
1172 842 1330 890 omnis
1369 841 1463 890 hoc
1501 843 1578 890 est
1615 841 1840 890 omnibus
1881 856 1959 889 ac-

265 916 398 964 tibus
450 915 679 963 dimissis
769 915 954 964 laetitia
999 916 1239 975 mixtoque
1283 919 1436 963 metu:
1472 916 1634 964 laetus
1680 916 1803 977 fuit,
1842 915 1961 978 quia
2008 980 2010 982 v

265 991 520 1052 arreptum
559 990 877 1052 conpleverat
915 989 1234 1050 desiderium,
1264 989 1519 1038 metuebat
1549 991 1718 1039 autem
1753 1005 1815 1037 ne
1847 989 1959 1053 quis
1993 1001 2050 1034 101

265 1065 400 1113 ultor
431 1065 702 1127 emergeret
731 1063 811 1112 vel
842 1079 902 1111 ne
932 1064 1023 1111 illa
1054 1064 1124 1112 sic
1154 1064 1256 1112 icta
1280 1066 1428 1128 esset,
1460 1065 1521 1112 ut
1549 1063 1753 1113 viveret.
1806 1078 1960 1127 usque

267 1138 390 1187 adeo
428 1138 540 1201 ipsa
577 1138 678 1186 fuit
714 1138 881 1199 potior
918 1153 1068 1186 causa
1105 1137 1349 1202 fugiendi,
1387 1140 1447 1186 ut
1492 1139 1717 1186 secutum
1762 1138 1828 1186 sit
1875 1151 1962 1186 nec

264 1213 368 1260 iarn
398 1213 611 1272 amplius
634 1212 803 1260 hastae
826 1212 1016 1260 credere
1038 1226 1125 1260 nec
1146 1212 1252 1260 telis
1275 1226 1523 1260 occurrere
1551 1212 1758 1273 viminis
1790 1211 1961 1270 audet,-

265 1302 365 1335 non
404 1287 537 1335 enim
575 1285 804 1334 credebat
840 1285 950 1348 ipso
989 1287 1192 1335 vulnere
1230 1287 1541 1334 morituram.
1621 1300 1679 1334 ac
1714 1286 1845 1334 vemt
1879 1285 1960 1333 ille

163 1368 250 1409 810
256 1362 405 1421 prius
444 1375 592 1419 quam
629 1360 724 1408 tela
761 1360 964 1408 inimica
1000 1364 1268 1420 sequantur
1306 1361 1528 1409 continuo
1559 1361 1615 1408 in
1651 1360 1828 1408 montis
1858 1373 1960 1408 sese
1991 1369 2033 1403 15

266 1435 409 1483 avius
454 1434 644 1482 abdidit
688 1434 811 1482 altos
856 1435 1007 1482 occiso
1045 1438 1246 1494 pastore
1292 1435 1438 1494 lupus
1482 1448 1717 1495 maynove
1760 1434 1959 1482 iuvenco

266 1509 484 1557 conscius
523 1508 729 1556 audacis
764 1509 886 1568 facti
923 1509 1224 1568 caudamque
1267 1509 1536 1557 remulcens
1580 1507 1780 1556 subiecit
1813 1508 1960 1567 pavi-

265 1586 446 1631 tantem
482 1585 616 1630 utero
655 1582 900 1641 silvasque
930 1583 1122 1642 petivit,
1162 1583 1283 1630 haut
1318 1597 1455 1630 secus
1487 1597 1543 1630 ex
1581 1582 1733 1630 oculis
1770 1595 1821 1629 se
1859 1584 1959 1630 tur-

163 1666 248 1706 815
266 1657 408 1705 bidus
447 1656 646 1704 abstulit
674 1654 875 1704 Arruns
913 1659 1249 1716 contentusque
1278 1657 1402 1717 fuya
1430 1656 1603 1704 mediis
1633 1669 1684 1703 se
1712 1656 1961 1704 inmiscuit

265 1732 442 1779 armis:
479 1730 771 1792 parabolam
810 1730 1025 1792 sumpsit
1070 1730 1176 1779 eius
1223 1730 1454 1778 animalis
1501 1730 1635 1792 quod
1681 1730 1749 1777 sit
1795 1730 1958 1778 audax
1990 1742 2033 1774 20

265 1804 328 1852 ad
381 1804 665 1853 faciendum
716 1806 767 1852 et
819 1805 941 1852 satis
994 1805 1333 1869 temerarium,
1386 1803 1621 1852 timidum
1674 1818 1791 1852 sane
1844 1805 1960 1866 post

264 1880 474 1940 factum3
513 1895 631 1927 nam
667 1878 818 1926 habet
854 1879 1135 1926 naturalem
1164 1879 1483 1940 industriam,
1515 1880 1595 1939 ut,
1628 1877 1717 1926 ubi
1748 1877 1868 1940 quid
1906 1892 1957 1926 se

265 1953 536 2001 adverterit
559 1952 816 2001 admisisse
841 1952 976 2015 quod
999 1954 1160 2014 possit
1183 1954 1271 2000 aut
1294 1952 1474 2000 debeat
1503 1952 1760 2012 vindicari,
1785 1951 1959 2015 fugam

264 2043 354 2089 per
383 2027 678 2075 solitudines
709 2028 862 2089 petat.
916 2027 1010 2074 hoc
1040 2027 1232 2075 Arruns
1263 2027 1492 2075 imitatus
1526 2026 1727 2089 aufugit
1757 2027 1808 2072 et
1838 2040 1958 2086 sese,

264 2102 324 2148 ut
380 2101 576 2148 facilius
639 2100 885 2161 latitaret,
947 2102 1173 2151 catervae
1235 2101 1559 2149 commiscuit.
1655 2100 1746 2147 illa
1803 2114 1958 2147 manu
1988 2111 2031 2144 25

262 2175 474 2222 moriens
512 2175 658 2221 telum
688 2175 859 2222 tralu‘t:
896 2191 995 2223 non
1028 2174 1152 2223 dixit
1185 2176 1352 2224 educit
1383 2177 1471 2223 aut
1499 2175 1656 2236 rapit3
1694 2174 1787 2222 hoc
1825 2173 1956 2220 enim

265 2263 435 2296 eorum
482 2251 557 2296 est
603 2248 690 2309 qui
734 2248 954 2296 nondum
998 2251 1238 2312 urgentur
1283 2250 1337 2297 in
1381 2251 1604 2296 mortem.
1680 2247 1838 2295 trahit
1881 2246 1956 2294 in-

265 2322 398 2385 quit,
436 2324 496 2370 ut
534 2322 731 2370 defectu
761 2323 870 2384 ipso
904 2322 1184 2370 ostenderet
1213 2324 1520 2371 morientem.
1574 2335 1689 2369 ossa
1718 2320 1803 2368 sed
1831 2321 1958 2367 inter

263 2398 453 2456 ferreus
492 2396 558 2444 ad
597 2399 751 2443 costas
790 2397 885 2443 alto
924 2400 1021 2444 stat
1056 2398 1255 2444 vulnere
1291 2411 1481 2444 mucro:
1527 2394 1758 2458 cupiebat
1801 2394 1957 2442 telum

265 2471 542 2531 extrahere,
594 2470 678 2517 sed
731 2469 936 2517 infixum
989 2470 1179 2519 ossibus
1234 2471 1421 2518 sermm
1475 2469 1626 2518 altius
1680 2467 1953 2516 tenebatur.
1987 2482 2030 2515 30

266 2545 447 2592 labitur
492 2544 749 2604 exanyuis‘,
799 2544 1031 2591 labuntur
1074 2545 1262 2606 friyida
1308 2545 1394 2592 leto
1442 2544 1654 2592 lumina:
1701 2541 1955 2590 recedente

265 2634 353 2681 per
390 2618 587 2680 lapsum
626 2616 866 2681 sanguine
899 2618 1028 2665 oculi
1060 2634 1258 2680 quoque
1288 2618 1542 2666 morientis
1574 2616 1872 2664 labebantur
1901 2617 1954 2663 in

265 2694 489 2739 mortem.
551 2705 834 2751 purpureus
873 2692 1118 2749 quondam
1156 2693 1284 2740 color
1320 2707 1409 2740 ora
1446 2691 1661 2750 reliquit:
1700 2689 1954 2737 deficiente

386 2822 410 2860 6
442 2823 595 2873 utpote
627 2831 714 2861 om.
741 2817 812 2861 ed.
906 2821 932 2859 8
964 2818 1140 2861 actibus
1163 2817 1206 2861 V
1228 2818 1337 2862 aliis
1360 2818 1431 2861 ed.
1457 2820 1692 2861 actutum?
1786 2819 1839 2858 13
1873 2820 1956 2859 aut

265 2877 366 2920 telis
397 2879 559 2920 contra
590 2879 789 2920 metrum
813 2875 867 2919 V.
992 2881 1044 2919 15
1078 2890 1168 2920 esse
1198 2890 1282 2932 pro
1313 2891 1404 2921 sese
1427 2876 1482 2920 V.
1612 2879 1665 2918 16
1705 2887 1954 2931 maynoque

265 2935 341 3038 {3de
373 2994 430 3037 ed
446 2939 500 2978 19
531 2935 637 2992 fuye
660 2935 716 2979 V.
826 2939 880 2978 31
913 2937 1143 2991 etsanyuis
1166 2935 1220 2979 V.
1337 2940 1391 2979 32
1424 2935 1695 2980 labebuntur
1718 2932 1759 2976 V
1791 2934 1952 2977 labwn-
