2050 3226
261 180 369 234 308
733 176 966 222 DONATI
994 177 1061 222 IN
1062 177 1273 222 TERPR.
1299 177 1479 222 VERG.

259 317 559 366 narrationis
601 333 752 380 quam
790 320 905 380 post
941 317 1088 365 finem
1118 317 1239 365 noni
1268 317 1384 365 libri
1415 319 1610 366 concilii
1642 318 1946 369 describendi

260 407 412 441 causa
464 392 733 440 dimiserat.
827 391 1059 452 denique,
1121 391 1164 439 si
1219 391 1341 440 haec
1401 392 1758 441 subtrahantur
1818 410 1944 456 quae

258 466 451 528 Venus,
503 466 631 514 Iuno
687 481 743 513 ac
795 465 1025 534 Iuppiter
1085 465 1268 513 elocuti
1321 467 1458 527 sunt,
1519 467 1944 516 continuabuntur

258 541 424 589 omnia
465 556 590 603 quae
630 539 688 586 de
729 541 1003 588 castrorum
1043 540 1405 603 expugnatione
1452 540 1754 588 dicebantur.
1818 541 1944 590 dixit

256 615 414 678 igitur
452 631 579 677 quae
618 613 795 661 Rutuli
831 613 1144 674 molirentur,
1184 613 1466 662 laborantes
1506 614 1695 663 scilicet
1740 619 1944 678 propter
1995 629 2015 663 5

254 687 568 737 inferendum
608 688 781 736 castris
821 704 910 750 per
946 687 1172 734 flammas
1212 687 1457 736 excidium
1496 690 1546 736 et
1582 689 1942 752 procurandam

254 763 508 811 hominum
555 777 736 810 necem.
814 777 926 809 cum
975 763 1106 809 enim
1154 761 1285 810 inter
1333 762 1450 810 deos
1499 763 1756 824 praedicta
1806 779 1940 828 gere-

176 889 180 892 ,
253 839 438 898 rentur,
469 836 766 884 bellantium
798 835 966 884 studia
996 851 1096 884 non
1129 836 1435 897 quieverant,
1467 852 1523 885 eo
1557 838 1718 885 acrius
1751 854 1809 884 ex
1838 838 1940 885 Ru-

253 912 472 959 tulorum
511 912 674 973 parte,
707 909 840 975 quod
878 910 1080 957 illorum
1110 909 1312 958 fortuna
1342 911 1620 973 promptior
1652 912 1940 975 apparebat.

254 985 376 1033 dicit
413 986 513 1033 iam
556 984 676 1046 quid
715 986 888 1032 contra
925 984 979 1031 in
1011 984 1339 1032 Troianorum
1379 987 1522 1046 parte
1553 1000 1776 1047 sperasse
1807 986 1939 1034 vide·
1973 1000 2015 1033 10

151 1061 444 1108 morentur:
485 1062 537 1107 at
574 1059 691 1119 Zeyio
730 1056 1019 1106 Aeneadum
1057 1058 1202 1106 vallis
1239 1060 1434 1106 obsessa
1472 1061 1657 1106 tenetur
1700 1074 1787 1107 uec
1830 1074 1940 1120 spes

251 1134 356 1181 ulla
392 1134 553 1194 fuyae.
633 1134 876 1194 quantum
925 1132 1062 1180 valet
1109 1133 1265 1194 fossa,
1315 1134 1374 1181 ut
1423 1133 1678 1181 interiores
1729 1133 1940 1196 muniat,

251 1207 473 1268 tantum,
513 1210 555 1255 si
596 1207 824 1268 capiatur
863 1205 1076 1267 obsidio,
1107 1207 1390 1255 invenietur
1428 1223 1532 1255 esse
1572 1207 1843 1270 contraria3
1882 1212 1940 1256 ut

251 1283 383 1329 enim
435 1281 488 1329 in
541 1281 781 1329 interiora
841 1279 1087 1328 neminem
1149 1281 1287 1340 sinit,
1348 1282 1422 1329 ita
1484 1284 1726 1344 occupata
1787 1283 1937 1332 armis

249 1355 512 1404 hostilibus
539 1371 840 1417 quemquam
864 1355 995 1402 exire
1018 1370 1117 1401 non
1141 1356 1354 1418 patitur:
1381 1355 1514 1418 quod
1537 1357 1694 1419 igitur
1711 1356 1938 1405 Troianis
1969 1372 2010 1406 15

248 1430 438 1491 profuit
491 1429 553 1478 ad
608 1429 941 1477 defensionem
993 1429 1087 1476 hoc
1140 1429 1309 1477 obesse
1370 1432 1598 1491 coeperat
1658 1429 1937 1479 volentibus

249 1504 469 1553 evadere.
552 1504 718 1551 miseri
764 1506 896 1551 stant
940 1504 1158 1550 turribus
1205 1504 1317 1551 altis
1363 1505 1681 1564 nequicquam
1728 1508 1772 1551 et
1815 1519 1937 1552 rara

245 1593 412 1626 muros
462 1579 652 1625 cinxere
701 1592 901 1625 corona:
951 1576 1174 1638 stabant,
1221 1577 1408 1640 inquit,
1446 1578 1498 1624 in
1538 1578 1653 1626 altis
1692 1577 1934 1626 turribus:

247 1652 635 1701 defendebantur
672 1667 845 1700 earum
876 1650 1163 1712 altitudine,
1196 1651 1280 1699 sed
1310 1652 1517 1713 frustra,
1557 1651 1758 1700 stabant
1789 1654 1934 1714 enim,

245 1728 421 1789 utpote
462 1726 551 1789 qui
597 1727 760 1774 essent
804 1726 953 1787 pauci
1000 1727 1049 1773 et
1095 1725 1183 1787 qui
1230 1726 1463 1774 adversus
1514 1726 1753 1787 plurimos
1799 1726 1935 1775 ultra
1965 1742 2008 1777 20
2049 1746 2050 1772 1

246 1800 439 1862 aliquid
489 1800 668 1848 andere
718 1816 818 1847 non
866 1801 1080 1861 possent.
1171 1815 1278 1848 ecce
1326 1799 1637 1848 inevitabilia
1687 1799 1806 1848 duo:
1844 1817 1934 1848 1100

246 1876 450 1923 consisti
489 1876 620 1923 enim
667 1875 771 1922 sine
818 1873 1033 1936 pernicie
1078 1874 1245 1936 potuit
1290 1874 1646 1922 inminentibus
1693 1890 1751 1922 ex
1799 1876 1934 1922 omni

243 1951 386 2010 parte
424 1948 745 1996 inmoderatis
785 1947 1024 1996 incendiis
1065 1949 1114 1994 et
1153 1947 1386 2010 adempta
1426 1964 1535 2010 spes
1583 1949 1755 2012 fugae,
1804 1965 1932 2011 quae

242 2023 639 2085 periclitantibus
690 2022 818 2069 solet
868 2037 971 2070 esse
1021 2023 1290 2084 praesidio,
1350 2023 1586 2085 quoniam
1635 2022 1932 2070 tenebantur

242 2097 449 2145 obsessi:
493 2096 698 2159 proinde
738 2096 846 2144 sola
883 2096 982 2144 illis
1024 2095 1301 2158 desperatio
1339 2096 1533 2158 reliqua
1572 2095 1681 2144 fuit.
1737 2098 1786 2144 et
1815 2112 1930 2144 rara
1962 2110 2004 2145 25

239 2186 407 2219 muros
471 2172 662 2218 cinxere
726 2185 927 2218 corona:
988 2171 1184 2218 tantum
1246 2171 1360 2218 illos
1415 2170 1597 2220 diversi
1648 2185 1790 2218 casus
1846 2170 1929 2217 ab·

239 2247 575 2308 sumpserant,
620 2246 677 2291 ut
722 2244 824 2292 rari
870 2244 1157 2292 viderentur
1201 2245 1253 2291 in
1292 2245 1465 2292 muris.
1549 2259 1658 2292 0000
1697 2244 1929 2306 exprimit

240 2319 363 2382 quid
403 2318 468 2367 sit
505 2318 628 2366 rari:
669 2317 873 2366 dicendo
916 2319 1046 2365 enim
1079 2318 1299 2382 singulos
1333 2321 1383 2366 et
1412 2319 1614 2366 nomina
1646 2317 1929 2380 specialiter

238 2393 568 2441 enumerando
615 2393 875 2440 raritatem
921 2393 1083 2454 ipsam
1131 2393 1381 2440 evidenter
1427 2393 1678 2454 expressit.
1755 2391 1927 2439 Iasius

357 2525 379 2562 1
414 2533 508 2563 uon
538 2519 646 2563 libri
667 2517 721 2561 V.
771 2518 775 2576 Ι
827 2519 1009 2561 concilii
1031 2519 1072 2562 R
1103 2520 1291 2563 concilio
1318 2518 1358 2561 V
1387 2519 1568 2562 consilii
1591 2518 1662 2561 ed.
1755 2523 1782 2561 4
1814 2519 1926 2562 dici-

238 2580 406 2622 bautur
431 2578 526 2622 VR.
660 2581 686 2620 8
726 2591 774 2620 00
797 2576 882 2620 VR
923 2578 1002 2620 sed
1032 2584 1131 2622 erat
1162 2578 1231 2621 ed.
1366 2581 1390 2619 9
1430 2578 1612 2621 illorum
1636 2576 1720 2620 VR
1762 2578 1822 2621 iis
1853 2577 1924 2621 ed.

240 2643 294 2682 10
327 2639 437 2694 quid
460 2637 544 2681 VR
575 2637 693 2693 900οά
724 2636 796 2679 ed.
830 2642 937 2692 quot
967 2637 1038 2680 ed.
1063 2639 1182 2693 post.
1239 2636 1243 2695 Ι
1294 2642 1451 2692 partes
1474 2637 1647 2691 perisse
1674 2635 1755 2679 VR
1789 2642 1926 2692 parte

235 2711 437 2753 sperasse
460 2710 542 2740 nos
566 2702 716 2752 pestes
740 2697 910 2751 perisse
943 2696 1012 2738 ed.
1046 2698 1208 2741 castris
1224 2711 1272 2752 p.
1299 2695 1370 2740 ed.
1395 2697 1514 2750 post.
1610 2700 1662 2738 12
1694 2696 1802 2752 fuye
1826 2695 1920 2738 VR.

239 2761 294 2799 14
325 2757 518 2801 uemiuit
546 2757 658 2800 sinit
687 2755 741 2799 R.
867 2759 919 2797 15
952 2755 1121 2799 dicitur
1145 2755 1228 2798 VR
1260 2755 1330 2799 ed.
1363 2756 1506 2811 igitur
1536 2768 1618 2797 nos
1643 2754 1700 2798 cf.
1728 2759 1796 2808 12,
1824 2758 1922 2798 179.

238 2820 293 2859 16
339 2815 522 2871 profuit
566 2814 651 2858 VR
705 2813 791 2858 edI
836 2813 1067 2869 profuisse
1121 2814 1235 2859 edF.
1412 2818 1465 2856 17
1519 2815 1814 2869 nequisquam
1868 2813 1921 2856 R.

238 2879 292 2918 18
331 2876 506 2930 ciuyere
544 2873 640 2918 VR.
699 2874 702 2931 j
767 2873 931 2929 inquid
968 2874 1064 2918 VR.
1219 2877 1273 2916 23
1319 2887 1395 2928 spe
1435 2872 1517 2915 VR
1564 2873 1634 2917 ed.
1681 2887 1779 2929 spes
1824 2886 1921 2916 nos.

237 2939 292 2976 24
332 2934 706 2989 pereclitantibus
743 2932 838 2975 VR.
899 2932 902 2989 ᾗ
962 2935 1175 2989 quoniam
1213 2931 1297 2976 VR
1342 2946 1480 2988 quum
1526 2931 1597 2975 ed.
1751 2935 1805 2975 25
1853 2932 1921 2975 di-

232 2994 430 3048 speratio
459 2992 513 3036 R.
