<?xml version="1.0" encoding="UTF-8"?>
<!DOCTYPE html PUBLIC "-//W3C//DTD XHTML 1.0 Transitional//EN"
    "http://www.w3.org/TR/xhtml1/DTD/xhtml1-transitional.dtd">
<html xmlns="http://www.w3.org/1999/xhtml" xml:lang="en" lang="en">
 <head>
  <title>
</title>
<meta http-equiv="Content-Type" content="text/html;charset=utf-8" />
  <meta name='ocr-system' content='tesseract 3.04.00' />
  <meta name='ocr-capabilities' content='ocr_page ocr_carea ocr_par ocr_line ocrx_word'/>
</head>
<body>
  <div class='ocr_page' id='page_1' title='image "./interpretationes02donauoft_0492.png"; bbox 0 0 2050 3226; ppageno 0'>
   <div class='ocr_carea' id='block_1_1' title="bbox 228 0 2050 243">
    <p class='ocr_par' dir='ltr' id='par_1_1' title="bbox 228 0 2050 243">
     <span class='ocr_line' id='line_1_1' title="bbox 228 0 2050 243; baseline -0.014 0"><span class='ocrx_word' id='word_1_1' title='bbox 228 187 337 243; x_wconf 87' lang='lat'>488</span> <span class='ocrx_word' id='word_1_2' title='bbox 705 185 935 230; x_wconf 82' lang='lat' dir='ltr'>DONATI</span> <span class='ocrx_word' id='word_1_3' title='bbox 965 185 1244 230; x_wconf 78' lang='lat' dir='ltr'>INTERPR.</span> <span class='ocrx_word' id='word_1_4' title='bbox 1269 185 1449 230; x_wconf 77' lang='lat' dir='ltr'><strong>VERG.</strong></span> <span class='ocrx_word' id='word_1_5' title='bbox 2005 0 2050 215; x_wconf 52' lang='lat' dir='ltr'><strong>m</strong></span> 
     </span>
    </p>
   </div>
   <div class='ocr_carea' id='block_1_2' title="bbox 123 325 2050 1797">
    <p class='ocr_par' dir='ltr' id='par_1_2' title="bbox 123 325 2050 1797">
     <span class='ocr_line' id='line_1_2' title="bbox 221 325 1917 389; baseline 0.001 -17"><span class='ocrx_word' id='word_1_6' title='bbox 221 339 423 386; x_wconf 79' lang='lat' dir='ltr'><em>praeses</em></span> <span class='ocrx_word' id='word_1_7' title='bbox 462 326 592 382; x_wconf 84' lang='lat' dir='ltr'>belli,</span> <span class='ocrx_word' id='word_1_8' title='bbox 641 326 865 374; x_wconf 77' lang='lat' dir='ltr'><em>Tritonia</em></span> <span class='ocrx_word' id='word_1_9' title='bbox 901 327 1060 387; x_wconf 70' lang='lat' dir='ltr'>viryo:</span> <span class='ocrx_word' id='word_1_10' title='bbox 1109 326 1208 374; x_wconf 90' lang='lat' dir='ltr'>tria</span> <span class='ocrx_word' id='word_1_11' title='bbox 1253 328 1527 388; x_wconf 89' lang='lat' dir='ltr'>posuerunt</span> <span class='ocrx_word' id='word_1_12' title='bbox 1565 325 1744 389; x_wconf 91' lang='lat' dir='ltr'>quibus</span> <span class='ocrx_word' id='word_1_13' title='bbox 1783 326 1917 374; x_wconf 89' lang='lat' dir='ltr'>beni·</span> 
     </span>
     <span class='ocr_line' id='line_1_3' title="bbox 228 399 1917 463; baseline 0.001 -16"><span class='ocrx_word' id='word_1_14' title='bbox 228 399 394 448; x_wconf 86' lang='lat' dir='ltr'>volam</span> <span class='ocrx_word' id='word_1_15' title='bbox 430 399 711 461; x_wconf 72' lang='lat' dir='ltr'>redderent,</span> <span class='ocrx_word' id='word_1_16' title='bbox 751 416 880 462; x_wconf 87' lang='lat' dir='ltr'>quae</span> <span class='ocrx_word' id='word_1_17' title='bbox 911 402 1078 447; x_wconf 86' lang='lat' dir='ltr'>tamen</span> <span class='ocrx_word' id='word_1_18' title='bbox 1107 400 1322 461; x_wconf 76' lang='lat' dir='ltr'>tempori</span> <span class='ocrx_word' id='word_1_19' title='bbox 1352 415 1409 448; x_wconf 92' lang='lat' dir='ltr'>ac</span> <span class='ocrx_word' id='word_1_20' title='bbox 1438 415 1677 462; x_wconf 86' lang='lat' dir='ltr'>personae</span> <span class='ocrx_word' id='word_1_21' title='bbox 1710 415 1917 463; x_wconf 88' lang='lat' dir='ltr'>congru-</span> 
     </span>
     <span class='ocr_line' id='line_1_4' title="bbox 227 471 1917 538; baseline 0.001 -17"><span class='ocrx_word' id='word_1_22' title='bbox 227 475 380 522; x_wconf 87' lang='lat' dir='ltr'>erent.</span> <span class='ocrx_word' id='word_1_23' title='bbox 439 473 624 522; x_wconf 88' lang='lat' dir='ltr'>bellum</span> <span class='ocrx_word' id='word_1_24' title='bbox 655 473 784 522; x_wconf 89' lang='lat' dir='ltr'>enim</span> <span class='ocrx_word' id='word_1_25' title='bbox 816 473 1100 538; x_wconf 84' lang='lat' dir='ltr'>gerebatur3</span> <span class='ocrx_word' id='word_1_26' title='bbox 1139 471 1314 522; x_wconf 89' lang='lat' dir='ltr'>debuit</span> <span class='ocrx_word' id='word_1_27' title='bbox 1334 476 1503 538; x_wconf 86' lang='lat' dir='ltr'>rogari</span> <span class='ocrx_word' id='word_1_28' title='bbox 1525 490 1652 537; x_wconf 90' lang='lat' dir='ltr'>quae</span> <span class='ocrx_word' id='word_1_29' title='bbox 1683 473 1736 522; x_wconf 92' lang='lat' dir='ltr'>in</span> <span class='ocrx_word' id='word_1_30' title='bbox 1767 474 1917 523; x_wconf 86' lang='lat' dir='ltr'>armis</span> 
     </span>
     <span class='ocr_line' id='line_1_5' title="bbox 226 546 1917 610; baseline 0 -14"><span class='ocrx_word' id='word_1_31' title='bbox 226 547 498 610; x_wconf 87' lang='lat' dir='ltr'>plurimum</span> <span class='ocrx_word' id='word_1_32' title='bbox 535 550 734 610; x_wconf 88' lang='lat' dir='ltr'>poterat</span> <span class='ocrx_word' id='word_1_33' title='bbox 772 550 823 596; x_wconf 89' lang='lat' dir='ltr'>et</span> <span class='ocrx_word' id='word_1_34' title='bbox 868 547 1095 596; x_wconf 88' lang='lat' dir='ltr'>omnibus</span> <span class='ocrx_word' id='word_1_35' title='bbox 1134 546 1276 596; x_wconf 87' lang='lat' dir='ltr'>bellis</span> <span class='ocrx_word' id='word_1_36' title='bbox 1315 563 1540 610; x_wconf 89' lang='lat' dir='ltr'>praeesse</span> <span class='ocrx_word' id='word_1_37' title='bbox 1580 551 1917 597; x_wconf 86' lang='lat' dir='ltr'>consueverat.</span> 
     </span>
     <span class='ocr_line' id='line_1_6' title="bbox 228 621 1992 687; baseline 0.001 -17"><span class='ocrx_word' id='word_1_38' title='bbox 228 638 354 684; x_wconf 89' lang='lat' dir='ltr'>quae</span> <span class='ocrx_word' id='word_1_39' title='bbox 394 624 562 670; x_wconf 92' lang='lat' dir='ltr'>autem</span> <span class='ocrx_word' id='word_1_40' title='bbox 598 621 651 668; x_wconf 89' lang='lat' dir='ltr'>in</span> <span class='ocrx_word' id='word_1_41' title='bbox 690 637 840 670; x_wconf 89' lang='lat' dir='ltr'>causa</span> <span class='ocrx_word' id='word_1_42' title='bbox 869 622 1077 685; x_wconf 88' lang='lat' dir='ltr'>virginis</span> <span class='ocrx_word' id='word_1_43' title='bbox 1108 621 1275 670; x_wconf 83' lang='lat' dir='ltr'>fuerat</span> <span class='ocrx_word' id='word_1_44' title='bbox 1303 621 1527 685; x_wconf 89' lang='lat' dir='ltr'>roganda</span> <span class='ocrx_word' id='word_1_45' title='bbox 1562 638 1712 684; x_wconf 90' lang='lat' dir='ltr'>quam</span> <span class='ocrx_word' id='word_1_46' title='bbox 1743 621 1918 687; x_wconf 75' lang='lat' dir='ltr'>virgo?</span> <span class='ocrx_word' id='word_1_47' title='bbox 1972 639 1992 672; x_wconf 84' lang='lat'><strong>5</strong></span> 
     </span>
     <span class='ocr_line' id='line_1_7' title="bbox 227 694 1918 760; baseline 0 -16"><span class='ocrx_word' id='word_1_48' title='bbox 227 696 549 760; x_wconf 87' lang='lat' dir='ltr'>subiungitur</span> <span class='ocrx_word' id='word_1_49' title='bbox 601 710 796 744; x_wconf 89' lang='lat' dir='ltr'>summa</span> <span class='ocrx_word' id='word_1_50' title='bbox 848 695 1103 758; x_wconf 87' lang='lat' dir='ltr'>petitionis</span> <span class='ocrx_word' id='word_1_51' title='bbox 1159 710 1215 744; x_wconf 90' lang='lat' dir='ltr'>eo</span> <span class='ocrx_word' id='word_1_52' title='bbox 1266 694 1496 744; x_wconf 87' lang='lat' dir='ltr'>dictionis</span> <span class='ocrx_word' id='word_1_53' title='bbox 1550 712 1726 760; x_wconf 87' lang='lat' dir='ltr'>genere</span> <span class='ocrx_word' id='word_1_54' title='bbox 1783 696 1918 759; x_wconf 91' lang='lat' dir='ltr'>quod</span> 
     </span>
     <span class='ocr_line' id='line_1_8' title="bbox 226 769 1918 833; baseline 0 -15"><span class='ocrx_word' id='word_1_55' title='bbox 226 786 465 833; x_wconf 87' lang='lat' dir='ltr'>personae</span> <span class='ocrx_word' id='word_1_56' title='bbox 503 770 768 817; x_wconf 89' lang='lat' dir='ltr'>mulierum</span> <span class='ocrx_word' id='word_1_57' title='bbox 806 769 1110 819; x_wconf 87' lang='lat' dir='ltr'>conveniret.</span> <span class='ocrx_word' id='word_1_58' title='bbox 1147 772 1323 830; x_wconf 72' lang='lat' dir='ltr'>franye</span> <span class='ocrx_word' id='word_1_59' title='bbox 1359 785 1513 818; x_wconf 74' lang='lat' dir='ltr'>mana</span> <span class='ocrx_word' id='word_1_60' title='bbox 1543 772 1688 818; x_wconf 81' lang='lat' dir='ltr'>telam</span> <span class='ocrx_word' id='word_1_61' title='bbox 1717 771 1918 831; x_wconf 72' lang='lat' dir='ltr'>Phryyii</span> 
     </span>
     <span class='ocr_line' id='line_1_9' title="bbox 123 844 1917 905; baseline 0 -13"><span class='ocrx_word' id='word_1_62' title='bbox 123 858 209 899; x_wconf 88' lang='lat'>485</span> <span class='ocrx_word' id='word_1_63' title='bbox 220 845 487 904; x_wconf 76' lang='lat' dir='ltr'>praedonis</span> <span class='ocrx_word' id='word_1_64' title='bbox 518 847 561 891; x_wconf 78' lang='lat' dir='ltr'>ct</span> <span class='ocrx_word' id='word_1_65' title='bbox 588 844 752 903; x_wconf 81' lang='lat' dir='ltr'>ipsam</span> <span class='ocrx_word' id='word_1_66' title='bbox 778 858 992 903; x_wconf 78' lang='lat' dir='ltr'>pronwm</span> <span class='ocrx_word' id='word_1_67' title='bbox 1021 848 1179 892; x_wconf 77' lang='lat' dir='ltr'>sterne</span> <span class='ocrx_word' id='word_1_68' title='bbox 1207 844 1307 892; x_wconf 81' lang='lat' dir='ltr'>solo</span> <span class='ocrx_word' id='word_1_69' title='bbox 1332 845 1576 905; x_wconf 74' lang='lat' dir='ltr'>porasque</span> <span class='ocrx_word' id='word_1_70' title='bbox 1607 845 1799 904; x_wconf 77' lang='lat' dir='ltr'>effunde</span> <span class='ocrx_word' id='word_1_71' title='bbox 1828 846 1917 893; x_wconf 82' lang='lat' dir='ltr'>sab</span> 
     </span>
     <span class='ocr_line' id='line_1_10' title="bbox 226 917 1917 981; baseline 0 -15"><span class='ocrx_word' id='word_1_72' title='bbox 226 919 353 966; x_wconf 75' lang='lat' dir='ltr'>altis.</span> <span class='ocrx_word' id='word_1_73' title='bbox 406 917 504 966; x_wconf 92' lang='lat' dir='ltr'>tria</span> <span class='ocrx_word' id='word_1_74' title='bbox 534 918 794 980; x_wconf 87' lang='lat' dir='ltr'>postulata</span> <span class='ocrx_word' id='word_1_75' title='bbox 824 919 964 967; x_wconf 88' lang='lat' dir='ltr'>sunt:</span> <span class='ocrx_word' id='word_1_76' title='bbox 996 919 1053 966; x_wconf 91' lang='lat' dir='ltr'>ut</span> <span class='ocrx_word' id='word_1_77' title='bbox 1083 918 1399 981; x_wconf 78' lang='lat' dir='ltr'>frangeretur</span> <span class='ocrx_word' id='word_1_78' title='bbox 1419 918 1579 966; x_wconf 90' lang='lat' dir='ltr'>telum</span> <span class='ocrx_word' id='word_1_79' title='bbox 1603 918 1736 981; x_wconf 90' lang='lat' dir='ltr'>quod</span> <span class='ocrx_word' id='word_1_80' title='bbox 1765 934 1917 966; x_wconf 92' lang='lat' dir='ltr'>manu</span> 
     </span>
     <span class='ocr_line' id='line_1_11' title="bbox 224 991 1992 1056; baseline -0.001 -15"><span class='ocrx_word' id='word_1_81' title='bbox 224 992 460 1054; x_wconf 89' lang='lat' dir='ltr'>portabat</span> <span class='ocrx_word' id='word_1_82' title='bbox 481 991 729 1056; x_wconf 85' lang='lat' dir='ltr'>Phrygius</span> <span class='ocrx_word' id='word_1_83' title='bbox 753 993 960 1055; x_wconf 83' lang='lat' dir='ltr'>praed03</span> <span class='ocrx_word' id='word_1_84' title='bbox 987 991 1235 1056; x_wconf 85' lang='lat' dir='ltr'>Phrygius</span> <span class='ocrx_word' id='word_1_85' title='bbox 1261 994 1312 1039; x_wconf 88' lang='lat' dir='ltr'>et</span> <span class='ocrx_word' id='word_1_86' title='bbox 1333 991 1517 1055; x_wconf 86' lang='lat' dir='ltr'>praedo</span> <span class='ocrx_word' id='word_1_87' title='bbox 1542 992 1917 1041; x_wconf 73' lang='lat' dir='ltr'>deformationis</span> <span class='ocrx_word' id='word_1_88' title='bbox 1949 1009 1992 1040; x_wconf 92' lang='lat'>10</span> 
     </span>
     <span class='ocr_line' id='line_1_12' title="bbox 225 1065 1920 1129; baseline 0 -15"><span class='ocrx_word' id='word_1_89' title='bbox 225 1082 374 1115; x_wconf 90' lang='lat' dir='ltr'>causa</span> <span class='ocrx_word' id='word_1_90' title='bbox 405 1068 522 1115; x_wconf 91' lang='lat' dir='ltr'>sunt</span> <span class='ocrx_word' id='word_1_91' title='bbox 550 1067 731 1128; x_wconf 90' lang='lat' dir='ltr'>posita,</span> <span class='ocrx_word' id='word_1_92' title='bbox 762 1068 979 1115; x_wconf 89' lang='lat' dir='ltr'>ceterum</span> <span class='ocrx_word' id='word_1_93' title='bbox 1001 1066 1205 1115; x_wconf 87' lang='lat' dir='ltr'>Aenean</span> <span class='ocrx_word' id='word_1_94' title='bbox 1228 1065 1500 1115; x_wconf 74' lang='lat' dir='ltr'>debuerant</span> <span class='ocrx_word' id='word_1_95' title='bbox 1529 1066 1712 1129; x_wconf 80' lang='lat' dir='ltr'>dicere3</span> <span class='ocrx_word' id='word_1_96' title='bbox 1742 1067 1920 1116; x_wconf 85' lang='lat' dir='ltr'>volunt</span> 
     </span>
     <span class='ocr_line' id='line_1_13' title="bbox 224 1139 1917 1204; baseline 0.001 -17"><span class='ocrx_word' id='word_1_97' title='bbox 224 1139 355 1188; x_wconf 91' lang='lat' dir='ltr'>enim</span> <span class='ocrx_word' id='word_1_98' title='bbox 393 1156 452 1187; x_wconf 89' lang='lat' dir='ltr'>ex</span> <span class='ocrx_word' id='word_1_99' title='bbox 490 1140 622 1188; x_wconf 89' lang='lat' dir='ltr'>facto</span> <span class='ocrx_word' id='word_1_100' title='bbox 661 1139 857 1189; x_wconf 87' lang='lat' dir='ltr'>Paridis</span> <span class='ocrx_word' id='word_1_101' title='bbox 896 1141 1053 1190; x_wconf 90' lang='lat' dir='ltr'>omnis</span> <span class='ocrx_word' id='word_1_102' title='bbox 1085 1139 1327 1190; x_wconf 85' lang='lat' dir='ltr'>Troianos</span> <span class='ocrx_word' id='word_1_103' title='bbox 1367 1155 1472 1189; x_wconf 87' lang='lat' dir='ltr'>esse</span> <span class='ocrx_word' id='word_1_104' title='bbox 1501 1142 1729 1204; x_wconf 85' lang='lat' dir='ltr'>raptores</span> <span class='ocrx_word' id='word_1_105' title='bbox 1759 1142 1810 1189; x_wconf 89' lang='lat' dir='ltr'>et</span> <span class='ocrx_word' id='word_1_106' title='bbox 1840 1156 1917 1189; x_wconf 91' lang='lat' dir='ltr'>ca-</span> 
     </span>
     <span class='ocr_line' id='line_1_14' title="bbox 223 1213 1918 1279; baseline 0.001 -17"><span class='ocrx_word' id='word_1_107' title='bbox 223 1215 395 1263; x_wconf 88' lang='lat' dir='ltr'>stitate</span> <span class='ocrx_word' id='word_1_108' title='bbox 434 1213 668 1263; x_wconf 87' lang='lat' dir='ltr'>violanda</span> <span class='ocrx_word' id='word_1_109' title='bbox 706 1216 1026 1279; x_wconf 85' lang='lat' dir='ltr'>gravissimos</span> <span class='ocrx_word' id='word_1_110' title='bbox 1064 1214 1315 1277; x_wconf 87' lang='lat' dir='ltr'>inimicos;</span> <span class='ocrx_word' id='word_1_111' title='bbox 1352 1230 1532 1263; x_wconf 92' lang='lat' dir='ltr'>nomen</span> <span class='ocrx_word' id='word_1_112' title='bbox 1569 1214 1765 1263; x_wconf 87' lang='lat' dir='ltr'>Aeneae</span> <span class='ocrx_word' id='word_1_113' title='bbox 1803 1229 1918 1277; x_wconf 89' lang='lat' dir='ltr'>sup-</span> 
     </span>
     <span class='ocr_line' id='line_1_15' title="bbox 222 1288 1917 1351; baseline 0 -14"><span class='ocrx_word' id='word_1_114' title='bbox 222 1304 450 1351; x_wconf 89' lang='lat' dir='ltr'>pressum</span> <span class='ocrx_word' id='word_1_115' title='bbox 489 1291 564 1337; x_wconf 86' lang='lat' dir='ltr'>est</span> <span class='ocrx_word' id='word_1_116' title='bbox 595 1290 646 1336; x_wconf 86' lang='lat' dir='ltr'>et</span> <span class='ocrx_word' id='word_1_117' title='bbox 676 1288 811 1338; x_wconf 89' lang='lat' dir='ltr'>dicta</span> <span class='ocrx_word' id='word_1_118' title='bbox 847 1291 964 1338; x_wconf 90' lang='lat' dir='ltr'>sunt</span> <span class='ocrx_word' id='word_1_119' title='bbox 994 1304 1052 1338; x_wconf 93' lang='lat' dir='ltr'>ea</span> <span class='ocrx_word' id='word_1_120' title='bbox 1083 1305 1212 1351; x_wconf 87' lang='lat' dir='ltr'>quae</span> <span class='ocrx_word' id='word_1_121' title='bbox 1243 1289 1424 1338; x_wconf 90' lang='lat' dir='ltr'>habere</span> <span class='ocrx_word' id='word_1_122' title='bbox 1455 1304 1677 1337; x_wconf 91' lang='lat' dir='ltr'>morsum</span> <span class='ocrx_word' id='word_1_123' title='bbox 1706 1288 1917 1337; x_wconf 85' lang='lat' dir='ltr'>iniuriae</span> 
     </span>
     <span class='ocr_line' id='line_1_16' title="bbox 222 1362 1991 1426; baseline 0.001 -15"><span class='ocrx_word' id='word_1_124' title='bbox 222 1364 515 1426; x_wconf 89' lang='lat' dir='ltr'>potuissent.</span> <span class='ocrx_word' id='word_1_125' title='bbox 571 1365 621 1411; x_wconf 89' lang='lat' dir='ltr'>et</span> <span class='ocrx_word' id='word_1_126' title='bbox 649 1362 817 1426; x_wconf 89' lang='lat' dir='ltr'>ipsum</span> <span class='ocrx_word' id='word_1_127' title='bbox 846 1380 1061 1426; x_wconf 91' lang='lat' dir='ltr'>pronum</span> <span class='ocrx_word' id='word_1_128' title='bbox 1083 1366 1248 1412; x_wconf 89' lang='lat' dir='ltr'>sterne</span> <span class='ocrx_word' id='word_1_129' title='bbox 1271 1364 1391 1425; x_wconf 88' lang='lat' dir='ltr'>s010,</span> <span class='ocrx_word' id='word_1_130' title='bbox 1417 1365 1477 1412; x_wconf 90' lang='lat' dir='ltr'>ut</span> <span class='ocrx_word' id='word_1_131' title='bbox 1507 1364 1740 1412; x_wconf 87' lang='lat' dir='ltr'>confusus</span> <span class='ocrx_word' id='word_1_132' title='bbox 1765 1364 1918 1426; x_wconf 91' lang='lat' dir='ltr'>atque</span> <span class='ocrx_word' id='word_1_133' title='bbox 1950 1379 1991 1412; x_wconf 84' lang='lat'>15</span> 
     </span>
     <span class='ocr_line' id='line_1_17' title="bbox 223 1436 1916 1500; baseline 0 -15"><span class='ocrx_word' id='word_1_134' title='bbox 223 1439 484 1500; x_wconf 90' lang='lat' dir='ltr'>superatus</span> <span class='ocrx_word' id='word_1_135' title='bbox 521 1436 575 1485; x_wconf 91' lang='lat' dir='ltr'>in</span> <span class='ocrx_word' id='word_1_136' title='bbox 613 1438 792 1486; x_wconf 86' lang='lat' dir='ltr'>faciem</span> <span class='ocrx_word' id='word_1_137' title='bbox 832 1438 1050 1500; x_wconf 83' lang='lat' dir='ltr'>caderet3</span> <span class='ocrx_word' id='word_1_138' title='bbox 1088 1439 1181 1486; x_wconf 92' lang='lat' dir='ltr'>hoc</span> <span class='ocrx_word' id='word_1_139' title='bbox 1213 1439 1288 1486; x_wconf 88' lang='lat' dir='ltr'>est</span> <span class='ocrx_word' id='word_1_140' title='bbox 1322 1438 1454 1485; x_wconf 90' lang='lat' dir='ltr'>enim</span> <span class='ocrx_word' id='word_1_141' title='bbox 1483 1453 1696 1499; x_wconf 90' lang='lat' dir='ltr'>pronum</span> <span class='ocrx_word' id='word_1_142' title='bbox 1729 1437 1916 1499; x_wconf 91' lang='lat' dir='ltr'>cadere,</span> 
     </span>
     <span class='ocr_line' id='line_1_18' title="bbox 223 1511 1916 1575; baseline 0.001 -16"><span class='ocrx_word' id='word_1_143' title='bbox 223 1512 280 1559; x_wconf 91' lang='lat' dir='ltr'>ut</span> <span class='ocrx_word' id='word_1_144' title='bbox 309 1511 668 1574; x_wconf 87' lang='lat' dir='ltr'>praecipitatus</span> <span class='ocrx_word' id='word_1_145' title='bbox 699 1512 751 1559; x_wconf 92' lang='lat' dir='ltr'>in</span> <span class='ocrx_word' id='word_1_146' title='bbox 782 1514 935 1574; x_wconf 91' lang='lat' dir='ltr'>caput</span> <span class='ocrx_word' id='word_1_147' title='bbox 963 1513 1160 1561; x_wconf 88' lang='lat' dir='ltr'>vultum</span> <span class='ocrx_word' id='word_1_148' title='bbox 1182 1514 1342 1560; x_wconf 86' lang='lat' dir='ltr'>terrae</span> <span class='ocrx_word' id='word_1_149' title='bbox 1373 1511 1606 1560; x_wconf 91' lang='lat' dir='ltr'>conlidat.</span> <span class='ocrx_word' id='word_1_150' title='bbox 1660 1511 1916 1575; x_wconf 88' lang='lat' dir='ltr'>portisque</span> 
     </span>
     <span class='ocr_line' id='line_1_19' title="bbox 223 1585 1914 1648; baseline 0.001 -15"><span class='ocrx_word' id='word_1_151' title='bbox 223 1585 418 1633; x_wconf 86' lang='lat' dir='ltr'>effunde</span> <span class='ocrx_word' id='word_1_152' title='bbox 466 1585 558 1635; x_wconf 90' lang='lat' dir='ltr'>sub</span> <span class='ocrx_word' id='word_1_153' title='bbox 606 1585 743 1647; x_wconf 89' lang='lat' dir='ltr'>altis,</span> <span class='ocrx_word' id='word_1_154' title='bbox 782 1587 843 1634; x_wconf 90' lang='lat' dir='ltr'>ut</span> <span class='ocrx_word' id='word_1_155' title='bbox 880 1602 936 1634; x_wconf 90' lang='lat' dir='ltr'>eo</span> <span class='ocrx_word' id='word_1_156' title='bbox 975 1586 1072 1635; x_wconf 89' lang='lat' dir='ltr'>loci</span> <span class='ocrx_word' id='word_1_157' title='bbox 1102 1586 1345 1634; x_wconf 88' lang='lat' dir='ltr'>fundatur</span> <span class='ocrx_word' id='word_1_158' title='bbox 1381 1585 1639 1648; x_wconf 89' lang='lat' dir='ltr'>iaceatque</span> <span class='ocrx_word' id='word_1_159' title='bbox 1677 1585 1914 1634; x_wconf 89' lang='lat' dir='ltr'>exanimis</span> 
     </span>
     <span class='ocr_line' id='line_1_20' title="bbox 222 1659 2050 1722; baseline 0.001 -15"><span class='ocrx_word' id='word_1_160' title='bbox 222 1659 355 1708; x_wconf 89' lang='lat' dir='ltr'>unde</span> <span class='ocrx_word' id='word_1_161' title='bbox 402 1659 464 1708; x_wconf 90' lang='lat' dir='ltr'>ab</span> <span class='ocrx_word' id='word_1_162' title='bbox 511 1660 738 1709; x_wconf 90' lang='lat' dir='ltr'>omnibus</span> <span class='ocrx_word' id='word_1_163' title='bbox 785 1660 982 1709; x_wconf 87' lang='lat' dir='ltr'>feminis</span> <span class='ocrx_word' id='word_1_164' title='bbox 1026 1677 1051 1707; x_wconf 90' lang='lat' dir='ltr'>e</span> <span class='ocrx_word' id='word_1_165' title='bbox 1090 1661 1246 1708; x_wconf 89' lang='lat' dir='ltr'>muris</span> <span class='ocrx_word' id='word_1_166' title='bbox 1292 1659 1614 1722; x_wconf 86' lang='lat' dir='ltr'>turribusque</span> <span class='ocrx_word' id='word_1_167' title='bbox 1662 1675 1719 1708; x_wconf 91' lang='lat' dir='ltr'>ac</span> <span class='ocrx_word' id='word_1_168' title='bbox 1756 1659 1915 1722; x_wconf 88' lang='lat' dir='ltr'>portis</span> <span class='ocrx_word' id='word_1_169' title='bbox 2046 1711 2050 1717; x_wconf 70' lang='grc'>,</span> 
     </span>
     <span class='ocr_line' id='line_1_21' title="bbox 224 1733 2050 1797; baseline -0.001 -14"><span class='ocrx_word' id='word_1_170' title='bbox 224 1733 440 1796; x_wconf 84' lang='lat' dir='ltr'>conspici</span> <span class='ocrx_word' id='word_1_171' title='bbox 479 1736 661 1797; x_wconf 88' lang='lat' dir='ltr'>posset.</span> <span class='ocrx_word' id='word_1_172' title='bbox 1947 1750 1990 1782; x_wconf 84' lang='lat'>20</span> <span class='ocrx_word' id='word_1_173' title='bbox 2048 1739 2050 1749; x_wconf 80' lang='lat'><em>²</em></span> 
     </span>
    </p>
   </div>
   <div class='ocr_carea' id='block_1_3' title="bbox 2026 379 2050 1523">
    <p class='ocr_par' dir='ltr' id='par_1_3' title="bbox 2026 379 2050 1523">
     <span class='ocr_line' id='line_1_22' title="bbox 2026 379 2050 1523; baseline 0 0"><span class='ocrx_word' id='word_1_174' title='bbox 2026 379 2050 1523; x_wconf 95' lang='lat' dir='ltr'> </span> 
     </span>
    </p>
   </div>
   <div class='ocr_carea' id='block_1_4' title="bbox 221 1806 1987 2611">
    <p class='ocr_par' dir='ltr' id='par_1_4' title="bbox 221 1806 1987 2611">
     <span class='ocr_line' id='line_1_23' title="bbox 345 1806 1914 1869; baseline -0.001 -13"><span class='ocrx_word' id='word_1_175' title='bbox 345 1806 568 1869; x_wconf 73' lang='lat' dir='ltr'>Oinyitar</span> <span class='ocrx_word' id='word_1_176' title='bbox 596 1810 700 1869; x_wconf 75' lang='lat' dir='ltr'>ipse</span> <span class='ocrx_word' id='word_1_177' title='bbox 731 1811 905 1869; x_wconf 76' lang='lat' dir='ltr'>furens</span> <span class='ocrx_word' id='word_1_178' title='bbox 939 1809 1155 1856; x_wconf 72' lang='lat' dir='ltr'>certatim</span> <span class='ocrx_word' id='word_1_179' title='bbox 1184 1808 1239 1855; x_wconf 77' lang='lat' dir='ltr'>in</span> <span class='ocrx_word' id='word_1_180' title='bbox 1263 1807 1454 1868; x_wconf 76' lang='lat' dir='ltr'>proclia</span> <span class='ocrx_word' id='word_1_181' title='bbox 1486 1807 1710 1855; x_wconf 77' lang='lat' dir='ltr'>Turnus:</span> <span class='ocrx_word' id='word_1_182' title='bbox 1748 1807 1914 1855; x_wconf 87' lang='lat' dir='ltr'>furens</span> 
     </span>
     <span class='ocr_line' id='line_1_24' title="bbox 223 1881 1916 1946; baseline 0 -18"><span class='ocrx_word' id='word_1_183' title='bbox 223 1882 421 1931; x_wconf 87' lang='lat' dir='ltr'>Turnus</span> <span class='ocrx_word' id='word_1_184' title='bbox 459 1883 588 1945; x_wconf 86' lang='lat' dir='ltr'>ipse,</span> <span class='ocrx_word' id='word_1_185' title='bbox 629 1899 775 1944; x_wconf 89' lang='lat' dir='ltr'>quem</span> <span class='ocrx_word' id='word_1_186' title='bbox 813 1883 974 1930; x_wconf 89' lang='lat' dir='ltr'>maior</span> <span class='ocrx_word' id='word_1_187' title='bbox 1009 1882 1250 1946; x_wconf 87' lang='lat' dir='ltr'>tangebat</span> <span class='ocrx_word' id='word_1_188' title='bbox 1285 1882 1552 1930; x_wconf 82' lang='lat' dir='ltr'>necessitas</span> <span class='ocrx_word' id='word_1_189' title='bbox 1589 1881 1730 1942; x_wconf 89' lang='lat' dir='ltr'>belli,</span> <span class='ocrx_word' id='word_1_190' title='bbox 1771 1897 1916 1943; x_wconf 94' lang='lat' dir='ltr'>quem</span> 
     </span>
     <span class='ocr_line' id='line_1_25' title="bbox 222 1955 1915 2019; baseline 0.001 -17"><span class='ocrx_word' id='word_1_191' title='bbox 222 1955 596 2019; x_wconf 86' lang='lat' dir='ltr'>exagitaverant</span> <span class='ocrx_word' id='word_1_192' title='bbox 624 1956 796 2005; x_wconf 89' lang='lat' dir='ltr'>Latini</span> <span class='ocrx_word' id='word_1_193' title='bbox 833 1956 967 2005; x_wconf 88' lang='lat' dir='ltr'>dicta</span> <span class='ocrx_word' id='word_1_194' title='bbox 1004 1958 1055 2004; x_wconf 90' lang='lat' dir='ltr'>et</span> <span class='ocrx_word' id='word_1_195' title='bbox 1083 1956 1236 2004; x_wconf 86' lang='lat' dir='ltr'>nimia</span> <span class='ocrx_word' id='word_1_196' title='bbox 1266 1955 1547 2005; x_wconf 88' lang='lat' dir='ltr'>constantia</span> <span class='ocrx_word' id='word_1_197' title='bbox 1577 1956 1787 2004; x_wconf 90' lang='lat' dir='ltr'>Drancis</span> <span class='ocrx_word' id='word_1_198' title='bbox 1822 1955 1915 2003; x_wconf 90' lang='lat' dir='ltr'>ini-</span> 
     </span>
     <span class='ocr_line' id='line_1_26' title="bbox 221 2029 1915 2092; baseline 0.001 -16"><span class='ocrx_word' id='word_1_199' title='bbox 221 2029 360 2090; x_wconf 83' lang='lat' dir='ltr'>mici,</span> <span class='ocrx_word' id='word_1_200' title='bbox 414 2030 687 2092; x_wconf 90' lang='lat' dir='ltr'>parabatur</span> <span class='ocrx_word' id='word_1_201' title='bbox 734 2031 1060 2080; x_wconf 83' lang='lat' dir='ltr'>instructione</span> <span class='ocrx_word' id='word_1_202' title='bbox 1107 2029 1285 2078; x_wconf 89' lang='lat' dir='ltr'>bellica</span> <span class='ocrx_word' id='word_1_203' title='bbox 1333 2030 1500 2078; x_wconf 88' lang='lat' dir='ltr'>furore</span> <span class='ocrx_word' id='word_1_204' title='bbox 1549 2031 1717 2092; x_wconf 85' lang='lat' dir='ltr'>potius</span> <span class='ocrx_word' id='word_1_205' title='bbox 1765 2045 1915 2092; x_wconf 89' lang='lat' dir='ltr'>quam</span> 
     </span>
     <span class='ocr_line' id='line_1_27' title="bbox 223 2103 1987 2168; baseline 0.001 -17"><span class='ocrx_word' id='word_1_206' title='bbox 223 2103 426 2152; x_wconf 90' lang='lat' dir='ltr'>consilio</span> <span class='ocrx_word' id='word_1_207' title='bbox 465 2107 775 2166; x_wconf 90' lang='lat' dir='ltr'>provocatus.</span> <span class='ocrx_word' id='word_1_208' title='bbox 846 2104 1118 2153; x_wconf 87' lang='lat' dir='ltr'>ducebatur</span> <span class='ocrx_word' id='word_1_209' title='bbox 1157 2103 1288 2151; x_wconf 88' lang='lat' dir='ltr'>enim</span> <span class='ocrx_word' id='word_1_210' title='bbox 1327 2119 1412 2166; x_wconf 90' lang='lat' dir='ltr'>spe</span> <span class='ocrx_word' id='word_1_211' title='bbox 1450 2120 1634 2168; x_wconf 89' lang='lat' dir='ltr'>magna</span> <span class='ocrx_word' id='word_1_212' title='bbox 1671 2104 1914 2164; x_wconf 85' lang='lat' dir='ltr'>vincendi,</span> <span class='ocrx_word' id='word_1_213' title='bbox 1945 2119 1987 2152; x_wconf 79' lang='lat'>25</span> 
     </span>
     <span class='ocr_line' id='line_1_28' title="bbox 222 2178 1915 2241; baseline 0 -16"><span class='ocrx_word' id='word_1_214' title='bbox 222 2179 280 2225; x_wconf 93' lang='lat' dir='ltr'>ut</span> <span class='ocrx_word' id='word_1_215' title='bbox 317 2180 432 2240; x_wconf 90' lang='lat' dir='ltr'>post</span> <span class='ocrx_word' id='word_1_216' title='bbox 467 2178 729 2226; x_wconf 86' lang='lat' dir='ltr'>victoriam</span> <span class='ocrx_word' id='word_1_217' title='bbox 767 2178 1007 2228; x_wconf 87' lang='lat' dir='ltr'>Laviniae</span> <span class='ocrx_word' id='word_1_218' title='bbox 1053 2179 1255 2241; x_wconf 85' lang='lat' dir='ltr'>nuptias</span> <span class='ocrx_word' id='word_1_219' title='bbox 1303 2178 1548 2226; x_wconf 87' lang='lat' dir='ltr'>obtineret</span> <span class='ocrx_word' id='word_1_220' title='bbox 1585 2179 1635 2226; x_wconf 90' lang='lat' dir='ltr'>et</span> <span class='ocrx_word' id='word_1_221' title='bbox 1671 2178 1915 2226; x_wconf 88' lang='lat' dir='ltr'>ultionem</span> 
     </span>
     <span class='ocr_line' id='line_1_29' title="bbox 223 2251 1916 2315; baseline -0.001 -15"><span class='ocrx_word' id='word_1_222' title='bbox 223 2267 495 2315; x_wconf 89' lang='lat' dir='ltr'>congruam</span> <span class='ocrx_word' id='word_1_223' title='bbox 544 2253 597 2299; x_wconf 87' lang='lat' dir='ltr'>in</span> <span class='ocrx_word' id='word_1_224' title='bbox 635 2252 902 2314; x_wconf 89' lang='lat' dir='ltr'>perniciem</span> <span class='ocrx_word' id='word_1_225' title='bbox 940 2252 1149 2301; x_wconf 90' lang='lat' dir='ltr'>Drancis</span> <span class='ocrx_word' id='word_1_226' title='bbox 1191 2254 1448 2300; x_wconf 86' lang='lat' dir='ltr'>exerceret.</span> <span class='ocrx_word' id='word_1_227' title='bbox 1525 2252 1752 2300; x_wconf 81' lang='lat' dir='ltr'>certatim</span> <span class='ocrx_word' id='word_1_228' title='bbox 1789 2251 1916 2299; x_wconf 85' lang='lat' dir='ltr'>dixit</span> 
     </span>
     <span class='ocr_line' id='line_1_30' title="bbox 221 2325 1912 2388; baseline -0.002 -14"><span class='ocrx_word' id='word_1_229' title='bbox 221 2325 432 2374; x_wconf 89' lang='lat' dir='ltr'>instanti</span> <span class='ocrx_word' id='word_1_230' title='bbox 476 2326 835 2388; x_wconf 89' lang='lat' dir='ltr'>properatione.</span> <span class='ocrx_word' id='word_1_231' title='bbox 911 2327 1105 2386; x_wconf 77' lang='lat' dir='ltr'>iamque</span> <span class='ocrx_word' id='word_1_232' title='bbox 1151 2326 1269 2375; x_wconf 84' lang='lat' dir='ltr'>adeo</span> <span class='ocrx_word' id='word_1_233' title='bbox 1316 2326 1556 2374; x_wconf 77' lang='lat' dir='ltr'>Rutulam</span> <span class='ocrx_word' id='word_1_234' title='bbox 1601 2326 1798 2374; x_wconf 77' lang='lat' dir='ltr'>thoraca</span> <span class='ocrx_word' id='word_1_235' title='bbox 1838 2326 1912 2372; x_wconf 79' lang='lat' dir='ltr'>in-</span> 
     </span>
     <span class='ocr_line' id='line_1_31' title="bbox 222 2398 1914 2463; baseline -0.001 -16"><span class='ocrx_word' id='word_1_236' title='bbox 222 2400 369 2448; x_wconf 76' lang='lat' dir='ltr'>datus</span> <span class='ocrx_word' id='word_1_237' title='bbox 405 2398 439 2461; x_wconf 97' lang='lat'><em>[</em></span> <span class='ocrx_word' id='word_1_238' title='bbox 437 2400 573 2448; x_wconf 77' lang='lat' dir='ltr'>aenis</span> <span class='ocrx_word' id='word_1_239' title='bbox 610 2401 833 2448; x_wconf 74' lang='lat' dir='ltr'>horrebat</span> <span class='ocrx_word' id='word_1_240' title='bbox 876 2402 1094 2460; x_wconf 76' lang='lat' dir='ltr'>squamis</span> <span class='ocrx_word' id='word_1_241' title='bbox 1090 2399 1143 2462; x_wconf 89' lang='lat'>]:</span> <span class='ocrx_word' id='word_1_242' title='bbox 1194 2399 1377 2448; x_wconf 90' lang='lat' dir='ltr'>armari</span> <span class='ocrx_word' id='word_1_243' title='bbox 1421 2400 1573 2448; x_wconf 90' lang='lat' dir='ltr'>istum</span> <span class='ocrx_word' id='word_1_244' title='bbox 1618 2399 1914 2463; x_wconf 88' lang='lat' dir='ltr'>generaliter</span> 
     </span>
     <span class='ocr_line' id='line_1_32' title="bbox 223 2470 1987 2537; baseline -0.001 -16"><span class='ocrx_word' id='word_1_245' title='bbox 223 2473 368 2535; x_wconf 86' lang='lat' dir='ltr'>dixit,</span> <span class='ocrx_word' id='word_1_246' title='bbox 406 2473 546 2523; x_wconf 85' lang='lat' dir='ltr'>vadit</span> <span class='ocrx_word' id='word_1_247' title='bbox 583 2490 712 2522; x_wconf 92' lang='lat' dir='ltr'>nunc</span> <span class='ocrx_word' id='word_1_248' title='bbox 752 2475 816 2521; x_wconf 92' lang='lat' dir='ltr'>ad</span> <span class='ocrx_word' id='word_1_249' title='bbox 846 2474 1033 2537; x_wconf 84' lang='lat' dir='ltr'>species</span> <span class='ocrx_word' id='word_1_250' title='bbox 1065 2491 1315 2523; x_wconf 91' lang='lat' dir='ltr'>armorum</span> <span class='ocrx_word' id='word_1_251' title='bbox 1346 2476 1395 2522; x_wconf 88' lang='lat' dir='ltr'>et</span> <span class='ocrx_word' id='word_1_252' title='bbox 1429 2475 1647 2536; x_wconf 86' lang='lat' dir='ltr'>corporis</span> <span class='ocrx_word' id='word_1_253' title='bbox 1677 2470 1910 2520; x_wconf 87' lang='lat' dir='ltr'>membra.</span> <span class='ocrx_word' id='word_1_254' title='bbox 1944 2487 1987 2519; x_wconf 82' lang='lat'>30</span> 
     </span>
     <span class='ocr_line' id='line_1_33' title="bbox 221 2546 1911 2611; baseline -0.001 -16"><span class='ocrx_word' id='word_1_255' title='bbox 221 2549 345 2610; x_wconf 89' lang='lat' dir='ltr'>iam,</span> <span class='ocrx_word' id='word_1_256' title='bbox 391 2548 577 2611; x_wconf 86' lang='lat' dir='ltr'>inquit,</span> <span class='ocrx_word' id='word_1_257' title='bbox 624 2549 878 2596; x_wconf 89' lang='lat' dir='ltr'>thoracem</span> <span class='ocrx_word' id='word_1_258' title='bbox 917 2550 1204 2610; x_wconf 87' lang='lat' dir='ltr'>sumpserat.</span> <span class='ocrx_word' id='word_1_259' title='bbox 1282 2548 1498 2597; x_wconf 89' lang='lat' dir='ltr'>thoracis</span> <span class='ocrx_word' id='word_1_260' title='bbox 1537 2547 1789 2595; x_wconf 90' lang='lat' dir='ltr'>munimen</span> <span class='ocrx_word' id='word_1_261' title='bbox 1828 2546 1911 2594; x_wconf 91' lang='lat' dir='ltr'>ad-</span> 
     </span>
    </p>
   </div>
   <div class='ocr_carea' id='block_1_5' title="bbox 226 2627 581 2634">
    <p class='ocr_par' dir='ltr' id='par_1_5' title="bbox 226 2627 581 2634">
     <span class='ocr_line' id='line_1_34' title="bbox 226 2627 581 2634; baseline 0 0"><span class='ocrx_word' id='word_1_262' title='bbox 226 2627 581 2634; x_wconf 95' lang='lat' dir='ltr'> </span> 
     </span>
    </p>
   </div>
   <div class='ocr_carea' id='block_1_6' title="bbox 217 2657 1912 3068">
    <p class='ocr_par' dir='ltr' id='par_1_6' title="bbox 217 2657 1912 3068">
     <span class='ocr_line' id='line_1_35' title="bbox 342 2657 1911 2716; baseline -0.001 -13"><span class='ocrx_word' id='word_1_263' title='bbox 342 2666 367 2703; x_wconf 85' lang='lat'>5</span> <span class='ocrx_word' id='word_1_264' title='bbox 400 2674 587 2705; x_wconf 83' lang='lat' dir='ltr'>causam</span> <span class='ocrx_word' id='word_1_265' title='bbox 609 2659 652 2702; x_wconf 90' lang='lat' dir='ltr'><strong>V</strong></span> <span class='ocrx_word' id='word_1_266' title='bbox 677 2673 789 2703; x_wconf 85' lang='lat' dir='ltr'>corr.</span> <span class='ocrx_word' id='word_1_267' title='bbox 816 2659 886 2702; x_wconf 88' lang='lat' dir='ltr'>ed.</span> <span class='ocrx_word' id='word_1_268' title='bbox 935 2659 939 2716; x_wconf 90' lang='grc' dir='ltr'>Ι</span> <span class='ocrx_word' id='word_1_269' title='bbox 991 2673 1127 2714; x_wconf 79' lang='lat' dir='ltr'>qaam</span> <span class='ocrx_word' id='word_1_270' title='bbox 1157 2661 1284 2714; x_wconf 72' lang='lat' dir='ltr'>viryo</span> <span class='ocrx_word' id='word_1_271' title='bbox 1306 2658 1349 2701; x_wconf 92' lang='lat' dir='ltr'><strong>V</strong></span> <span class='ocrx_word' id='word_1_272' title='bbox 1373 2673 1460 2702; x_wconf 91' lang='lat' dir='ltr'>om.</span> <span class='ocrx_word' id='word_1_273' title='bbox 1495 2657 1715 2702; x_wconf 86' lang='lat' dir='ltr'>asterisco</span> <span class='ocrx_word' id='word_1_274' title='bbox 1749 2657 1911 2701; x_wconf 86' lang='lat' dir='ltr'>addito</span> 
     </span>
     <span class='ocr_line' id='line_1_36' title="bbox 224 2716 1912 2774; baseline -0.002 -11"><span class='ocrx_word' id='word_1_275' title='bbox 224 2719 293 2763; x_wconf 89' lang='lat' dir='ltr'>ed.</span> <span class='ocrx_word' id='word_1_276' title='bbox 418 2725 442 2763; x_wconf 87' lang='grc'>6</span> <span class='ocrx_word' id='word_1_277' title='bbox 476 2733 524 2763; x_wconf 86' lang='lat' dir='ltr'>eo</span> <span class='ocrx_word' id='word_1_278' title='bbox 548 2718 589 2762; x_wconf 89' lang='lat' dir='ltr'><strong>V</strong></span> <span class='ocrx_word' id='word_1_279' title='bbox 621 2723 664 2763; x_wconf 81' lang='lat' dir='ltr'>et</span> <span class='ocrx_word' id='word_1_280' title='bbox 694 2718 764 2762; x_wconf 90' lang='lat' dir='ltr'>ed.</span> <span class='ocrx_word' id='word_1_281' title='bbox 887 2722 911 2760; x_wconf 83' lang='lat'>9</span> <span class='ocrx_word' id='word_1_282' title='bbox 944 2719 1182 2773; x_wconf 75' lang='lat' dir='ltr'>postulata</span> <span class='ocrx_word' id='word_1_283' title='bbox 1215 2718 1258 2762; x_wconf 91' lang='lat' dir='ltr'><strong>V</strong></span> <span class='ocrx_word' id='word_1_284' title='bbox 1296 2719 1502 2774; x_wconf 78' lang='lat' dir='ltr'>quaesita</span> <span class='ocrx_word' id='word_1_285' title='bbox 1541 2716 1610 2760; x_wconf 90' lang='lat' dir='ltr'>ed.</span> <span class='ocrx_word' id='word_1_286' title='bbox 1742 2719 1797 2759; x_wconf 92' lang='lat'>10</span> <span class='ocrx_word' id='word_1_287' title='bbox 1838 2717 1912 2760; x_wconf 80' lang='lat' dir='ltr'>de-</span> 
     </span>
     <span class='ocr_line' id='line_1_37' title="bbox 217 2774 1910 2834; baseline -0.003 -12"><span class='ocrx_word' id='word_1_288' title='bbox 217 2779 554 2834; x_wconf 77' lang='lat' dir='ltr'>portabationis</span> <span class='ocrx_word' id='word_1_289' title='bbox 577 2777 617 2820; x_wconf 93' lang='lat' dir='ltr'><strong>V</strong></span> <span class='ocrx_word' id='word_1_290' title='bbox 648 2777 990 2832; x_wconf 77' lang='lat' dir='ltr'>deformationis</span> <span class='ocrx_word' id='word_1_291' title='bbox 1025 2777 1080 2820; x_wconf 89' lang='lat' dir='ltr'>ed</span> <span class='ocrx_word' id='word_1_292' title='bbox 1092 2777 1140 2820; x_wconf 82' lang='lat' dir='ltr'>F.</span> <span class='ocrx_word' id='word_1_293' title='bbox 1265 2782 1318 2820; x_wconf 83' lang='lat'>12</span> <span class='ocrx_word' id='word_1_294' title='bbox 1357 2777 1581 2821; x_wconf 77' lang='lat' dir='ltr'>castitatis</span> <span class='ocrx_word' id='word_1_295' title='bbox 1618 2776 1836 2819; x_wconf 75' lang='lat' dir='ltr'>violanda</span> <span class='ocrx_word' id='word_1_296' title='bbox 1871 2774 1910 2816; x_wconf 90' lang='lat' dir='ltr'><strong>V</strong></span> 
     </span>
     <span class='ocr_line' id='line_1_38' title="bbox 223 2833 1908 2882; baseline -0.002 -1"><span class='ocrx_word' id='word_1_297' title='bbox 223 2852 258 2882; x_wconf 84' lang='lat' dir='ltr'>c.</span> <span class='ocrx_word' id='word_1_298' title='bbox 291 2837 533 2881; x_wconf 78' lang='lat' dir='ltr'>violandae</span> <span class='ocrx_word' id='word_1_299' title='bbox 564 2837 635 2880; x_wconf 90' lang='lat' dir='ltr'>ed.</span> <span class='ocrx_word' id='word_1_300' title='bbox 747 2841 801 2880; x_wconf 87' lang='grc'>14</span> <span class='ocrx_word' id='word_1_301' title='bbox 832 2837 1033 2880; x_wconf 75' lang='lat' dir='ltr'>iniuriae</span> <span class='ocrx_word' id='word_1_302' title='bbox 1057 2835 1098 2878; x_wconf 93' lang='lat' dir='ltr'><strong>V</strong></span> <span class='ocrx_word' id='word_1_303' title='bbox 1128 2837 1332 2880; x_wconf 77' lang='lat' dir='ltr'>invidiae</span> <span class='ocrx_word' id='word_1_304' title='bbox 1361 2835 1433 2880; x_wconf 90' lang='lat' dir='ltr'>ed.</span> <span class='ocrx_word' id='word_1_305' title='bbox 1542 2838 1594 2877; x_wconf 88' lang='grc'>19</span> <span class='ocrx_word' id='word_1_306' title='bbox 1626 2834 1746 2878; x_wconf 76' lang='lat' dir='ltr'>ande</span> <span class='ocrx_word' id='word_1_307' title='bbox 1770 2833 1811 2876; x_wconf 95' lang='lat' dir='ltr'><strong>V</strong></span> <span class='ocrx_word' id='word_1_308' title='bbox 1836 2835 1908 2878; x_wconf 89' lang='lat' dir='ltr'>ed.</span> 
     </span>
     <span class='ocr_line' id='line_1_39' title="bbox 222 2893 1908 2948; baseline -0.001 -9"><span class='ocrx_word' id='word_1_309' title='bbox 222 2897 334 2940; x_wconf 80' lang='lat' dir='ltr'>ubi?</span> <span class='ocrx_word' id='word_1_310' title='bbox 433 2900 488 2939; x_wconf 89' lang='grc'>23</span> <span class='ocrx_word' id='word_1_311' title='bbox 514 2897 731 2940; x_wconf 74' lang='lat' dir='ltr'>Drancac</span> <span class='ocrx_word' id='word_1_312' title='bbox 764 2895 834 2939; x_wconf 90' lang='lat' dir='ltr'>ed.</span> <span class='ocrx_word' id='word_1_313' title='bbox 935 2899 990 2937; x_wconf 83' lang='lat'>24</span> <span class='ocrx_word' id='word_1_314' title='bbox 1020 2895 1153 2948; x_wconf 79' lang='lat' dir='ltr'>furor</span> <span class='ocrx_word' id='word_1_315' title='bbox 1175 2894 1217 2937; x_wconf 93' lang='lat' dir='ltr'><strong>V</strong></span> <span class='ocrx_word' id='word_1_316' title='bbox 1241 2908 1354 2938; x_wconf 91' lang='lat' dir='ltr'>corr.</span> <span class='ocrx_word' id='word_1_317' title='bbox 1381 2894 1451 2937; x_wconf 88' lang='lat' dir='ltr'>ed.</span> <span class='ocrx_word' id='word_1_318' title='bbox 1552 2897 1606 2936; x_wconf 89' lang='grc'>26</span> <span class='ocrx_word' id='word_1_319' title='bbox 1641 2894 1831 2937; x_wconf 75' lang='lat' dir='ltr'>latiniae</span> <span class='ocrx_word' id='word_1_320' title='bbox 1854 2893 1908 2937; x_wconf 92' lang='lat' dir='ltr'>V.</span> 
     </span>
     <span class='ocr_line' id='line_1_40' title="bbox 224 2951 1908 3009; baseline -0.002 -12"><span class='ocrx_word' id='word_1_321' title='bbox 224 2960 278 2997; x_wconf 84' lang='lat'>27</span> <span class='ocrx_word' id='word_1_322' title='bbox 312 2955 518 2999; x_wconf 72' lang='lat' dir='ltr'>Drancis</span> <span class='ocrx_word' id='word_1_323' title='bbox 556 2969 645 2998; x_wconf 92' lang='lat' dir='ltr'>om.</span> <span class='ocrx_word' id='word_1_324' title='bbox 678 2955 749 2998; x_wconf 90' lang='lat' dir='ltr'>ed.</span> <span class='ocrx_word' id='word_1_325' title='bbox 872 2957 927 2996; x_wconf 83' lang='lat'>29</span> <span class='ocrx_word' id='word_1_326' title='bbox 960 2954 1369 3009; x_wconf 74' lang='lat' dir='ltr'>aenis—squamis</span> <span class='ocrx_word' id='word_1_327' title='bbox 1400 2952 1530 2996; x_wconf 85' lang='lat' dir='ltr'>deest</span> <span class='ocrx_word' id='word_1_328' title='bbox 1561 2951 1610 2995; x_wconf 91' lang='lat' dir='ltr'>in</span> <span class='ocrx_word' id='word_1_329' title='bbox 1634 2951 1688 3006; x_wconf 87' lang='lat' dir='ltr'>V,</span> <span class='ocrx_word' id='word_1_330' title='bbox 1722 2952 1803 2995; x_wconf 86' lang='lat' dir='ltr'>sed</span> <span class='ocrx_word' id='word_1_331' title='bbox 1835 2965 1908 2995; x_wconf 89' lang='lat' dir='ltr'>ex-</span> 
     </span>
     <span class='ocr_line' id='line_1_41' title="bbox 222 3011 1441 3068; baseline -0.002 -12"><span class='ocrx_word' id='word_1_332' title='bbox 222 3013 439 3068; x_wconf 82' lang='lat' dir='ltr'>plicatur.</span> <span class='ocrx_word' id='word_1_333' title='bbox 563 3018 615 3057; x_wconf 88' lang='lat'>31</span> <span class='ocrx_word' id='word_1_334' title='bbox 651 3015 880 3057; x_wconf 78' lang='lat' dir='ltr'>thoracam</span> <span class='ocrx_word' id='word_1_335' title='bbox 904 3011 945 3055; x_wconf 88' lang='lat' dir='ltr'><strong>V</strong></span> <span class='ocrx_word' id='word_1_336' title='bbox 970 3012 1042 3056; x_wconf 86' lang='lat' dir='ltr'>ed.</span> <span class='ocrx_word' id='word_1_337' title='bbox 1076 3026 1195 3057; x_wconf 85' lang='lat' dir='ltr'>-cem</span> <span class='ocrx_word' id='word_1_338' title='bbox 1226 3012 1298 3057; x_wconf 91' lang='lat' dir='ltr'>ed.</span> <span class='ocrx_word' id='word_1_339' title='bbox 1322 3013 1441 3067; x_wconf 86' lang='lat' dir='ltr'>post.</span> 
     </span>
    </p>
   </div>
  </div>
 </body>
</html>
