2050 3226
78 978 122 1011 1⁰

77 1347 119 1380 15

77 2087 119 2121 25

78 2458 121 2490 ³0

801 151 1107 197 AENEIDOS
1138 151 1201 196 IX
1737 155 1843 210 231

155 294 379 356 herbam,
425 295 485 341 ut
521 308 621 342 non
658 293 759 341 iam
798 291 1152 354 dormientum,
1198 291 1285 341 sed
1321 295 1632 341 mortuorum
1670 293 1848 342 funera

155 369 466 431 putarentur.
553 371 764 416 arrectos
818 367 954 415 litore
990 380 1207 415 currus:
1259 381 1382 428 non,
1435 368 1496 415 ut
1548 367 1675 415 solet
1728 367 1848 416 belli

154 446 398 506 tempore,
444 457 616 491 currus
661 443 866 504 paratos
906 440 1143 490 habentes
1183 439 1247 488 ad
1286 440 1500 505 signum.
1576 441 1703 488 inter
1741 441 1847 490 lora

154 520 378 576 rotasque
413 517 570 564 viros:
606 518 667 563 ut
703 515 844 564 nulla
879 515 1088 564 humani
1115 515 1269 563 moris
1301 514 1550 563 ordinatio
1581 515 1846 564 videretur.

155 591 302 639 simul
339 605 483 638 arma
518 591 698 647 iacere,
743 591 865 638 vina
901 589 1072 637 simul:
1117 589 1258 638 nulla
1302 589 1579 652 specierum
1615 588 1846 638 discretio

155 663 443 727 apparebat,
465 663 735 713 miscuerat
764 664 975 712 ebrietas
1001 679 1128 726 quae
1161 663 1288 712 solet
1318 662 1594 712 sobriorum
1624 663 1848 712 sollertia

154 754 399 801 separare.
466 739 611 799 prior
654 738 950 799 Hyrtacides
987 738 1059 786 sie
1094 751 1176 786 ore
1214 737 1422 785 locutus:
1465 737 1708 799 Euryale,
1759 752 1847 786 au·
1865 749 1950 790 320

153 813 365 860 demtum
417 812 609 869 dextra,
667 827 800 860 nunc
851 813 965 872 ipsa
1016 814 1156 860 vocat
1205 826 1308 860 res.-
1368 811 1608 873 Euryale,
1667 811 1847 875 inquit,

153 886 333 935 audere
388 885 534 935 debet
591 902 769 935 manus
830 886 966 948 quod
1026 887 1273 949 oportuna
1331 887 1580 934 monstrat
1639 885 1847 934 occasio,

150 961 243 1009 hac
278 961 370 1008 iter
406 964 498 1009 est:
548 960 815 1024 aperienda
861 963 938 1009 est
981 976 1070 1023 per
1114 975 1256 1009 neces
1301 960 1523 1009 hostium
1567 959 1653 1009 via
1697 962 1847 1023 atque

149 1035 250 1083 ista
287 1038 430 1098 parte
461 1034 782 1099 pergendum.
844 1038 917 1091 tu,
956 1048 1018 1082 ue
1048 1048 1147 1094 qua
1175 1049 1356 1082 ‘manus
1385 1048 1436 1082 se
1467 1034 1680 1083 attollere
1708 1035 1848 1082 nobis

152 1124 185 1157 a
214 1113 343 1170 teryo
365 1109 545 1169 possit,
586 1110 773 1158 custodi
802 1112 847 1157 et
876 1109 1069 1157 consule
1100 1108 1257 1170 lonye,
1288 1108 1406 1157 haec
1436 1123 1518 1169 eqo
1547 1111 1692 1157 vasta
1721 1108 1847 1156 dabo

152 1186 196 1230 et
232 1183 329 1232 lato
368 1187 412 1231 te
450 1184 598 1232 limite
637 1184 840 1232 ducam:
883 1198 1068 1246 magna
1099 1183 1295 1231 cautela
1325 1184 1376 1231 et
1406 1182 1690 1231 sollicitudo
1722 1183 1845 1231 satis

152 1273 397 1321 superque
435 1257 732 1307 laudabilis:
777 1256 1039 1306 constituti
1082 1257 1214 1305 inter
1259 1272 1342 1306 eos
1381 1257 1580 1305 fuerant
1618 1271 1741 1319 quos
1781 1256 1847 1305 ad

150 1333 456 1380 mortuorum
494 1331 654 1381 vicem
692 1332 941 1381 straverat
977 1346 1178 1380 somnus
1218 1332 1268 1379 et
1297 1331 1490 1392 vinum,
1528 1333 1696 1379 tamen
1733 1345 1845 1394 pro-

150 1406 293 1454 vidus
339 1406 440 1455 fuit
483 1406 659 1468 Nisus,
707 1423 770 1454 ne
818 1406 931 1468 quis
970 1421 1000 1454 a
1037 1407 1179 1470 tergo
1219 1405 1486 1454 adveniens
1532 1405 1844 1467 inprudentis

149 1479 421 1529 invaderet.
499 1496 613 1545 eg0,
658 1479 846 1542 inquit,
892 1479 1116 1542 aperiam
1152 1479 1386 1542 perfectis
1426 1479 1656 1529 caedibus
1694 1479 1845 1541 viam,

149 1557 209 1602 tu
259 1554 466 1617 provide
516 1557 567 1603 et
611 1555 810 1618 longius
862 1553 1075 1616 respice,
1127 1569 1190 1602 ne
1236 1570 1267 1603 a
1310 1557 1452 1618 tergo
1506 1555 1848 1617 opprimamur

148 1627 354 1677 incauti.
413 1645 515 1678 non
545 1629 802 1677 metuebat
831 1628 984 1677 Nisus
1018 1645 1076 1676 ex
1105 1627 1448 1691 praesentibus
1481 1628 1723 1691 aliquem,
1762 1628 1847 1676 sed

150 1718 211 1750 ne
258 1703 483 1752 venirent
530 1703 641 1764 alii,
690 1706 751 1751 ut
794 1718 910 1751 mox
946 1702 1140 1751 factum
1178 1705 1276 1765 est,
1322 1718 1436 1751 cum
1472 1704 1575 1751 iam
1613 1702 1845 1751 caedibus

152 1776 325 1825 satiati
377 1779 429 1826 et
480 1777 654 1840 spoliis
723 1779 893 1826 onusti
954 1776 1273 1826 discederent.
1374 1778 1566 1825 interea
1618 1778 1670 1824 in
1722 1776 1846 1840 ipsis

150 1850 400 1900 mandatis
453 1851 668 1900 hominis
721 1852 872 1915 longo
926 1866 1021 1900 usu
1074 1850 1259 1899 eruditi
1308 1866 1459 1914 quam
1508 1851 1848 1900 doctissimum

149 1924 515 1989 magisterium:
546 1926 708 1990 longe,
737 1927 917 1988 inquit,
948 1926 1189 1988 prospice,
1219 1942 1280 1973 ne
1311 1940 1401 1974 nos
1432 1925 1646 1974 insidiae
1675 1941 1847 1988 repen·

150 1999 285 2048 tinae
317 1999 623 2062 opprimant,
653 2002 714 2049 ut
741 1999 962 2048 medium
1000 1999 1135 2062 quod
1163 1999 1400 2049 interesse
1432 2001 1654 2063 spatium
1679 2001 1848 2062 posset

151 2073 394 2122 evadendi
438 2075 702 2123 consilium
748 2074 828 2123 vel
873 2073 1068 2136 copiam
1113 2073 1268 2123 daret.
1344 2075 1563 2123 ceterum
1602 2074 1724 2136 quid
1762 2073 1846 2122 ad-

150 2149 303 2196 ferret
353 2148 598 2197 commodi
645 2148 851 2211 propius
900 2150 1167 2210 procurata
1217 2148 1521 2211 conspectiO,
1573 2164 1684 2196 cum
1732 2151 1846 2196 ante

150 2222 306 2271 hostis
347 2238 672 2286 oppressurus
712 2224 842 2271 esset
876 2221 1166 2286 inprovidos
1206 2238 1358 2286 quam
1396 2222 1500 2271 eius
1531 2221 1847 2271 nuntiaretur

152 2295 428 2346 adventus?
480 2298 551 2346 sic
594 2299 829 2344 memorat
871 2310 1123 2356 vocemque
1160 2298 1364 2356 premit:
1413 2296 1612 2346 silentio
1662 2296 1845 2359 quippe

152 2386 277 2433 opus
326 2371 514 2432 fuerat,
567 2386 629 2419 ne
680 2386 778 2432 quo
829 2385 947 2419 casu
997 2371 1264 2434 quisquam
1315 2372 1535 2420 hostium
1584 2371 1846 2434 evigilaret

152 2447 240 2492 aut
279 2447 515 2509 surgeret.
577 2445 725 2492 simul
756 2458 866 2492 ense
896 2445 1160 2504 superbum
1190 2445 1509 2494 Rhamnetem
1536 2444 1845 2506 adyreditur:
1861 2452 1946 2492 325

151 2520 367 2581 primum
408 2519 699 2584 adgreditur
737 2517 904 2582 gladio
934 2518 1263 2568 Rhamnetem
1300 2518 1581 2582 superbum.
1642 2518 1844 2580 exponit

153 2608 239 2641 cur
290 2592 445 2641 istum
498 2593 764 2656 superbum
818 2592 996 2641 dixerit
1054 2593 1149 2642 hoc
1202 2595 1278 2643 est
1331 2594 1518 2642 elatum
1572 2591 1842 2641 ambitione

152 2666 467 2716 divitiarum:
506 2669 589 2728 qui
625 2670 749 2727 forte
786 2667 1025 2728 tapetibus
1056 2667 1171 2716 altis
1201 2671 1442 2716 extructus
1473 2670 1564 2715 toto
1593 2666 1846 2726 proflabat

272 2798 296 2837 1
330 2794 631 2840 dormientum
657 2793 700 2837 V
727 2793 800 2838 ed.
833 2798 956 2838 -tes?
1077 2798 1102 2838 6
1133 2795 1376 2839 miscuerat
1398 2793 1440 2837 V
1470 2793 1739 2847 confuderat
1769 2791 1840 2836 ed.

154 2856 209 2895 15
240 2854 379 2898 vicem
403 2858 444 2898 et
467 2853 539 2898 ed.
632 2858 686 2896 21
720 2855 894 2898 interea
915 2852 958 2897 V
982 2852 1054 2897 ed.
1078 2855 1255 2899 intuere
1281 2853 1353 2896 ed.
1377 2853 1496 2908 post.
1589 2855 1644 2894 23
1677 2852 1843 2909 may-is-

154 2912 402 3016 {wffdgi
431 2970 489 3015 ed
506 2917 562 2957 26
594 2914 815 2970 proprius
845 2911 899 2956 V.
950 2912 954 2971 Ι
1003 2917 1110 2958 ante
1139 2912 1182 2956 V
1213 2914 1351 2969 prius
1389 2911 1459 2956 ed.
1583 2915 1638 2954 29
1670 2924 1726 2955 ne
1755 2923 1842 2967 quo
