2050 3226
2023 152 2026 155 -
2005 0 2050 105 ma

268 192 374 247 358
736 190 968 235 DONATI
998 189 1279 235 INTERPR.
1303 189 1485 234 VERG.

265 330 462 380 laudem
488 329 766 394 quaesitam
795 331 849 378 in
880 329 1098 379 adversis
1123 345 1181 377 ex
1205 334 1495 379 acervorum
1523 329 1718 379 infinito
1749 346 1951 381 numero

267 407 318 454 et
353 405 698 470 magnitudine
736 404 1033 468 generaliter
1069 404 1250 466 posita.

163 489 250 529 510
383 479 487 528 Nec
523 480 627 527 iam
663 481 804 539 fama
840 478 963 526 mali
1008 478 1152 534 tanti,
1199 477 1285 526 sed
1329 479 1500 526 certior
1545 481 1713 527 auctor
1757 478 1954 528 advolat

264 551 483 602 Aeneae:
530 554 624 602 hoc
671 552 861 600 malum
910 566 1011 599 non
1047 551 1206 613 fama,
1245 567 1374 614 quae
1414 552 1541 601 solet
1577 567 1953 615 nonnumquam
2046 547 2050 606 ἐ

265 642 354 691 pro
393 628 523 676 veris
561 626 691 675 falsa
729 641 1025 689 conponere,
1057 625 1144 674 sed
1175 628 1336 674 certus
1367 627 1541 675 auctor
1571 627 1621 674 et
1651 625 1856 675 nuntius
1889 626 1954 675 ad
2005 617 2050 676 51

264 701 468 750 Aenean
505 699 718 749 fideliter
754 699 889 749 vexit
925 701 1071 748 tanta
1106 700 1422 763 maturitate,
1459 702 1518 748 ut
1553 701 1717 764 ipsam
1755 716 1953 764 quoque

264 775 447 823 famam
485 773 737 823 celeritate
775 775 1123 837 praeverteret.
1183 773 1398 823 addebat
1433 773 1519 823 ille
1555 775 1782 823 nuntius:
1821 775 1954 822 tenui

264 848 542 897 discrimine
580 848 660 896 leti
705 861 807 896 esse
851 861 986 905 suae,
1033 848 1128 897 hoc
1172 850 1248 897 est
1290 847 1421 897 inter
1464 849 1599 912 ipsos
1648 851 1699 897 et
1742 850 1953 897 mortem
2032 900 2033 903 ,

262 922 511 971 modicum
547 921 841 972 remansisse
878 937 1046 970 morae
1085 921 1362 971 discrimen.
1431 923 1585 971 versis
1622 925 1808 983 tempus
1845 937 1952 971 suc-

263 1011 455 1045 currere
494 997 719 1045 Teucris:
767 998 963 1059 tempus
1014 1011 1118 1045 esse
1169 995 1465 1061 suggerebat
1513 1012 1611 1059 quo
1657 996 1811 1046 versis
1850 997 1952 1045 suis
1983 1011 2026 1043 ιο

261 1071 454 1119 Aeneas
492 1069 625 1119 idem
663 1069 924 1120 subvenire
963 1069 1227 1119 debuisset.
1294 1070 1417 1119 bene
1462 1070 1761 1134 temperavit
1797 1070 1952 1120 versis

261 1147 458 1208 tempus
498 1160 803 1206 succurrere,
844 1145 989 1208 quasi
1028 1145 1118 1208 qui
1155 1144 1398 1194 suadebat
1435 1143 1848 1207 subveniendum,
1893 1147 1954 1193 ut

262 1222 391 1268 esset
419 1220 583 1267 metus
615 1221 665 1267 et
696 1235 828 1282 spes3
859 1219 1003 1267 facile
1035 1219 1167 1267 enim
1198 1219 1424 1283 extingui
1453 1220 1678 1282 possent,
1710 1219 1754 1267 si
1783 1219 1951 1268 nullus

262 1295 571 1343 succurreret
607 1295 782 1356 utpote
820 1293 998 1355 versis,
1035 1293 1179 1341 facile
1210 1309 1327 1342 vero
1359 1293 1565 1342 evadere
1593 1293 1952 1342 interveniente
2035 1290 2041 1352 ξ

260 1369 456 1415 maturo
495 1366 701 1429 auxilio,
741 1368 976 1430 quoniam
1014 1383 1114 1416 non
1153 1367 1217 1416 ad
1254 1367 1456 1431 plenum
1486 1368 1687 1416 fuerant
1716 1368 1951 1430 superati.
1983 1353 2039 1434 1ιῑῖι

251 1442 485 1502 proxima
522 1455 736 1502 quaeque
772 1442 904 1490 metit
937 1441 1102 1502 yladio
1142 1442 1386 1501 latumque
1419 1455 1510 1501 per
1555 1455 1728 1503 aymen
1773 1441 1952 1490 ardens

261 1516 458 1565 limitem
496 1516 596 1577 ayit
632 1518 788 1576 ferro:
835 1515 955 1578 quid
1000 1515 1185 1564 faceret
1231 1516 1322 1577 qui
1365 1515 1669 1578 properabat
1713 1515 1777 1564 ad
1823 1531 1952 1577 suos,

261 1590 340 1638 cui
379 1589 566 1638 dictum
603 1589 767 1638 fuerat
803 1588 1125 1639 subveniendi
1167 1592 1363 1652 tempus
1409 1605 1584 1653 urgere
1631 1590 1680 1637 et
1722 1588 1951 1638 hostibus
2032 1622 2033 1626 =

259 1665 313 1713 in
341 1664 504 1712 medio
537 1663 714 1727 positis
745 1664 959 1712 transire
990 1679 1089 1712 non
1112 1662 1343 1726 poterat?
1398 1679 1525 1726 quae
1549 1663 1706 1727 igitur
1727 1664 1951 1726 proxima
2028 1674 2033 1725 2

260 1738 458 1786 fuerant
479 1738 626 1785 metit
648 1737 831 1802 gladio.
864 1740 1047 1786 metere
1072 1737 1279 1786 dicimus
1305 1753 1468 1786 secare
1492 1737 1703 1786 falcibus
1720 1739 1950 1801 segetem,
1981 1750 2021 1794 2.

262 1828 410 1874 quae,
450 1827 561 1860 cum
609 1811 901 1874 absciditur,
939 1827 1037 1860 non
1075 1812 1264 1862 resistit
1302 1814 1352 1860 et
1388 1812 1520 1860 ferro
1558 1813 1668 1860 tota
1705 1811 1950 1860 facilitate

260 1885 483 1934 subiecta
520 1888 608 1934 est.
685 1887 736 1934 et
771 1887 867 1935 iste
906 1885 1143 1934 caedebat
1186 1885 1373 1934 medios
1419 1901 1519 1934 non
1566 1884 1818 1934 occidendi
1865 1886 1949 1933 ad·

260 1960 416 2021 fectu,
455 1960 695 2022 quoniam
731 1960 1045 2023 properabat,
1084 1959 1171 2009 sed
1202 1960 1376 2009 ardore
1406 1959 1710 2009 transeundi.
1764 1958 1947 2008 idcirco

261 2033 455 2081 addidit
501 2034 757 2096 latumque
807 2050 896 2097 per
945 2050 1120 2098 agmen
1170 2035 1347 2083 ardens
1388 2033 1599 2082 limitem
1651 2032 1758 2098 agit
1802 2034 1946 2082 ferro.

262 2109 475 2170 quantae
514 2107 612 2155 fuit
648 2108 852 2157 virtutis
888 2125 978 2171 per
1013 2108 1257 2156 infinitam
1294 2107 1591 2157 bellantium
1627 2107 1949 2156 latitudinem
1979 2119 1999 2151 2

261 2182 451 2244 aperire
502 2197 755 2230 caesorum
805 2182 1058 2231 funeribus
1109 2182 1240 2231 viam
1290 2185 1341 2231 et
1387 2183 1685 2231 incolumem
1735 2181 1947 2230 transire
2016 2210 2020 2214 ·

158 2264 242 2304 515
259 2272 348 2318 per
395 2255 604 2304 medios!
680 2259 742 2312 te,
797 2257 982 2314 Turne,
1022 2258 1284 2317 superbum
1322 2256 1465 2305 caede
1512 2270 1640 2304 nova
1689 2269 1948 2315 quaerens:
2015 2267 2019 2314 j

377 2416 402 2454 2
434 2412 795 2469 magnitudinem
825 2410 909 2455 VR
948 2425 1062 2456 corr.
1095 2412 1166 2456 ed.
1289 2416 1314 2455 5
1346 2425 1594 2468 conponere
1616 2411 1701 2455 VR
1730 2412 1947 2456 nuntiare
2011 2433 2014 2445 ι

258 2470 628 2526 (transpositum)
672 2470 742 2514 ed.
867 2476 891 2514 6
934 2473 1057 2516 vexit
1089 2471 1174 2515 VR
1215 2473 1336 2516 venit
1377 2471 1448 2516 ed.
1572 2475 1596 2514 7
1636 2471 1835 2515 celeriter
1872 2470 1944 2514 ed.

259 2534 285 2573 8
317 2530 396 2574 leti
426 2530 468 2573 R
498 2530 601 2575 lecti
622 2529 677 2574 V.
800 2534 825 2572 9
855 2532 1142 2575 remansisset
1163 2530 1248 2574 VR
1280 2544 1393 2574 corr.
1427 2529 1498 2574 ed.
1546 2529 1552 2588 Ι
1598 2534 1771 2589 tempus
1807 2530 1947 2574 versis

257 2589 356 2643 VR,
381 2589 463 2633 sed
484 2588 535 2632 in
557 2589 945 2644 interpretatione
968 2591 1108 2634 versis
1131 2595 1325 2646 tempus,
1348 2589 1473 2633 unde
1497 2588 1686 2632 correxi.
1778 2593 1832 2632 13
1855 2589 1946 2643 fal-

258 2649 341 2692 lire
364 2648 448 2691 VR
477 2648 639 2702 fallere
669 2663 703 2691 r.
735 2648 873 2702 facile
905 2662 1017 2692 corr.
1052 2649 1123 2692 ed.
1226 2653 1279 2692 15
1312 2648 1527 2705 quoniam
1551 2647 1635 2691 VR
1666 2661 1804 2704 quum
1835 2647 1905 2691 ed.
1935 2647 1941 2703 Ι

256 2707 444 2761 fuerant
465 2706 549 2750 VR
578 2708 754 2762 fuerint
783 2707 853 2750 ed.
955 2712 1010 2751 18
1041 2709 1117 2752 cui
1139 2707 1224 2751 VR
1254 2712 1295 2752 et
1324 2709 1400 2751 cui
1430 2706 1501 2750 ed.
1593 2710 1649 2750 20
1681 2708 1787 2751 meti
1809 2705 1906 2750 VR.
1936 2705 1941 2764 Ι

257 2767 427 2810 medere
449 2765 546 2810 VR.
641 2767 820 2823 segitem
843 2765 940 2809 VR.
1043 2771 1097 2810 21
1132 2767 1415 2812 abscinditur
1446 2766 1518 2809 ed.
1562 2766 1565 2817 l
1612 2766 1837 2820 facilitate
1859 2764 1945 2809 VR

257 2826 355 2879 fato
384 2826 522 2879 facile
553 2839 577 2869 e
616 2859 625 2869 .
731 2829 787 2868 22
819 2826 999 2870 cedebat
1021 2825 1118 2869 VR.
1225 2829 1280 2869 23
1313 2826 1528 2882 quoniam
1550 2824 1635 2868 VR
1665 2838 1803 2880 quum
1834 2823 1904 2868 ed.
1934 2823 1939 2882 Ι

254 2885 532 2940 properabat
559 2884 637 2929 sed
657 2883 743 2927 VR
774 2884 846 2927 ed.
877 2885 954 2928 sed
984 2887 1092 2928 ante
1124 2886 1338 2941 quoniam
1369 2885 1596 2939 expecteS.
1706 2887 1760 2927 25
1788 2897 1872 2939 per
1902 2883 1944 2926 R

257 2957 341 2998 pro
365 2942 406 2986 V
430 2942 501 3045 esd.
538 2943 542 2999 Ι
577 2944 808 2998 infinitam
836 2943 874 2987 b.
900 2944 1189 2988 latitudinem
1211 2943 1296 2988 VR
1327 2947 1401 2987 -ta
1425 2943 1464 2987 b.
1490 2957 1572 2987 -ne
1602 2942 1674 2988 ed.
1766 2947 1823 2986 26
1854 2955 1942 2986 ces-

256 3015 408 3046 sorum
501 3003 556 3045 ut
588 3006 686 3046 372.
1187 3046 1190 3047 ⁷
