2050 3226
230 185 303 238 68
707 182 942 228 DONATI
971 181 1252 226 INTERPR.
1277 181 1456 226 vaae.

231 323 466 386 protulit,
517 322 707 372 scilicet
755 323 984 372 inflatum
1031 325 1082 370 et
1125 319 1377 371 tumidum
1422 322 1472 368 et
1510 321 1708 384 qualem
1746 321 1927 371 habere

231 398 352 446 sunt
395 396 534 446 soliti
579 398 668 460 qui
711 396 908 445 rabioso
955 397 1121 444 furore
1171 394 1475 444 fremiscunt.
1564 410 1624 443 en
1673 410 1754 456 eqo
1798 397 1928 444 victa

230 471 350 528 situ,
403 486 550 531 quam
597 471 701 519 veri
751 473 890 530 effeta
938 473 1153 518 senectus
1208 484 1351 518 arma
1402 469 1528 516 inter
1575 483 1744 530 reqwm
1791 470 1928 531 falsa

230 545 494 606 formidine
544 545 690 593 ludit:
741 545 881 607 peius
932 543 1195 608 obiurgare
1244 558 1344 592 non
1393 544 1561 605 potuit
1607 545 1927 605 metuentem,

234 634 386 682 quam
430 621 491 667 ut
533 634 591 667 ea
628 618 707 666 illi
742 619 989 683 ingereret
1028 633 1154 680 quae
1191 618 1277 666 1110
1316 617 1609 665 meminerat
1645 617 1927 680 protulisse.

160 722 164 725 -
233 692 363 741 senti
398 708 550 754 nunc,
588 693 775 754 inquit,
816 709 967 741 anum
1006 691 1322 752 delirantem,
1361 691 1490 740 senti
1522 690 1808 754 desipientis
1839 707 1929 754 per

233 767 428 815 senium
463 766 698 815 hebetata
737 766 944 815 consilia
983 768 1034 814 et
1072 768 1214 814 actus
1252 766 1399 829 longe
1439 781 1469 813 a
1509 781 1627 813 sexu
1666 768 1717 814 et
1749 767 1927 814 merito

234 840 414 889 aetatis
454 841 663 901 alienos,
705 857 831 904 quae
863 840 956 889 sim
987 855 1139 901 nunc,
1172 838 1410 902 quoniam
1442 840 1708 902 superioris
1740 840 1929 888 formae

234 916 546 978 contemptor
606 929 710 963 esse
770 914 1016 975 maluisti,
1079 914 1356 962 considera:
1435 914 1618 974 respice
1672 914 1738 961 ad
1790 914 1930 962 haee:

233 989 428 1037 intuere
490 988 778 1052 diligentius
841 988 961 1050 quid
1021 989 1152 1035 inter
1216 986 1488 1050 praeterita
1547 987 1930 1051 praesentiaque

235 1062 409 1123 distet,
459 1077 538 1124 ac,
583 1065 634 1110 te
680 1079 741 1110 ne
782 1062 943 1110 adhuc
988 1077 1146 1125 usque
1193 1063 1460 1110 contumax
1504 1061 1716 1110 intentio
1762 1063 1931 1110 teneat

235 1138 325 1184 aut
360 1138 411 1185 te
450 1136 562 1184 falli
601 1136 791 1184 somnio
837 1138 924 1184 aut
965 1136 1122 1184 oculis
1163 1137 1331 1198 putes,
1379 1135 1510 1184 disce
1547 1135 1680 1183 unde
1718 1135 1931 1196 veniam,

237 1226 363 1272 quae
426 1211 521 1258 sim
580 1211 662 1259 vel
723 1209 903 1272 quibus
966 1209 1296 1274 germanitate
1354 1210 1628 1273 coniungar
1681 1212 1772 1258 aut
1833 1224 1932 1272 qua

130 1294 218 1335 455
235 1284 434 1348 vigeam
471 1285 733 1347 potestate.
803 1284 979 1332 adsum
1018 1284 1243 1332 dirarmn
1283 1285 1344 1332 ab
1383 1284 1493 1332 sede
1530 1297 1765 1340 sororum,
1808 1283 1933 1331 bella

235 1373 391 1406 manu
447 1358 682 1418 letwmque
731 1372 869 1418 yero:
927 1357 1110 1406 idcirco
1164 1357 1334 1420 posuit
1385 1358 1437 1405 in
1485 1373 1638 1405 manu
1688 1373 1778 1406 sua
1827 1372 1933 1405 esse

236 1432 369 1480 bella
407 1433 458 1480 et
493 1434 726 1493 mortem,
767 1431 887 1494 quia
918 1432 1113 1480 Turnus
1145 1433 1192 1479 ei
1224 1431 1472 1480 obiecerat
1504 1432 1637 1494 quod
1666 1431 1931 1494 inportune

237 1507 430 1570 gereret
477 1505 699 1554 virorum
750 1505 954 1554 fortium
1001 1521 1171 1554 curam
1218 1506 1297 1555 vel
1340 1507 1540 1568 cuperet
1578 1520 1722 1553 nosse
1760 1507 1933 1553 utrum

237 1580 408 1643 pacati
445 1594 549 1628 esse
592 1580 775 1628 vellent
814 1595 877 1627 an
915 1580 1046 1628 bello
1087 1579 1392 1628 contendere.
1469 1580 1540 1627 sic
1586 1580 1733 1639 effata
1774 1579 1933 1638 facem

235 1654 403 1701 iuveni
441 1654 659 1701 coniecit:
700 1657 815 1716 post
844 1653 1241 1718 indignationem
1270 1653 1424 1702 talem
1455 1656 1504 1701 et
1535 1653 1935 1717 obiurgationem

237 1727 503 1776 verborum
545 1727 844 1776 tumentium
889 1728 1034 1790 quale
1073 1728 1261 1776 factum
1300 1727 1479 1776 Furiae
1519 1727 1740 1789 oportuit
1779 1727 1935 1789 sequi,

238 1817 300 1849 ne
346 1802 452 1849 sine
500 1801 678 1849 effectu
723 1801 1028 1850 discederet?
1107 1801 1276 1850 debuit
1315 1802 1447 1849 enim
1485 1801 1720 1864 proficere
1761 1803 1935 1864 aperta

239 1874 480 1923 violentia
518 1874 605 1922 ubi
643 1876 806 1923 locum
845 1875 988 1924 dolus
1027 1875 1208 1923 habere
1247 1891 1346 1923 non
1384 1876 1566 1938 potuit.
1643 1875 1804 1923 facem
1841 1875 1934 1938 igi-

239 1957 324 1997 tur
354 1949 524 1997 iuveni
555 1949 764 1997 coniecit
798 1953 840 1997 et
874 1954 979 1997 atro
1012 1950 1192 1997 lumine
1222 1950 1463 2009 fumantis
1493 1949 1602 2008 fixit
1631 1951 1721 1997 sub
1748 1951 1935 2009 pectore

241 2022 437 2071 taedas:
475 2022 671 2084 poetica
710 2022 998 2086 descriptio,
1039 2039 1138 2085 qua
1178 2023 1430 2071 ardentem
1463 2023 1622 2071 facem
1654 2039 1711 2071 ac
1742 2023 1935 2070 fuman-

241 2098 344 2145 tem
380 2096 433 2143 in
464 2097 690 2144 iuvenem
723 2097 849 2145 dixit
879 2098 1148 2159 intensam,
1180 2099 1399 2146 ceterum
1431 2096 1657 2145 ardorem
1690 2097 1936 2160 quendam

244 2173 294 2218 et
333 2170 657 2232 cupiditatem
695 2171 874 2219 mentis
911 2171 1207 2220 memoravit
1243 2171 1500 2232 iniectam,
1538 2173 1598 2219 ut
1634 2171 1938 2234 inpatienter

242 2246 446 2306 cuperet
496 2244 629 2305 quod
679 2248 792 2292 ante
845 2247 1220 2329 contempserat.
1298 2261 1386 2293 nec
1432 2247 1580 2293 vacat
1629 2244 1765 2306 (111οᾱ
1811 2243 1938 2291 dixit

242 2318 297 2366 in
335 2318 564 2366 iuvenem
604 2319 834 2380 coniecit3
873 2319 1019 2367 facile
1059 2320 1191 2367 enim
1229 2319 1396 2381 potuit
1427 2319 1552 2367 velle
1586 2318 1674 2380 qui
1703 2319 1935 2367 iuventae

244 2391 467 2440 subsidio
507 2392 705 2440 effectus
745 2393 1018 2441 voluntatis
1051 2393 1231 2441 Furiae
1263 2392 1462 2442 valebat
1495 2392 1695 2454 inplere.
1710 2390 1712 2393 ’
1760 2391 1936 2439 (10111110

245 2465 467 2513 adnectit
497 2464 876 2527 descriptionem
907 2466 1121 2515 hominis
1156 2482 1301 2528 quem
1327 2467 1403 2515 vis
1435 2467 1594 2513 maior
1625 2465 1936 2513 accenderat:

367 2582 390 2619 1
432 2581 472 2620 et
509 2576 735 2620 tumidum
775 2590 861 2619 om.
896 2577 966 2620 ed.
1090 2582 1114 2620 2
1153 2579 1300 2632 frenis
1337 2581 1447 2622 cunt
1476 2575 1518 2619 V
1555 2577 1825 2631 fremescum
1863 2576 1934 2619 ed.

249 2640 273 2677 3
306 2637 402 2680 veri
437 2649 525 2679 om.
558 2634 614 2678 V.
667 2636 671 2692 1
723 2636 879 2689 effecta
910 2635 964 2678 V.
1087 2641 1113 2679 8
1150 2638 1328 2680 alienus
1359 2636 1413 2679 V.
1538 2639 1592 2678 10
1624 2635 1735 2690 quid
1766 2649 1854 2678 om.
1879 2634 1934 2677 V.

250 2699 302 2736 11
335 2700 377 2738 te
408 2708 463 2738 ne
495 2693 536 2736 V
567 2693 639 2738 ed.
674 2707 730 2738 ne
761 2699 831 2737 te?
879 2695 882 2751 1
934 2700 1178 2739 contumax
1208 2695 1248 2738 V
1281 2697 1500 2751 pertinax
1531 2694 1601 2738 ed.
1727 2698 1779 2736 12
1812 2699 1936 2738 aute-

247 2754 356 2806 falli
386 2752 428 2796 V
463 2758 545 2797 aut
574 2767 630 2797 'ne
661 2753 770 2806 falli
799 2752 940 2796 HOU
966 2754 1036 2796 ed.
1145 2759 1198 2797 17
1231 2759 1419 2810 cuperat
1446 2753 1500 2797 V.
1609 2755 1665 2795 20
1699 2753 1794 2806 fori
1825 2757 1866 2796 et
1895 2751 1937 2795 V

248 2813 373 2865 fleret
412 2811 498 2855 OU
533 2812 603 2856 ed.
643 2812 820 2855 Furiae
858 2826 954 2855 noe.
1093 2818 1147 2855 22
1186 2815 1399 2867 facem—
1429 2817 1484 2856 23
1517 2812 1707 2856 coniecit
1743 2825 1830 2854 om.
1864 2811 1936 2854 ed,

250 2874 308 2912 24
338 2872 599 2924 fumantum
629 2871 832 2914 iuvenem
860 2870 901 2913 V
931 2872 1182 2924 fumantem
1213 2874 1367 2916 iuveni
1400 2872 1470 2916 ed.
1502 2871 1754 2925 fumantem
1784 2871 1837 2913 in
1866 2871 1938 2913 iu-

249 2942 403 2972 venem
434 2943 530 2972 nos.
653 2933 707 2972 25
739 2930 990 2974 inmensam
1020 2929 1062 2972 V
1093 2931 1318 2975 intensam
1353 2945 1436 2974 nos
1474 2931 1667 2984 infixam
1697 2927 1839 2972 HOU
1864 2929 1935 2972 ed.

252 2991 308 3029 28
340 2989 543 3032 iuvenem
574 2988 616 3031 V
647 2990 698 3032 in
729 2989 759 3032 i.
792 3002 876 3032 nos
908 2990 1064 3032 iuveni
1096 2989 1166 3032 ed.

1963 1001 2009 1034 10

1966 1347 2050 1404 ιδ’

1966 1741 2010 1774 20

1967 2109 2010 2142 25

1969 2478 2012 2510 30
