2078 3260
785 216 1088 263 AENEmos
1120 217 1207 261 ΧΠ
1735 220 1842 273 603

147 375 264 422 ergo
304 358 550 421 superior:
609 374 760 407 manu
801 359 963 422 carpit
1001 358 1194 407 caulem
1232 373 1262 406 a
1300 356 1511 406 Dictaea
1547 357 1665 418 Ida,
1706 358 1844 406 cuius

145 433 326 481 herbae
356 448 536 480 nomen
575 433 695 496 quia
725 449 825 480 non
865 432 1011 494 dixit,
1056 433 1202 496 signa
1239 432 1345 481 eius
1383 431 1581 480 infinita
1618 433 1845 494 protulit,

145 509 204 555 ut
241 509 410 569 posset
440 506 555 555 sciri
595 523 722 569 quae
761 509 902 556 esset.
957 507 1044 554 hoc
1090 506 1254 555 Venas
1299 507 1501 554 obscuro
1538 506 1716 566 faciem
1755 507 1845 554 cir-

146 581 376 629 cumdata
431 582 594 629 nimbo
652 581 840 637 detulit,
902 581 989 629 hoc
1044 581 1214 640 faswm
1277 580 1430 628 labris
1484 580 1847 641 splendentibus

95 671 114 703 5
147 670 339 703 amnem
367 655 524 714 inficit
553 656 729 703 occulte
758 655 1007 703 medicans
1030 654 1309 715 sparqitqae
1330 654 1547 703 salubris
1574 655 1847 702 ambrosiae

145 743 286 777 sucos
317 732 360 777 et
389 729 686 788 odoriferam
702 743 1003 790 panaceam:
1040 729 1208 777 Venus
1246 728 1510 777 obscurata
1540 727 1699 776 nimbi
1729 728 1846 776 cali-

146 802 260 867 gine
299 804 449 865 atque
487 805 583 864 ita,
625 806 680 852 ut
717 803 876 852 videri
914 819 944 850 a
982 803 1120 852 nullo
1151 803 1417 866 potuisset,
1455 803 1548 851 hoc
1580 801 1762 850 detulit
1799 805 1849 850 et

145 876 317 926 eodem
356 878 463 940 ipso
504 893 683 940 aquam
724 877 917 939 infecit,
957 893 1110 940 quam
1139 876 1298 939 Iapyx
1337 876 1556 926 studiose
1588 876 1846 940 splenden-

143 951 280 1000 tibus
311 951 465 1000 labris
497 952 772 1012 infuderat,
804 954 862 1000 ut
891 953 1083 1000 foveret
1111 951 1310 1013 vulnus,
1342 953 1392 999 et
1424 950 1616 999 addidit
1641 953 1692 999 et
1723 949 1847 1000 alias

72 1042 114 1074 10
145 1027 349 1088 species,
380 1027 438 1073 ut
462 1025 684 1074 omnium
709 1042 825 1074 suco
858 1028 909 1074 et
938 1026 991 1073 in
1022 1025 1182 1074 undas
1205 1025 1459 1074 transfusa
1482 1026 1670 1074 virtute
1694 1024 1848 1072 medi-

145 1099 320 1149 cabilis
370 1100 537 1163 liquor
583 1117 641 1148 ex
687 1099 913 1162 simplice
951 1100 1103 1149 fieret.
1178 1101 1301 1160 fovit
1338 1114 1395 1148 ea
1432 1100 1613 1147 valnas
1652 1099 1849 1160 lympha
1864 1108 1950 1149 420

68 1232 73 1239 ‚
146 1175 408 1235 longaevas
446 1174 610 1235 Iapyx
647 1175 907 1236 iqnorans:
958 1175 1195 1238 ignorans
1245 1176 1387 1238 gesta
1432 1173 1638 1222 Veneris
1689 1172 1847 1237 Iapyx

146 1264 205 1296 ea
243 1249 450 1311 lympha
495 1248 676 1297 vulnus
714 1249 856 1297 fovit.
910 1249 1158 1308 subitoque
1197 1249 1354 1296 omnis
1393 1248 1451 1295 de
1490 1262 1685 1308 corpore
1722 1248 1850 1308 fayit

145 1323 323 1382 quippe
360 1322 509 1379 dolor,
550 1323 708 1370 omnis
745 1323 871 1370 stetit
906 1323 1002 1370 imo
1040 1323 1095 1370 in
1132 1322 1331 1370 vnlnere
1367 1322 1597 1382 sanquis:
1644 1322 1847 1384 pulchre

72 1411 113 1444 15
145 1396 275 1445 dixit
314 1397 446 1461 fugit
477 1396 632 1458 dolor,
671 1397 807 1460 fugit
837 1398 970 1444 enim
1002 1398 1088 1459 qui
1119 1397 1329 1445 senserit
1351 1395 1609 1444 fortiorem
1632 1398 1684 1444 et
1714 1396 1849 1445 omni

146 1471 397 1519 celeritate
445 1470 675 1532 discedit,
722 1471 890 1520 dolore
929 1487 1045 1519 vero
1091 1472 1313 1535 fugiente
1352 1470 1556 1534 sanguis
1595 1470 1750 1519 fluens
1790 1486 1848 1518 ex

144 1546 246 1593 imo
285 1545 489 1593 vulnere
537 1544 679 1594 stetit
728 1546 1078 1607 exclusumque
1126 1547 1201 1594 est
1249 1544 1452 1607 perinde
1504 1544 1639 1607 quod
1685 1545 1849 1593 fuerat

144 1618 402 1668 inimicum
433 1621 483 1667 et
513 1618 750 1668 successit
781 1619 915 1682 quod
945 1619 1202 1668 retinendo
1234 1618 1398 1682 vigori
1432 1619 1650 1682 corporis
1682 1619 1850 1667 fuerat

145 1694 493 1742 necessarium.
546 1694 741 1753 iamque
770 1697 934 1742 secuta
963 1709 1138 1750 mana,
1178 1694 1312 1741 nullo
1344 1696 1532 1754 coyente
1561 1694 1741 1754 sayitta
1771 1707 1848 1740 ex-

72 1782 115 1814 zo
147 1768 284 1816 cidit:
335 1769 379 1816 si
424 1768 564 1816 nullo
611 1770 838 1831 cogente,
890 1767 1138 1830 quomodo
1189 1769 1360 1816 secuta
1405 1766 1591 1815 manu?
1651 1767 1743 1815 hoc
1787 1783 1853 1815 ne.

148 1841 407 1903 claudicet,
439 1842 508 1891 sic
538 1841 930 1906 intellegendum
957 1845 1046 1903 est,
1077 1845 1136 1890 ut
1167 1841 1354 1906 sagitta
1380 1857 1479 1889 non
1502 1857 1656 1890 manu
1678 1844 1847 1890 tenen-

146 1916 213 1964 tis
260 1918 431 1964 secuta
476 1916 727 1977 videatur,
774 1916 859 1966 sed
905 1917 1135 1965 foventis.
1203 1919 1344 1975 atque
1381 1930 1535 1964 novae
1571 1916 1756 1964 rediere
1794 1916 1846 1963 in

139 1990 360 2050 pristina
396 1991 549 2038 vires:
586 1990 810 2054 fugiente
850 1990 1016 2038 dolore
1057 1991 1191 2038 facta
1230 1992 1306 2039 est
1343 1990 1539 2039 novitas
1579 1989 1761 2038 virium
1799 1993 1849 2037 et

146 2063 297 2112 rediit
333 2065 497 2113 totum
544 2064 782 2127 quicquid
819 2065 1063 2113 inflictum
1112 2064 1291 2113 vulnus
1344 2065 1631 2113 excluserat.
1692 2079 1848 2112 novas

73 2151 116 2184 2⁶
147 2138 267 2187 viris
291 2138 441 2187 multi
464 2155 563 2187 non
586 2139 705 2187 talis
729 2139 900 2201 quales
927 2139 1280 2200 abscesserant,
1311 2138 1395 2187 sed
1428 2139 1588 2187 multo
1619 2138 1846 2187 meliores

149 2214 416 2275 exponunt.
470 2212 555 2261 sed
580 2213 701 2275 quid
731 2213 1053 2276 sequentibus
1077 2213 1315 2262 faciemus
1347 2212 1524 2275 quibus
1558 2213 1631 2261 ait
1660 2212 1848 2260 rediere

146 2286 199 2334 in
239 2287 452 2349 pristina
490 2286 654 2335 vires?
708 2303 862 2336 novas
898 2303 1014 2351 ergo
1046 2289 1161 2350 post
1191 2287 1423 2352 fugatum
1456 2287 1675 2336 dolorem
1706 2302 1845 2349 repa-

147 2363 284 2410 ratas
316 2361 686 2425 intellegamus3
723 2362 938 2409 multum
969 2361 1098 2410 enim
1130 2361 1230 2409 fuit
1258 2364 1316 2410 ut
1347 2378 1404 2410 ex
1435 2361 1698 2410 debilitato
1730 2360 1846 2408 talis

149 2437 280 2483 esset
308 2434 534 2483 redditus
558 2436 720 2497 qualis
746 2436 911 2484 fuerat
934 2437 1203 2498 antequam
1226 2437 1405 2485 vulnus
1434 2437 1563 2484 esset
1591 2434 1845 2482 inflictum.

272 2566 294 2604 1
334 2562 542 2616 superior
571 2561 614 2604 V
647 2562 717 2605 ed.
760 2563 887 2607 lectio
926 2562 1154 2606 excidisse
1187 2563 1384 2607 videtur.
1439 2566 1441 2614 4
1494 2562 1673 2605 adiecta
1699 2560 1781 2605 ida
1805 2559 1846 2602 V

150 2633 266 2663 corr.
298 2619 369 2663 ed.
478 2624 503 2663 3
535 2621 649 2664 scire
671 2620 714 2664 V
738 2621 810 2665 ed.
917 2625 944 2665 8
975 2622 1074 2678 ipso
1097 2621 1140 2665 V
1169 2623 1274 2678 ipsa
1305 2620 1421 2666 edF.
1531 2626 1556 2663 9
1590 2625 1630 2664 et
1661 2620 1782 2664 alias
1806 2618 1846 2661 V

150 2684 191 2723 et
230 2693 317 2723 om.
356 2678 427 2722 ed.
560 2683 612 2722 11
653 2681 856 2736 simplice
883 2679 924 2723 V
953 2682 1244 2737 simplicitate
1280 2681 1349 2724 ed.
1476 2683 1528 2722 13
1567 2680 1703 2736 qessit
1738 2679 1767 2722 i.
1806 2692 1843 2723 e.

149 2739 280 2782 cessit
301 2737 357 2791 V,
391 2737 471 2781 sed
502 2738 624 2795 fuyit
658 2738 1045 2795 interpretatione
1075 2740 1305 2796 poscitur,
1339 2739 1462 2795 quod
1496 2738 1566 2782 ed.
1601 2739 1648 2781 et
1679 2737 1846 2794 optimi

149 2796 289 2853 Verg.
321 2796 431 2840 libri
461 2796 652 2851 habent.
753 2802 806 2842 19
839 2813 982 2843 mana
1013 2801 1079 2855 (et
1108 2799 1249 2854 infra)
1275 2798 1316 2842 V
1339 2811 1526 2842 manum
1551 2797 1644 2841 ed:
1679 2796 1845 2852 quodsi

149 2870 292 2900 mana
330 2856 448 2900 Don.
487 2855 606 2913 legit
645 2870 750 2900 cum
789 2857 866 2900 MI
905 2859 953 2902 et
990 2858 1261 2915 PVergilii,
1302 2857 1513 2913 quaestio
1557 2871 1695 2912 quam
1737 2869 1846 2911 pro-

150 2915 308 2970 posuit
347 2914 534 2959 facilius
572 2916 876 2973 intellegitur.
999 2922 1055 2961 20
1086 2932 1168 2962 nec
1195 2917 1237 2959 V
1267 2931 1324 2961 ne
1355 2916 1426 2960 ed.
1557 2920 1613 2959 25
1653 2916 1845 2959 multum

53 2984 55 2986 ’
150 2974 352 3018 meliores
397 2974 451 3017 V.
597 2979 653 3019 26
700 2977 982 3032 sequentibus
1025 2978 1245 3031 faciemus
1291 2975 1332 3018 V
1380 2977 1555 3019 temere
1608 2976 1722 3017 mut.
1771 2974 1842 3018 ed.

152 3037 207 3074 27
240 3038 478 3088 separatas
500 3032 542 3076 V
566 3034 638 3078 ed.
761 3039 816 3079 28
847 3035 942 3090 fait
969 3041 1023 3081 ut
1045 3035 1087 3078 V
1116 3036 1151 3089 f.
1184 3035 1305 3092 quod
1336 3034 1406 3078 ed.
