2050 3226
768 169 1073 214 AENEIDos
1103 168 1168 213 XI
1709 173 1817 227 529

121 310 347 360 tudinem
385 309 707 374 decoremque
747 310 1047 373 conpositus.
1108 313 1211 358 tum
1249 322 1463 357 croceam
1501 309 1819 372 chlamydem-

122 399 212 447 que
240 386 471 445 sinusque
508 385 752 444 crepantis
790 386 1046 433 carbaseos
1082 383 1219 444 fulvo
1255 384 1311 431 in
1347 383 1531 431 nodum
1569 385 1819 445 eolleyerat

122 474 269 508 awro:
316 458 462 508 istius
513 458 735 521 chlamys
786 458 886 507 fuit
935 475 993 506 ex
1040 457 1267 519 carbas0,
1305 457 1358 505 in
1398 458 1612 506 colorem
1649 460 1816 507 tamen

18 575 22 591 ,
121 549 345 582 croceum
397 547 554 582 versa.
644 533 772 581 hanc
821 532 1153 595 chlamydem,
1205 547 1302 595 quo
1353 531 1630 595 expeditior
1675 535 1817 595 esset,

68 620 90 654 5
122 608 283 657 aureis
332 606 538 656 nexibus
587 605 640 653 in
687 605 873 655 nodum
921 606 1098 655 habuit
1147 606 1420 655 collectam.
1505 607 1670 666 pictus
1724 621 1818 655 acu

120 682 312 730 timicas
357 684 400 728 et
446 681 662 729 barbara
707 682 919 741 teymina
965 695 1187 729 crurum:
1232 681 1430 728 nomine
1481 679 1603 729 artis
1651 681 1816 744 qualis

120 757 250 804 esset
311 754 482 803 tunica
539 754 921 818 demonstravit3
978 770 1094 803 nam
1151 754 1437 803 huiusmodi
1498 756 1660 804 vestes
1722 770 1818 804 acu

118 830 283 892 pictae
329 828 576 878 dicuntur.
659 828 958 893 tegebantur
1003 832 1169 877 autem
1215 844 1360 877 crura
1405 829 1509 878 eius
1557 828 1815 878 barbarico

120 919 264 966 opere
302 903 606 968 tegminibus
644 902 806 951 factis.
863 905 914 952 et
951 903 1044 952 hoc
1081 918 1260 951 nomen
1291 904 1367 951 est
1397 902 1542 966 artis3
1581 918 1698 951 nam
1730 903 1817 967 qui

47 991 89 1024 xo
117 978 247 1026 hanc
285 979 512 1026 exercent
548 976 876 1025 barbaricarii
914 977 1168 1039 dicuntur,
1214 977 1542 1040 exprimentes
1589 994 1648 1026 ex
1694 993 1815 1027 auro

118 1054 170 1100 et
200 1052 433 1101 coloratis
465 1051 561 1100 filis
592 1052 850 1100 hominum
881 1051 1067 1100 formas
1099 1052 1150 1099 et
1180 1051 1486 1100 diversorum
1524 1051 1817 1100 animalium

120 1127 211 1174 aut
248 1127 525 1188 specierum
562 1125 815 1174 imitatam
852 1125 1131 1174 subtilitate
1170 1126 1447 1175 veritatem.
1499 1126 1628 1174 hunc
1663 1126 1813 1188 viryo,

117 1201 219 1248 sive
263 1204 318 1247 ut
362 1200 551 1259 templis
591 1201 882 1260 praefigeret
927 1215 1070 1248 arma
1111 1200 1263 1248 Troia
1308 1200 1496 1259 captivo
1535 1201 1636 1248 sive
1673 1203 1728 1247 ut
1764 1214 1816 1248 se

116 1276 267 1334 ferret
301 1275 356 1322 in
394 1288 517 1322 auro
554 1274 792 1330 venatrix,
837 1288 994 1322 wnwm
1039 1288 1095 1322 ex
1140 1274 1273 1322 omni
1318 1274 1578 1322 certamine
1614 1289 1815 1335 puynae
1832 1289 1918 1334 780

44 1360 86 1394 ιε
118 1362 262 1397 caeca
321 1349 609 1408 sequebatur
669 1351 908 1407 totumque
966 1349 1168 1396 incauta
1219 1362 1315 1407 per
1374 1362 1547 1409 aymen
1605 1349 1813 1409 femineo

109 1422 330 1483 praedae
369 1425 412 1469 et
447 1422 714 1482 spoliorwm
751 1422 956 1470 ardebat
983 1436 1172 1470 amore:
1210 1422 1340 1470 hunc
1377 1421 1568 1484 inquit,
1607 1423 1813 1486 pulchre

116 1495 430 1560 pretioseque
468 1497 720 1545 vestitum.
775 1495 939 1560 virgo:
977 1497 1184 1545 levitate
1224 1498 1425 1544 excusat
1465 1512 1592 1559 quae
1631 1498 1813 1546 aetatis

116 1570 250 1618 elata
289 1569 544 1634 superbia,
584 1569 687 1619 sive
726 1572 787 1618 ut
823 1570 1009 1634 glorias
1049 1570 1109 1618 de
1148 1570 1375 1619 Troianis
1415 1571 1574 1620 factas
1612 1571 1811 1634 templis

116 1643 398 1693 ostenderet
420 1645 524 1693 sive
547 1647 605 1693 ut
626 1644 738 1707 ipsa
760 1644 947 1693 talibus
972 1645 1145 1707 spoliis
1169 1646 1410 1706 uteretur,
1435 1660 1534 1707 quo
1559 1645 1814 1708 pulchrior

42 1731 87 1764 ιο
115 1706 342 1767 venatrix
389 1718 487 1767 iret
536 1717 600 1766 ad
649 1719 826 1781 silvaS‚
876 1718 946 1768 sic
995 1736 1153 1768 unum
1202 1718 1525 1782 sequebatur,
1576 1718 1723 1782 quasi
1758 1721 1812 1767 in

116 1794 261 1841 tanta
283 1792 580 1842 bellantium
603 1793 926 1842 multitudine
949 1793 1082 1842 solus
1108 1796 1238 1842 esset
1267 1794 1320 1840 in
1352 1808 1542 1856 campo.
1595 1794 1814 1843 faciebat

114 1868 209 1915 hoc
246 1882 345 1915 non
382 1867 578 1916 iuvenis
618 1882 785 1916 amore
824 1867 997 1929 ducta,
1036 1867 1122 1916 sed
1153 1868 1381 1916 vestium.
1437 1882 1602 1929 caeca,
1631 1868 1813 1931 inquit,

117 1940 437 2003 sequebatur:
470 1941 718 2004 quomodo
751 1941 1067 2004 sequebatur,
1100 1941 1143 1991 si
1174 1940 1355 1990 caeca?
1393 1957 1492 1990 non
1524 1957 1641 2006 ergo
1667 1958 1813 1991 caeca

116 2016 261 2078 quasi
284 2015 500 2063 extincto
523 2014 726 2075 lumine,
757 2016 844 2064 sed
875 2015 1147 2079 cupiditate
1179 2015 1452 2078 spoliorum
1482 2015 1610 2064 nihil
1639 2016 1811 2065 videns

42 2101 85 2135 25
115 2091 313 2152 praeter
359 2088 547 2151 ipsum,
602 2089 735 2152 quod
784 2090 1044 2138 insidianti
1093 2089 1303 2138 Arrunti
1352 2089 1588 2152 proderat
1638 2090 1701 2138 ad
1755 2107 1813 2139 ea

16 2202 17 2209 ,
118 2179 244 2226 quae
283 2162 516 2226 cupiebat
553 2164 757 2226 inplere.
810 2164 957 2212 telum
996 2178 1052 2211 ex
1090 2164 1287 2212 insidiis
1326 2178 1435 2212 cum
1473 2165 1669 2213 tandem
1700 2168 1812 2212 tem-

16 2286 18 2291 ,
110 2251 231 2297 pore
269 2241 406 2297 capto
445 2238 671 2286 eoncitat:
709 2238 932 2299 tandem,
971 2240 1062 2286 aut
1100 2239 1220 2300 quia
1259 2237 1344 2286 diu
1383 2237 1680 2287 observabat
1724 2255 1814 2301 per

15 2349 18 2375 s
116 2310 313 2360 diversa
351 2312 631 2359 currentem
670 2313 721 2359 et
757 2327 857 2359 non
894 2314 1078 2360 temere
1118 2310 1253 2360 adire
1285 2311 1457 2360 debuit
1488 2328 1639 2376 quam
1669 2313 1810 2360 time·

15 2395 17 2406 ²
115 2385 205 2434 bat
220 2387 318 2439 ‚aut
342 2386 464 2448 quia
487 2385 708 2448 cupienti
738 2385 912 2435 tardus
946 2389 1021 2435 est
1051 2387 1210 2435 exitus
1244 2386 1585 2449 expeditionis,
1618 2387 1811 2434 etiamsi

15 2423 86 2505 Ιοο
115 2460 226 2508 tota
270 2460 562 2508 maturitate
608 2461 886 2521 proveniat.
973 2461 1128 2509 telum
1173 2459 1331 2524 igitur
1368 2461 1566 2509 tandem
1610 2462 1810 2523 captato

116 2535 337 2596 tempore
377 2535 528 2596 atque
566 2533 768 2581 invento
807 2550 864 2582 ex
893 2533 1107 2596 insidiis,
1148 2534 1387 2597 quoniam
1418 2551 1475 2583 ex
1508 2536 1680 2598 aperto
1712 2550 1811 2582 non

239 2693 262 2732 1
306 2690 628 2745 clamidemque
664 2688 719 2733 V.
859 2694 883 2732 3
926 2691 1085 2735 clamis
1124 2691 1219 2746 fuit
1262 2704 1317 2735 ex
1351 2690 1394 2732 V
1434 2690 1642 2746 corrupit
1685 2690 1755 2734 ed.
1801 2691 1806 2748 Ι

117 2749 261 2793 colore
300 2748 371 2792 ed.
493 2753 521 2791 4
560 2762 712 2793 croceo
741 2762 866 2794 verso
893 2748 935 2793 V
965 2763 1115 2795 croceo
1145 2764 1273 2795 versa
1305 2749 1377 2793 ed.
1501 2754 1527 2792 9
1566 2750 1682 2795 artis
1721 2763 1809 2793 om.

118 2806 234 2851 edF.
339 2812 394 2852 12
427 2813 510 2853 aut
531 2807 573 2851 V
604 2813 647 2853 et
676 2807 747 2851 ed.
852 2812 906 2851 13
938 2809 1093 2866 templi
1116 2808 1171 2852 V.
1276 2813 1331 2852 17
1364 2813 1551 2853 excusat
1581 2822 1697 2864 quae
1726 2821 1810 2863 pro

118 2879 220 2910 eam
245 2880 383 2922 quae:
409 2880 467 2911 ne
490 2867 686 2911 haereas
712 2866 768 2910 cf.
797 2871 866 2922 12,
885 2871 983 2912 598.
1086 2872 1140 2912 23
1167 2881 1269 2925 eryo
1295 2881 1382 2911 om.
1403 2867 1473 2911 ed.
1571 2872 1627 2910 26
1652 2866 1811 2912 cumV

47 2967 51 2969 Α
117 2926 194 2970 cui
225 2925 295 2970 ed.
382 2929 438 2970 28
467 2931 801 2982 percurrentem
825 2926 895 2971 ed.
975 2931 1031 2971 30
1062 2928 1244 2972 tandem
1269 2940 1357 2971 om.
1376 2926 1447 2971 ed.
1526 2931 1579 2970 31
1607 2941 1810 2984 quum——

118 2988 220 3038 530,
247 2988 270 3027 1
304 2985 491 3030 auderet
522 2985 592 3028 ed.

207 3073 306 3106 Don.
323 3073 483 3114 interpr.
495 3074 610 3115 Verg.
635 3074 712 3107 vol.
728 3074 781 3107 11.
1488 3078 1544 3118 34
