2050 3226
104 1784 190 1825 280

203 150 310 204 154
674 146 906 192 DONATI
936 146 1217 191 INTERPR.
1243 146 1422 191 VERG.

199 305 299 337 non
350 287 684 352 accipiuntur,
731 287 831 336 nisi
877 288 1027 349 plena
1075 287 1334 336 voluntate
1383 286 1571 335 fuerint
1622 287 1892 350 persoluta,

200 365 286 412 aut
322 362 434 411 ideo
473 363 710 423 volenteS,
750 362 871 424 quia
905 360 1192 424 aliquand0,
1224 361 1354 408 sicut
1382 361 1516 409 infra
1545 362 1765 424 positum
1803 364 1893 423 est,

197 437 488 486 inimicitias
528 437 705 485 Troiae
742 435 980 484 Hercules
1018 435 1263 496 Ὲον11,,111;
1301 433 1531 484 videatur
1566 436 1660 484 hoc
1690 435 1893 484 dixisse:

201 511 289 575 qui
325 512 559 560 inimicus
599 512 760 559 vester
797 510 895 558 fuit
933 510 1029 557 erit
1065 510 1169 557 iam
1214 508 1400 557 amicus
1446 509 1607 572 vobis,
1656 510 1896 572 quoniam

199 586 360 635 nostri
408 587 526 647 estis
577 585 751 633 effecti.
846 599 954 632 ecce
1014 583 1240 631 Euandri
1299 583 1450 631 etiam
1501 585 1555 631 in
1613 584 1708 632 hoc
1758 584 1896 632 beni-

200 659 437 722 volentia,
474 661 534 707 ut
569 658 861 706 iamdudum
901 658 1143 706 offensum
1182 658 1330 705 deum
1362 657 1484 706 velit
1513 657 1616 706 illis
1647 673 1752 707 esse
1782 674 1895 720 pro-

201 734 396 799 pitium.
494 734 705 790 dixerat,
763 733 1011 780 Herculea
1068 732 1245 780 bicolor
1297 746 1407 779 eum
1451 733 1668 792 populus
1719 733 1898 780 imnbra

161 838 166 841 -
199 809 469 867 velavitque
519 821 680 855 eomas
728 807 953 866 foliisque
1001 807 1185 854 innexa
1226 806 1480 866 pependit:
1525 821 1639 854 mox
1677 805 1899 868 Troiani,

200 884 280 933 vel
313 882 431 946 quia
462 881 654 930 occasio
686 881 785 929 fuit
816 881 1000 929 offenso
1030 879 1322 928 iamdudum
1354 880 1639 929 satisfacere
1670 880 1750 930 vel
1782 881 1900 944 quia

200 973 301 1006 non
325 956 498 1004 debuit
518 956 690 1018 respui
722 954 854 1018 quod
884 954 1102 1003 Arcades
1133 970 1316 1018 magno
1349 954 1489 1003 cultu
1519 955 1900 1016 venerabantur,

201 1048 263 1079 ne
303 1047 362 1079 ex
397 1031 490 1078 hoc
528 1029 653 1078 laesi
689 1030 946 1092 postulata
984 1045 1083 1077 non
1122 1030 1366 1090 facerent,
1409 1029 1669 1077 Herculeis
1713 1044 1764 1077 se
1806 1030 1901 1078 hoc

203 1107 278 1154 est
314 1105 544 1168 populeis
579 1103 839 1151 frondibus
874 1105 1250 1152 coronaverunt.
1306 1107 1350 1150 et
1385 1117 1524 1151 sacer
1559 1103 1762 1163 inplevit
1789 1103 1902 1151 dex-

202 1184 330 1228 tram
379 1179 610 1240 scyphus:
659 1177 1055 1241 magnitudinem
1093 1177 1269 1240 scyphi
1311 1178 1476 1226 voluit
1526 1177 1781 1226 ostendere
1827 1176 1902 1224 di-

203 1254 356 1302 cendo
395 1253 607 1315 inplevit
645 1252 891 1314 dextram,
931 1267 1128 1301 sacrum
1165 1268 1282 1301 vero
1321 1251 1505 1299 idcirco
1545 1252 1736 1314 posuit,
1783 1251 1903 1313 quia

205 1327 383 1392 quibus
423 1342 676 1376 sacrorum
723 1342 841 1375 cura
887 1328 962 1374 est
1005 1327 1192 1374 habent
1239 1327 1405 1374 dicata
1454 1325 1742 1374 numinibus
1780 1340 1903 1374 vasa

205 1402 383 1464 quibus
423 1401 664 1464 obsequia
702 1400 873 1450 divina
909 1400 1187 1463 perficiunt.
1241 1401 1374 1449 ocius
1405 1414 1570 1448 omnes
1599 1401 1654 1447 in
1684 1414 1904 1448 mensam

206 1477 320 1525 laeti
358 1476 515 1523 libant
551 1475 779 1534 divosque
808 1479 1100 1535 precantur:
1138 1476 1232 1524 hoc
1279 1476 1355 1523 est
1400 1474 1523 1522 laeti
1569 1474 1732 1522 libant
1771 1473 1904 1536 quod

206 1554 282 1599 est
319 1552 370 1598 et
407 1551 652 1611 volentes3
693 1549 780 1611 qui
819 1549 950 1596 enim
989 1565 1130 1598 sacra
1168 1548 1456 1597 numinibus
1498 1548 1648 1597 solvit
1694 1563 1784 1596 nec
1829 1548 1905 1595 in-

205 1625 341 1673 vitus
367 1623 513 1672 debet
543 1638 647 1672 esse
678 1639 769 1671 nec
799 1624 972 1672 tristis.
1029 1639 1196 1672 omnes
1231 1639 1349 1686 ergo
1381 1622 1710 1670 infundebant
1731 1623 1904 1672 vinum

206 1698 388 1747 mensis
429 1700 479 1746 et
516 1697 570 1745 id
608 1697 860 1745 faciebant
899 1698 1032 1759 quod
1069 1697 1278 1746 Aeneas.

325 1773 519 1821 Devexo
552 1773 738 1820 interea
761 1772 966 1831 propior
993 1774 1052 1831 fit
1079 1786 1249 1832 vesper
1283 1769 1507 1831 Olympo:
1536 1773 1687 1833 poeta
1716 1785 1906 1818 memor

208 1849 283 1895 est
322 1847 422 1908 sui3
460 1847 584 1894 hora
623 1846 755 1893 enim
792 1849 929 1894 sexta
974 1846 1068 1894 hoe
1115 1848 1189 1895 est
1233 1845 1464 1893 mediatis
1515 1845 1737 1893 cursibus
1787 1844 1904 1892 solis

208 1936 360 1983 supra
406 1921 533 1968 dixit
576 1920 781 1968 Aenean
826 1921 1130 1981 pervenisse,
1176 1935 1307 1968 nunc
1354 1919 1484 1967 diem
1523 1918 1645 1967 dicit
1690 1917 1904 1981 peractis

207 2011 361 2058 prope
395 1994 570 2057 spatiis
604 1994 829 2042 omnibus
863 1994 1041 2042 claudi.
1095 1995 1289 2054 iamque
1319 1994 1588 2041 sacerdotes
1620 1994 1907 2053 primusque

207 2069 414 2117 Potitius
459 2070 598 2116 ibant
633 2069 847 2128 pellibus
895 2069 949 2116 in
997 2083 1178 2116 morem
1225 2069 1366 2116 cincti
1403 2069 1748 2126 flammamque
1783 2067 1907 2126 fere-

210 2144 350 2191 bant:
389 2143 692 2203 sacerdotes,
733 2159 946 2204 quorum
982 2143 1170 2205 primus
1208 2141 1427 2190 Potitius
1467 2141 1587 2203 fuit,
1635 2140 1794 2189 secuti
1831 2141 1907 2187 in-

210 2217 441 2265 stitutum
457 2233 645 2264 morem
667 2216 811 2264 ibant
835 2216 1044 2264 accincti
1066 2216 1294 2278 pellibus,
1317 2217 1584 2264 retinentes
1608 2214 1661 2262 in
1677 2213 1905 2262 manibus

210 2291 356 2340 faceS.
432 2291 717 2338 instaurant
761 2291 931 2350 epulas
978 2295 1021 2338 et
1063 2305 1259 2339 mensae
1301 2294 1448 2351 yrata
1492 2289 1732 2337 secundae
1777 2288 1908 2336 dona

210 2366 397 2425 ferunt:
435 2364 652 2412 secunda
691 2380 860 2412 mensa
901 2364 1085 2413 dicitur
1122 2381 1222 2412 non
1259 2366 1375 2427 post
1419 2363 1631 2425 primam
1677 2362 1907 2422 secunda,

213 2440 298 2487 sed
336 2453 588 2502 prospera.
642 2455 915 2500 numquam
955 2440 1087 2486 enim
1125 2439 1305 2487 missus
1343 2439 1448 2500 ipse
1489 2437 1772 2499 adponitur,
1810 2435 1910 2484 nisi

334 2613 359 2652 3
391 2610 661 2653 inimicitias
683 2607 726 2651 V
748 2609 965 2652 inimicus
989 2608 1059 2652 ed.
1097 2608 1102 2666 Ι
1136 2609 1231 2663 fuit
1251 2607 1295 2651 V
1319 2607 1391 2651 ed.
1415 2607 1532 2661 fovit
1553 2621 1650 2650 nos.
1742 2611 1770 2650 4
1802 2619 1910 2662 quo-

214 2669 343 2712 niam
365 2667 407 2710 V
441 2669 520 2724 qui
552 2668 622 2712 ed.
718 2671 742 2710 9
775 2669 961 2722 offensio
985 2667 1027 2711 V
1051 2669 1236 2722 offensis
1263 2667 1334 2711 ed.
1364 2668 1531 2721 offenso
1563 2680 1659 2710 nos.
1755 2669 1809 2708 10
1839 2679 1910 2709 ve-

214 2728 463 2772 nerabatur
487 2726 529 2770 V
561 2741 674 2771 corr.
709 2726 780 2770 ed,
906 2731 957 2769 13
998 2727 1428 2784 maqnitudinem—
1450 2730 1504 2769 14
1528 2739 1631 2770 vero
1664 2738 1750 2768 om.
1783 2737 1911 2768 sacer

214 2786 430 2842 interpol.
464 2786 535 2830 ed.
641 2791 694 2829 21
728 2799 963 2830 memorem
986 2785 1028 2828 V
1059 2799 1226 2830 memor
1255 2790 1320 2830 est
1350 2784 1420 2828 ed.
1525 2789 1579 2828 27
1612 2783 1911 2828 retinentibus

215 2845 257 2888 V
290 2845 360 2890 ed.
395 2859 509 2889 corr.
543 2845 614 2889 ed.
647 2846 765 2901 post.
890 2849 945 2888 28
978 2846 1168 2900 aepulas
1198 2844 1253 2888 V.
1376 2847 1431 2887 29
1463 2844 1662 2888 secunda
1691 2855 1846 2887 mensa
1867 2840 1911 2884 V

215 2905 334 3006 lffgc
370 2905 613 3005 sescundum
651 2918 851 2949 mensam
890 2903 960 2947 ed.
1019 2905 1023 2962 Ι
1082 2904 1324 2949 dieitur—
1345 2906 1443 2957 155,
1469 2907 1494 2945 2
1535 2904 1678 2960 iyitur
1716 2915 1803 2945 om.
1837 2900 1909 2945 ed.

1931 970 1973 1002 1⁰

1933 1339 1975 1372 15

1936 1709 1980 1742 20

1937 2078 1980 2112 25

1938 2449 1982 2481 30
