<?xml version="1.0" encoding="UTF-8"?>
<!DOCTYPE html PUBLIC "-//W3C//DTD XHTML 1.0 Transitional//EN"
    "http://www.w3.org/TR/xhtml1/DTD/xhtml1-transitional.dtd">
<html xmlns="http://www.w3.org/1999/xhtml" xml:lang="en" lang="en">
 <head>
  <title>
</title>
<meta http-equiv="Content-Type" content="text/html;charset=utf-8" />
  <meta name='ocr-system' content='tesseract 3.04.00' />
  <meta name='ocr-capabilities' content='ocr_page ocr_carea ocr_par ocr_line ocrx_word'/>
</head>
<body>
  <div class='ocr_page' id='page_1' title='image "./interpretationes02donauoft_0519.png"; bbox 0 0 2050 3226; ppageno 0'>
   <div class='ocr_carea' id='block_1_1' title="bbox 748 164 1795 222">
    <p class='ocr_par' dir='ltr' id='par_1_1' title="bbox 748 164 1795 222">
     <span class='ocr_line' id='line_1_1' title="bbox 748 164 1795 222; baseline -0.003 -11"><span class='ocrx_word' id='word_1_1' title='bbox 748 165 1052 211; x_wconf 68' lang='lat' dir='ltr'><strong>Annnmos</strong></span> <span class='ocrx_word' id='word_1_2' title='bbox 1083 164 1148 209; x_wconf 78' lang='lat' dir='ltr'><strong>XI</strong></span> <span class='ocrx_word' id='word_1_3' title='bbox 1686 167 1795 222; x_wconf 81' lang='lat'><strong>515</strong></span> 
     </span>
    </p>
   </div>
   <div class='ocr_carea' id='block_1_2' title="bbox 13 305 1894 2744">
    <p class='ocr_par' dir='ltr' id='par_1_2' title="bbox 13 305 1894 2744">
     <span class='ocr_line' id='line_1_2' title="bbox 13 305 1794 370; baseline -0.001 -14"><span class='ocrx_word' id='word_1_4' title='bbox 13 309 18 327; x_wconf 78' lang='grc'><strong>’·</strong></span> <span class='ocrx_word' id='word_1_5' title='bbox 101 312 145 356; x_wconf 89' lang='lat' dir='ltr'><strong>et</strong></span> <span class='ocrx_word' id='word_1_6' title='bbox 182 323 325 358; x_wconf 87' lang='lat' dir='ltr'><strong>arma</strong></span> <span class='ocrx_word' id='word_1_7' title='bbox 354 307 579 356; x_wconf 83' lang='lat' dir='ltr'><strong>Dianae:</strong></span> <span class='ocrx_word' id='word_1_8' title='bbox 607 308 689 356; x_wconf 89' lang='lat' dir='ltr'><strong>hic</strong></span> <span class='ocrx_word' id='word_1_9' title='bbox 721 306 971 370; x_wconf 88' lang='lat' dir='ltr'><strong>conplevit</strong></span> <span class='ocrx_word' id='word_1_10' title='bbox 1001 305 1136 369; x_wconf 90' lang='lat' dir='ltr'><strong>quod</strong></span> <span class='ocrx_word' id='word_1_11' title='bbox 1165 305 1392 369; x_wconf 87' lang='lat' dir='ltr'><strong>superius</strong></span> <span class='ocrx_word' id='word_1_12' title='bbox 1424 305 1552 353; x_wconf 83' lang='lat' dir='ltr'><strong>dixit</strong></span> <span class='ocrx_word' id='word_1_13' title='bbox 1581 306 1794 369; x_wconf 89' lang='lat' dir='ltr'><strong>„phare-</strong></span> 
     </span>
     <span class='ocr_line' id='line_1_3' title="bbox 100 379 1793 432; baseline -0.001 -2"><span class='ocrx_word' id='word_1_14' title='bbox 100 385 236 432; x_wconf 89' lang='lat' dir='ltr'><strong>trata</strong></span> <span class='ocrx_word' id='word_1_15' title='bbox 276 380 538 431; x_wconf 84' lang='lat' dir='ltr'><strong>Camilla“.</strong></span> <span class='ocrx_word' id='word_1_16' title='bbox 594 397 704 430; x_wconf 91' lang='lat' dir='ltr'><strong>ecce</strong></span> <span class='ocrx_word' id='word_1_17' title='bbox 742 383 792 430; x_wconf 89' lang='lat' dir='ltr'><strong>et</strong></span> <span class='ocrx_word' id='word_1_18' title='bbox 823 397 994 430; x_wconf 90' lang='lat' dir='ltr'><strong>arcum</strong></span> <span class='ocrx_word' id='word_1_19' title='bbox 1025 396 1234 429; x_wconf 88' lang='lat' dir='ltr'><strong>aureum</strong></span> <span class='ocrx_word' id='word_1_20' title='bbox 1263 395 1374 429; x_wconf 90' lang='lat' dir='ltr'><strong>eam</strong></span> <span class='ocrx_word' id='word_1_21' title='bbox 1404 379 1533 428; x_wconf 85' lang='lat' dir='ltr'><strong>dixit</strong></span> <span class='ocrx_word' id='word_1_22' title='bbox 1561 379 1793 429; x_wconf 87' lang='lat' dir='ltr'><strong>habuisse</strong></span> 
     </span>
     <span class='ocr_line' id='line_1_4' title="bbox 100 454 1794 519; baseline -0.001 -15"><span class='ocrx_word' id='word_1_23' title='bbox 100 459 151 504; x_wconf 92' lang='lat' dir='ltr'><strong>et</strong></span> <span class='ocrx_word' id='word_1_24' title='bbox 187 457 381 505; x_wconf 88' lang='lat' dir='ltr'><strong>Dianae</strong></span> <span class='ocrx_word' id='word_1_25' title='bbox 420 471 574 517; x_wconf 88' lang='lat' dir='ltr'><strong>arma,</strong></span> <span class='ocrx_word' id='word_1_26' title='bbox 615 471 741 519; x_wconf 90' lang='lat' dir='ltr'><strong>quae</strong></span> <span class='ocrx_word' id='word_1_27' title='bbox 780 456 983 504; x_wconf 86' lang='lat' dir='ltr'><strong>fuerunt</strong></span> <span class='ocrx_word' id='word_1_28' title='bbox 1018 454 1073 502; x_wconf 86' lang='lat' dir='ltr'><strong>in</strong></span> <span class='ocrx_word' id='word_1_29' title='bbox 1110 455 1273 517; x_wconf 86' lang='lat' dir='ltr'><strong>speeie</strong></span> <span class='ocrx_word' id='word_1_30' title='bbox 1311 454 1629 518; x_wconf 86' lang='lat' dir='ltr'><strong>sagittarum.</strong></span> <span class='ocrx_word' id='word_1_31' title='bbox 1703 454 1794 502; x_wconf 86' lang='lat' dir='ltr'><strong>illa</strong></span> 
     </span>
     <span class='ocr_line' id='line_1_5' title="bbox 100 529 1793 591; baseline -0.002 -13"><span class='ocrx_word' id='word_1_32' title='bbox 100 531 245 579; x_wconf 86' lang='lat' dir='ltr'><strong>etiam</strong></span> <span class='ocrx_word' id='word_1_33' title='bbox 281 531 336 579; x_wconf 81' lang='lat' dir='ltr'><strong>in</strong></span> <span class='ocrx_word' id='word_1_34' title='bbox 373 533 558 591; x_wconf 71' lang='lat' dir='ltr'><strong>terywm</strong></span> <span class='ocrx_word' id='word_1_35' title='bbox 596 531 641 578; x_wconf 83' lang='lat' dir='ltr'><strong>si</strong></span> <span class='ocrx_word' id='word_1_36' title='bbox 678 530 872 591; x_wconf 79' lang='lat' dir='ltr'><strong>quando</strong></span> <span class='ocrx_word' id='word_1_37' title='bbox 904 529 1057 589; x_wconf 87' lang='lat' dir='ltr'><strong>pulsa</strong></span> <span class='ocrx_word' id='word_1_38' title='bbox 1092 529 1306 586; x_wconf 79' lang='lat' dir='ltr'><strong><em>recessit,</em></strong></span> <span class='ocrx_word' id='word_1_39' title='bbox 1346 529 1538 590; x_wconf 83' lang='lat' dir='ltr'><strong>spicula</strong></span> <span class='ocrx_word' id='word_1_40' title='bbox 1568 542 1793 576; x_wconf 74' lang='lat' dir='ltr'><strong>converso</strong></span> 
     </span>
     <span class='ocr_line' id='line_1_6' title="bbox 96 601 1794 666; baseline -0.002 -13"><span class='ocrx_word' id='word_1_41' title='bbox 96 605 338 666; x_wconf 77' lang='lat' dir='ltr'><strong>fuqientia</strong></span> <span class='ocrx_word' id='word_1_42' title='bbox 397 604 565 665; x_wconf 80' lang='lat' dir='ltr'><strong>diriqit</strong></span> <span class='ocrx_word' id='word_1_43' title='bbox 624 619 768 652; x_wconf 81' lang='lat' dir='ltr'><strong>areu:</strong></span> <span class='ocrx_word' id='word_1_44' title='bbox 826 603 918 651; x_wconf 90' lang='lat' dir='ltr'><strong>illa</strong></span> <span class='ocrx_word' id='word_1_45' title='bbox 967 602 1022 651; x_wconf 89' lang='lat' dir='ltr'><strong>in</strong></span> <span class='ocrx_word' id='word_1_46' title='bbox 1074 604 1275 652; x_wconf 90' lang='lat' dir='ltr'><strong>tantum</strong></span> <span class='ocrx_word' id='word_1_47' title='bbox 1328 618 1448 651; x_wconf 88' lang='lat' dir='ltr'><strong>arcu</strong></span> <span class='ocrx_word' id='word_1_48' title='bbox 1506 601 1692 650; x_wconf 90' lang='lat' dir='ltr'><strong>fidebat</strong></span> <span class='ocrx_word' id='word_1_49' title='bbox 1744 602 1794 650; x_wconf 86' lang='lat' dir='ltr'><strong>et</strong></span> 
     </span>
     <span class='ocr_line' id='line_1_7' title="bbox 98 677 1792 742; baseline -0.002 -15"><span class='ocrx_word' id='word_1_50' title='bbox 98 679 328 742; x_wconf 67' lang='lat' dir='ltr'><strong>spicuh&#39;S,</strong></span> <span class='ocrx_word' id='word_1_51' title='bbox 366 680 426 727; x_wconf 92' lang='lat' dir='ltr'><strong>ut</strong></span> <span class='ocrx_word' id='word_1_52' title='bbox 465 678 618 727; x_wconf 87' lang='lat' dir='ltr'><strong>etiam</strong></span> <span class='ocrx_word' id='word_1_53' title='bbox 647 681 756 727; x_wconf 91' lang='lat' dir='ltr'><strong>tum</strong></span> <span class='ocrx_word' id='word_1_54' title='bbox 786 677 1040 726; x_wconf 73' lang='lat' dir='ltr'><strong>debuisset</strong></span> <span class='ocrx_word' id='word_1_55' title='bbox 1068 678 1236 726; x_wconf 87' lang='lat' dir='ltr'><strong>timeri</strong></span> <span class='ocrx_word' id='word_1_56' title='bbox 1266 693 1381 726; x_wconf 90' lang='lat' dir='ltr'><strong>oum</strong></span> <span class='ocrx_word' id='word_1_57' title='bbox 1410 677 1621 741; x_wconf 80' lang='lat' dir='ltr'><strong>fugeret.</strong></span> <span class='ocrx_word' id='word_1_58' title='bbox 1674 691 1792 724; x_wconf 90' lang='lat' dir='ltr'><strong>nam</strong></span> 
     </span>
     <span class='ocr_line' id='line_1_8' title="bbox 97 750 1792 814; baseline -0.002 -13"><span class='ocrx_word' id='word_1_59' title='bbox 97 768 333 802; x_wconf 84' lang='lat' dir='ltr'><strong>converso</strong></span> <span class='ocrx_word' id='word_1_60' title='bbox 387 768 508 801; x_wconf 90' lang='lat' dir='ltr'><strong>arcu</strong></span> <span class='ocrx_word' id='word_1_61' title='bbox 566 754 840 801; x_wconf 74' lang='lat' dir='ltr'><strong>retrorsum</strong></span> <span class='ocrx_word' id='word_1_62' title='bbox 899 767 999 799; x_wconf 95' lang='lat' dir='ltr'><strong>non</strong></span> <span class='ocrx_word' id='word_1_63' title='bbox 1058 751 1247 800; x_wconf 84' lang='lat' dir='ltr'><strong>frustra</strong></span> <span class='ocrx_word' id='word_1_64' title='bbox 1303 751 1527 800; x_wconf 85' lang='lat' dir='ltr'><strong>iactabat</strong></span> <span class='ocrx_word' id='word_1_65' title='bbox 1586 750 1792 814; x_wconf 84' lang='lat' dir='ltr'><strong>spicula.</strong></span> 
     </span>
     <span class='ocr_line' id='line_1_9' title="bbox 96 823 1791 889; baseline -0.001 -14"><span class='ocrx_word' id='word_1_66' title='bbox 96 827 320 875; x_wconf 79' lang='lat' dir='ltr'><strong>Amazon</strong></span> <span class='ocrx_word' id='word_1_67' title='bbox 375 826 511 875; x_wconf 88' lang='lat' dir='ltr'><strong>dieta</strong></span> <span class='ocrx_word' id='word_1_68' title='bbox 563 828 640 875; x_wconf 89' lang='lat' dir='ltr'><strong>est</strong></span> <span class='ocrx_word' id='word_1_69' title='bbox 691 843 791 875; x_wconf 95' lang='lat' dir='ltr'><strong>non</strong></span> <span class='ocrx_word' id='word_1_70' title='bbox 840 828 983 887; x_wconf 90' lang='lat' dir='ltr'><strong>nata,</strong></span> <span class='ocrx_word' id='word_1_71' title='bbox 1034 825 1120 874; x_wconf 91' lang='lat' dir='ltr'><strong>sed</strong></span> <span class='ocrx_word' id='word_1_72' title='bbox 1168 826 1325 888; x_wconf 86' lang='lat' dir='ltr'><strong>facta,</strong></span> <span class='ocrx_word' id='word_1_73' title='bbox 1377 825 1432 873; x_wconf 90' lang='lat' dir='ltr'><strong>in</strong></span> <span class='ocrx_word' id='word_1_74' title='bbox 1483 825 1578 873; x_wconf 88' lang='lat' dir='ltr'><strong>hoe</strong></span> <span class='ocrx_word' id='word_1_75' title='bbox 1629 823 1791 889; x_wconf 83' lang='lat' dir='ltr'><strong>magis</strong></span> 
     </span>
     <span class='ocr_line' id='line_1_10' title="bbox 95 899 1794 963; baseline -0.001 -14"><span class='ocrx_word' id='word_1_76' title='bbox 95 901 388 963; x_wconf 83' lang='lat' dir='ltr'><strong>laudabilis,</strong></span> <span class='ocrx_word' id='word_1_77' title='bbox 421 902 540 963; x_wconf 88' lang='lat' dir='ltr'><strong>quia</strong></span> <span class='ocrx_word' id='word_1_78' title='bbox 572 900 704 963; x_wconf 91' lang='lat' dir='ltr'><strong>quod</strong></span> <span class='ocrx_word' id='word_1_79' title='bbox 735 900 864 949; x_wconf 86' lang='lat' dir='ltr'><strong>aliae</strong></span> <span class='ocrx_word' id='word_1_80' title='bbox 894 899 1141 948; x_wconf 87' lang='lat' dir='ltr'><strong>nascendo</strong></span> <span class='ocrx_word' id='word_1_81' title='bbox 1172 901 1439 949; x_wconf 78' lang='lat' dir='ltr'><strong>valuerunt</strong></span> <span class='ocrx_word' id='word_1_82' title='bbox 1466 900 1589 948; x_wconf 88' lang='lat' dir='ltr'><strong>haec</strong></span> <span class='ocrx_word' id='word_1_83' title='bbox 1626 899 1794 962; x_wconf 86' lang='lat' dir='ltr'><strong>potuit</strong></span> 
     </span>
     <span class='ocr_line' id='line_1_11' title="bbox 95 973 1791 1039; baseline -0.001 -15"><span class='ocrx_word' id='word_1_84' title='bbox 95 976 283 1038; x_wconf 89' lang='lat' dir='ltr'><strong>inplere</strong></span> <span class='ocrx_word' id='word_1_85' title='bbox 319 975 624 1025; x_wconf 87' lang='lat' dir='ltr'><strong>meditando.</strong></span> <span class='ocrx_word' id='word_1_86' title='bbox 679 991 796 1039; x_wconf 88' lang='lat' dir='ltr'><strong>ergo</strong></span> <span class='ocrx_word' id='word_1_87' title='bbox 835 974 1000 1023; x_wconf 88' lang='lat' dir='ltr'><strong>laudis</strong></span> <span class='ocrx_word' id='word_1_88' title='bbox 1040 973 1239 1022; x_wconf 87' lang='lat' dir='ltr'><strong>adfectu</strong></span> <span class='ocrx_word' id='word_1_89' title='bbox 1276 975 1498 1022; x_wconf 83' lang='lat' dir='ltr'><strong>Amazon</strong></span> <span class='ocrx_word' id='word_1_90' title='bbox 1536 973 1673 1022; x_wconf 86' lang='lat' dir='ltr'><strong>dicta</strong></span> <span class='ocrx_word' id='word_1_91' title='bbox 1702 976 1791 1035; x_wconf 87' lang='lat' dir='ltr'><strong>est,</strong></span> 
     </span>
     <span class='ocr_line' id='line_1_12' title="bbox 95 1047 1792 1111; baseline -0.002 -12"><span class='ocrx_word' id='word_1_92' title='bbox 95 1053 156 1099; x_wconf 89' lang='lat' dir='ltr'><strong>ut</strong></span> <span class='ocrx_word' id='word_1_93' title='bbox 183 1049 428 1099; x_wconf 85' lang='lat' dir='ltr'><strong>imitando</strong></span> <span class='ocrx_word' id='word_1_94' title='bbox 459 1050 578 1098; x_wconf 87' lang='lat' dir='ltr'><strong>talis</strong></span> <span class='ocrx_word' id='word_1_95' title='bbox 610 1051 739 1098; x_wconf 89' lang='lat' dir='ltr'><strong>esset</strong></span> <span class='ocrx_word' id='word_1_96' title='bbox 770 1049 942 1111; x_wconf 89' lang='lat' dir='ltr'><strong>quales</strong></span> <span class='ocrx_word' id='word_1_97' title='bbox 973 1050 1091 1097; x_wconf 88' lang='lat' dir='ltr'><strong>sunt</strong></span> <span class='ocrx_word' id='word_1_98' title='bbox 1119 1048 1395 1096; x_wconf 82' lang='lat' dir='ltr'><strong>Amazones</strong></span> <span class='ocrx_word' id='word_1_99' title='bbox 1427 1063 1552 1111; x_wconf 88' lang='lat' dir='ltr'><strong>quas</strong></span> <span class='ocrx_word' id='word_1_100' title='bbox 1585 1047 1792 1096; x_wconf 87' lang='lat' dir='ltr'><strong>adiuvat</strong></span> 
     </span>
     <span class='ocr_line' id='line_1_13' title="bbox 97 1122 1894 1189; baseline -0.001 -17"><span class='ocrx_word' id='word_1_101' title='bbox 97 1123 319 1172; x_wconf 87' lang='lat' dir='ltr'><strong>studium</strong></span> <span class='ocrx_word' id='word_1_102' title='bbox 369 1124 531 1189; x_wconf 89' lang='lat' dir='ltr'><strong>gentis</strong></span> <span class='ocrx_word' id='word_1_103' title='bbox 579 1126 630 1172; x_wconf 90' lang='lat' dir='ltr'><strong>et</strong></span> <span class='ocrx_word' id='word_1_104' title='bbox 679 1123 818 1188; x_wconf 87' lang='lat' dir='ltr'><strong>origo</strong></span> <span class='ocrx_word' id='word_1_105' title='bbox 868 1123 1126 1186; x_wconf 89' lang='lat' dir='ltr'><strong>praeclara</strong></span> <span class='ocrx_word' id='word_1_106' title='bbox 1173 1122 1422 1171; x_wconf 87' lang='lat' dir='ltr'><strong>nascendi.</strong></span> <span class='ocrx_word' id='word_1_107' title='bbox 1510 1125 1562 1170; x_wconf 87' lang='lat' dir='ltr'><strong>at</strong></span> <span class='ocrx_word' id='word_1_108' title='bbox 1610 1122 1792 1170; x_wconf 75' lang='lat' dir='ltr'><strong>circum</strong></span> <span class='ocrx_word' id='word_1_109' title='bbox 1808 1129 1894 1170; x_wconf 84' lang='lat'><strong>655</strong></span> 
     </span>
     <span class='ocr_line' id='line_1_14' title="bbox 97 1195 1790 1258; baseline -0.002 -12"><span class='ocrx_word' id='word_1_110' title='bbox 97 1199 242 1246; x_wconf 90' lang='lat' dir='ltr'><strong>lectae</strong></span> <span class='ocrx_word' id='word_1_111' title='bbox 280 1199 495 1247; x_wconf 84' lang='lat' dir='ltr'><strong>comites:</strong></span> <span class='ocrx_word' id='word_1_112' title='bbox 540 1198 744 1246; x_wconf 88' lang='lat' dir='ltr'><strong>fuerunt</strong></span> <span class='ocrx_word' id='word_1_113' title='bbox 790 1213 901 1246; x_wconf 88' lang='lat' dir='ltr'><strong>eum</strong></span> <span class='ocrx_word' id='word_1_114' title='bbox 947 1213 1007 1245; x_wconf 91' lang='lat' dir='ltr'><strong>ea</strong></span> <span class='ocrx_word' id='word_1_115' title='bbox 1052 1197 1210 1245; x_wconf 87' lang='lat' dir='ltr'><strong>lectae</strong></span> <span class='ocrx_word' id='word_1_116' title='bbox 1257 1198 1486 1258; x_wconf 84' lang='lat' dir='ltr'><strong>comites3</strong></span> <span class='ocrx_word' id='word_1_117' title='bbox 1531 1211 1632 1243; x_wconf 92' lang='lat' dir='ltr'><strong>non</strong></span> <span class='ocrx_word' id='word_1_118' title='bbox 1676 1195 1790 1244; x_wconf 89' lang='lat' dir='ltr'><strong>ideo</strong></span> 
     </span>
     <span class='ocr_line' id='line_1_15' title="bbox 94 1269 1791 1335; baseline -0.001 -16"><span class='ocrx_word' id='word_1_119' title='bbox 94 1273 250 1322; x_wconf 87' lang='lat' dir='ltr'><strong>lectas</strong></span> <span class='ocrx_word' id='word_1_120' title='bbox 298 1272 443 1334; x_wconf 84' lang='lat' dir='ltr'><strong>dixit,</strong></span> <span class='ocrx_word' id='word_1_121' title='bbox 488 1274 547 1321; x_wconf 92' lang='lat' dir='ltr'><strong>ut</strong></span> <span class='ocrx_word' id='word_1_122' title='bbox 592 1273 725 1335; x_wconf 88' lang='lat' dir='ltr'><strong>apud</strong></span> <span class='ocrx_word' id='word_1_123' title='bbox 762 1271 979 1319; x_wconf 82' lang='lat' dir='ltr'><strong>Dianam</strong></span> <span class='ocrx_word' id='word_1_124' title='bbox 1023 1270 1263 1334; x_wconf 83' lang='lat' dir='ltr'><strong>reprobae</strong></span> <span class='ocrx_word' id='word_1_125' title='bbox 1311 1271 1607 1319; x_wconf 85' lang='lat' dir='ltr'><strong>remansisse</strong></span> <span class='ocrx_word' id='word_1_126' title='bbox 1657 1269 1791 1319; x_wconf 86' lang='lat' dir='ltr'><strong>vide·</strong></span> 
     </span>
     <span class='ocr_line' id='line_1_16' title="bbox 94 1344 1790 1410; baseline -0.002 -15"><span class='ocrx_word' id='word_1_127' title='bbox 94 1350 288 1409; x_wconf 89' lang='lat' dir='ltr'><strong>rentur,</strong></span> <span class='ocrx_word' id='word_1_128' title='bbox 327 1346 413 1396; x_wconf 89' lang='lat' dir='ltr'><strong>sed</strong></span> <span class='ocrx_word' id='word_1_129' title='bbox 452 1346 587 1410; x_wconf 90' lang='lat' dir='ltr'><strong>quod</strong></span> <span class='ocrx_word' id='word_1_130' title='bbox 626 1347 787 1394; x_wconf 89' lang='lat' dir='ltr'><strong>omnis</strong></span> <span class='ocrx_word' id='word_1_131' title='bbox 824 1346 979 1394; x_wconf 90' lang='lat' dir='ltr'><strong>lectas</strong></span> <span class='ocrx_word' id='word_1_132' title='bbox 1009 1345 1281 1394; x_wconf 73' lang='lat' dir='ltr'><strong>habuisset.</strong></span> <span class='ocrx_word' id='word_1_133' title='bbox 1336 1345 1627 1404; x_wconf 80' lang='lat' dir='ltr'><strong>Larinaque</strong></span> <span class='ocrx_word' id='word_1_134' title='bbox 1654 1344 1790 1405; x_wconf 77' lang='lat' dir='ltr'><strong>viryo</strong></span> 
     </span>
     <span class='ocr_line' id='line_1_17' title="bbox 96 1418 1790 1481; baseline -0.001 -13"><span class='ocrx_word' id='word_1_135' title='bbox 96 1421 336 1481; x_wconf 77' lang='lat' dir='ltr'><strong>Tullaque</strong></span> <span class='ocrx_word' id='word_1_136' title='bbox 381 1423 425 1468; x_wconf 87' lang='lat' dir='ltr'><strong>et</strong></span> <span class='ocrx_word' id='word_1_137' title='bbox 470 1423 692 1469; x_wconf 83' lang='lat' dir='ltr'><strong>aeratam</strong></span> <span class='ocrx_word' id='word_1_138' title='bbox 738 1421 961 1480; x_wconf 77' lang='lat' dir='ltr'><strong>quatiens</strong></span> <span class='ocrx_word' id='word_1_139' title='bbox 1002 1420 1219 1480; x_wconf 82' lang='lat' dir='ltr'><strong>Tarpeia</strong></span> <span class='ocrx_word' id='word_1_140' title='bbox 1264 1420 1496 1467; x_wconf 84' lang='lat' dir='ltr'><strong>securim:</strong></span> <span class='ocrx_word' id='word_1_141' title='bbox 1549 1418 1685 1481; x_wconf 89' lang='lat' dir='ltr'><strong>quod</strong></span> <span class='ocrx_word' id='word_1_142' title='bbox 1730 1418 1790 1466; x_wconf 91' lang='lat' dir='ltr'><strong>de</strong></span> 
     </span>
     <span class='ocr_line' id='line_1_18' title="bbox 93 1492 1788 1559; baseline -0.001 -16"><span class='ocrx_word' id='word_1_143' title='bbox 93 1511 196 1543; x_wconf 90' lang='lat' dir='ltr'><strong>una</strong></span> <span class='ocrx_word' id='word_1_144' title='bbox 233 1495 362 1543; x_wconf 86' lang='lat' dir='ltr'><strong>dixit</strong></span> <span class='ocrx_word' id='word_1_145' title='bbox 409 1494 552 1559; x_wconf 84' lang='lat' dir='ltr'><strong>virgo</strong></span> <span class='ocrx_word' id='word_1_146' title='bbox 592 1495 657 1543; x_wconf 87' lang='lat' dir='ltr'><strong>ad</strong></span> <span class='ocrx_word' id='word_1_147' title='bbox 702 1495 863 1543; x_wconf 90' lang='lat' dir='ltr'><strong>omnis</strong></span> <span class='ocrx_word' id='word_1_148' title='bbox 909 1494 1151 1556; x_wconf 85' lang='lat' dir='ltr'><strong>pertinet3</strong></span> <span class='ocrx_word' id='word_1_149' title='bbox 1191 1509 1359 1542; x_wconf 91' lang='lat' dir='ltr'><strong>omnes</strong></span> <span class='ocrx_word' id='word_1_150' title='bbox 1400 1492 1531 1542; x_wconf 88' lang='lat' dir='ltr'><strong>enim</strong></span> <span class='ocrx_word' id='word_1_151' title='bbox 1569 1493 1788 1556; x_wconf 84' lang='lat' dir='ltr'><strong>virgines</strong></span> 
     </span>
     <span class='ocr_line' id='line_1_19' title="bbox 93 1567 1789 1632; baseline -0.002 -14"><span class='ocrx_word' id='word_1_152' title='bbox 93 1570 293 1618; x_wconf 89' lang='lat' dir='ltr'><strong>fuerant</strong></span> <span class='ocrx_word' id='word_1_153' title='bbox 330 1569 545 1631; x_wconf 90' lang='lat' dir='ltr'><strong>Dianae,</strong></span> <span class='ocrx_word' id='word_1_154' title='bbox 584 1569 766 1632; x_wconf 89' lang='lat' dir='ltr'><strong>quippe</strong></span> <span class='ocrx_word' id='word_1_155' title='bbox 807 1567 1208 1630; x_wconf 75' lang='lat' dir='ltr'><strong>obsequebantur</strong></span> <span class='ocrx_word' id='word_1_156' title='bbox 1245 1568 1523 1616; x_wconf 84' lang='lat' dir='ltr'><strong>ministerio</strong></span> <span class='ocrx_word' id='word_1_157' title='bbox 1570 1567 1789 1615; x_wconf 89' lang='lat' dir='ltr'><strong>eiusdem</strong></span> 
     </span>
     <span class='ocr_line' id='line_1_20' title="bbox 94 1642 1791 1704; baseline -0.001 -13"><span class='ocrx_word' id='word_1_158' title='bbox 94 1643 230 1692; x_wconf 87' lang='lat' dir='ltr'><strong>deae.</strong></span> <span class='ocrx_word' id='word_1_159' title='bbox 304 1643 536 1692; x_wconf 82' lang='lat' dir='ltr'><strong>Italides:</strong></span> <span class='ocrx_word' id='word_1_160' title='bbox 572 1659 663 1691; x_wconf 89' lang='lat' dir='ltr'><strong>neo</strong></span> <span class='ocrx_word' id='word_1_161' title='bbox 699 1642 932 1691; x_wconf 83' lang='lat' dir='ltr'><strong>inmerito</strong></span> <span class='ocrx_word' id='word_1_162' title='bbox 970 1642 1200 1703; x_wconf 78' lang='lat' dir='ltr'><strong>Italides,</strong></span> <span class='ocrx_word' id='word_1_163' title='bbox 1238 1643 1413 1704; x_wconf 80' lang='lat' dir='ltr'><strong>utpote</strong></span> <span class='ocrx_word' id='word_1_164' title='bbox 1453 1656 1580 1703; x_wconf 89' lang='lat' dir='ltr'><strong>quae</strong></span> <span class='ocrx_word' id='word_1_165' title='bbox 1626 1643 1791 1690; x_wconf 88' lang='lat' dir='ltr'><strong>essent</strong></span> 
     </span>
     <span class='ocr_line' id='line_1_21' title="bbox 94 1715 1789 1780; baseline -0.002 -14"><span class='ocrx_word' id='word_1_166' title='bbox 94 1734 154 1766; x_wconf 88' lang='lat' dir='ltr'><strong>ex</strong></span> <span class='ocrx_word' id='word_1_167' title='bbox 190 1717 366 1779; x_wconf 82' lang='lat' dir='ltr'><strong>Italia3</strong></span> <span class='ocrx_word' id='word_1_168' title='bbox 413 1719 485 1766; x_wconf 90' lang='lat' dir='ltr'><strong>sic</strong></span> <span class='ocrx_word' id='word_1_169' title='bbox 528 1718 623 1766; x_wconf 90' lang='lat' dir='ltr'><strong>hoc</strong></span> <span class='ocrx_word' id='word_1_170' title='bbox 670 1718 780 1766; x_wconf 90' lang='lat' dir='ltr'><strong>loco</strong></span> <span class='ocrx_word' id='word_1_171' title='bbox 826 1716 1032 1765; x_wconf 88' lang='lat' dir='ltr'><strong>laudare</strong></span> <span class='ocrx_word' id='word_1_172' title='bbox 1072 1716 1324 1780; x_wconf 85' lang='lat' dir='ltr'><strong>Vergilius</strong></span> <span class='ocrx_word' id='word_1_173' title='bbox 1362 1716 1567 1764; x_wconf 88' lang='lat' dir='ltr'><strong>Italiam</strong></span> <span class='ocrx_word' id='word_1_174' title='bbox 1612 1715 1789 1776; x_wconf 85' lang='lat' dir='ltr'><strong>voluit,</strong></span> 
     </span>
     <span class='ocr_line' id='line_1_22' title="bbox 95 1790 1790 1855; baseline -0.002 -14"><span class='ocrx_word' id='word_1_175' title='bbox 95 1793 240 1855; x_wconf 87' lang='lat' dir='ltr'><strong>quasi</strong></span> <span class='ocrx_word' id='word_1_176' title='bbox 276 1792 417 1841; x_wconf 90' lang='lat' dir='ltr'><strong>nulla</strong></span> <span class='ocrx_word' id='word_1_177' title='bbox 453 1794 587 1840; x_wconf 87' lang='lat' dir='ltr'><strong>terra</strong></span> <span class='ocrx_word' id='word_1_178' title='bbox 623 1791 853 1840; x_wconf 90' lang='lat' dir='ltr'><strong>meliores</strong></span> <span class='ocrx_word' id='word_1_179' title='bbox 890 1791 1110 1854; x_wconf 87' lang='lat' dir='ltr'><strong>proferre</strong></span> <span class='ocrx_word' id='word_1_180' title='bbox 1148 1790 1307 1853; x_wconf 90' lang='lat' dir='ltr'><strong>possit</strong></span> <span class='ocrx_word' id='word_1_181' title='bbox 1346 1792 1435 1838; x_wconf 91' lang='lat' dir='ltr'><strong>aut</strong></span> <span class='ocrx_word' id='word_1_182' title='bbox 1470 1790 1604 1838; x_wconf 89' lang='lat' dir='ltr'><strong>talis.</strong></span> <span class='ocrx_word' id='word_1_183' title='bbox 1666 1804 1790 1849; x_wconf 84' lang='lat' dir='ltr'><strong>quas</strong></span> 
     </span>
     <span class='ocr_line' id='line_1_23' title="bbox 93 1863 1789 1927; baseline -0.002 -12"><span class='ocrx_word' id='word_1_184' title='bbox 93 1868 205 1927; x_wconf 85' lang='lat' dir='ltr'><strong>ipsa</strong></span> <span class='ocrx_word' id='word_1_185' title='bbox 243 1866 388 1914; x_wconf 81' lang='lat' dir='ltr'><strong>decus</strong></span> <span class='ocrx_word' id='word_1_186' title='bbox 426 1867 522 1914; x_wconf 85' lang='lat' dir='ltr'><strong>sibi</strong></span> <span class='ocrx_word' id='word_1_187' title='bbox 558 1867 646 1915; x_wconf 80' lang='lat' dir='ltr'><strong>dia</strong></span> <span class='ocrx_word' id='word_1_188' title='bbox 686 1864 899 1914; x_wconf 78' lang='lat' dir='ltr'><strong>Camilla</strong></span> <span class='ocrx_word' id='word_1_189' title='bbox 937 1865 1108 1926; x_wconf 75' lang='lat' dir='ltr'><strong>deleqit</strong></span> <span class='ocrx_word' id='word_1_190' title='bbox 1137 1866 1371 1925; x_wconf 77' lang='lat' dir='ltr'><strong>pacisque</strong></span> <span class='ocrx_word' id='word_1_191' title='bbox 1403 1865 1556 1912; x_wconf 80' lang='lat' dir='ltr'><strong>bonas</strong></span> <span class='ocrx_word' id='word_1_192' title='bbox 1587 1863 1789 1923; x_wconf 80' lang='lat' dir='ltr'><strong>bellique</strong></span> 
     </span>
     <span class='ocr_line' id='line_1_24' title="bbox 92 1937 1787 2001; baseline -0.002 -13"><span class='ocrx_word' id='word_1_193' title='bbox 92 1940 371 1988; x_wconf 81' lang='lat' dir='ltr'><strong>ministras:</strong></span> <span class='ocrx_word' id='word_1_194' title='bbox 408 1942 610 1988; x_wconf 90' lang='lat' dir='ltr'><strong>tantum</strong></span> <span class='ocrx_word' id='word_1_195' title='bbox 650 1938 862 1988; x_wconf 79' lang='lat' dir='ltr'><strong>Camilla</strong></span> <span class='ocrx_word' id='word_1_196' title='bbox 900 1938 965 1987; x_wconf 87' lang='lat' dir='ltr'><strong>ad</strong></span> <span class='ocrx_word' id='word_1_197' title='bbox 1002 1939 1195 1987; x_wconf 90' lang='lat' dir='ltr'><strong>Dianae</strong></span> <span class='ocrx_word' id='word_1_198' title='bbox 1236 1938 1457 1987; x_wconf 86' lang='lat' dir='ltr'><strong>animum</strong></span> <span class='ocrx_word' id='word_1_199' title='bbox 1493 1937 1787 2001; x_wconf 80' lang='lat' dir='ltr'><strong>pertinebat,</strong></span> 
     </span>
     <span class='ocr_line' id='line_1_25' title="bbox 92 2012 1788 2077; baseline -0.001 -15"><span class='ocrx_word' id='word_1_200' title='bbox 92 2016 153 2062; x_wconf 91' lang='lat' dir='ltr'><strong>ut</strong></span> <span class='ocrx_word' id='word_1_201' title='bbox 202 2014 337 2077; x_wconf 88' lang='lat' dir='ltr'><strong>apud</strong></span> <span class='ocrx_word' id='word_1_202' title='bbox 387 2013 545 2063; x_wconf 89' lang='lat' dir='ltr'><strong>socias</strong></span> <span class='ocrx_word' id='word_1_203' title='bbox 595 2029 709 2063; x_wconf 87' lang='lat' dir='ltr'><strong>suas</strong></span> <span class='ocrx_word' id='word_1_204' title='bbox 759 2030 849 2077; x_wconf 91' lang='lat' dir='ltr'><strong>pro</strong></span> <span class='ocrx_word' id='word_1_205' title='bbox 900 2013 993 2061; x_wconf 88' lang='lat' dir='ltr'><strong>dea</strong></span> <span class='ocrx_word' id='word_1_206' title='bbox 1041 2013 1318 2061; x_wconf 88' lang='lat' dir='ltr'><strong>haberetur.</strong></span> <span class='ocrx_word' id='word_1_207' title='bbox 1404 2012 1637 2076; x_wconf 91' lang='lat' dir='ltr'><strong>denique,</strong></span> <span class='ocrx_word' id='word_1_208' title='bbox 1676 2027 1788 2060; x_wconf 88' lang='lat' dir='ltr'><strong>cum</strong></span> 
     </span>
     <span class='ocr_line' id='line_1_26' title="bbox 92 2085 1789 2151; baseline -0.001 -15"><span class='ocrx_word' id='word_1_209' title='bbox 92 2087 190 2137; x_wconf 89' lang='lat' dir='ltr'><strong>iret</strong></span> <span class='ocrx_word' id='word_1_210' title='bbox 228 2089 292 2137; x_wconf 89' lang='lat' dir='ltr'><strong>ad</strong></span> <span class='ocrx_word' id='word_1_211' title='bbox 329 2087 536 2151; x_wconf 86' lang='lat' dir='ltr'><strong>bellum,</strong></span> <span class='ocrx_word' id='word_1_212' title='bbox 572 2088 670 2137; x_wconf 80' lang='lat' dir='ltr'><strong>has&#39;</strong></span> <span class='ocrx_word' id='word_1_213' title='bbox 704 2088 800 2137; x_wconf 85' lang='lat' dir='ltr'><strong>sibi</strong></span> <span class='ocrx_word' id='word_1_214' title='bbox 839 2102 944 2137; x_wconf 88' lang='lat' dir='ltr'><strong>esse</strong></span> <span class='ocrx_word' id='word_1_215' title='bbox 983 2088 1188 2135; x_wconf 84' lang='lat' dir='ltr'><strong>comites</strong></span> <span class='ocrx_word' id='word_1_216' title='bbox 1227 2085 1411 2148; x_wconf 85' lang='lat' dir='ltr'><strong>voluit,</strong></span> <span class='ocrx_word' id='word_1_217' title='bbox 1450 2086 1586 2150; x_wconf 89' lang='lat' dir='ltr'><strong>quod</strong></span> <span class='ocrx_word' id='word_1_218' title='bbox 1625 2089 1789 2135; x_wconf 90' lang='lat' dir='ltr'><strong>essent</strong></span> 
     </span>
     <span class='ocr_line' id='line_1_27' title="bbox 94 2160 1786 2225; baseline -0.002 -14"><span class='ocrx_word' id='word_1_219' title='bbox 94 2164 383 2211; x_wconf 88' lang='lat' dir='ltr'><strong>ornamento</strong></span> <span class='ocrx_word' id='word_1_220' title='bbox 436 2163 490 2210; x_wconf 90' lang='lat' dir='ltr'><strong>in</strong></span> <span class='ocrx_word' id='word_1_221' title='bbox 541 2178 663 2225; x_wconf 88' lang='lat' dir='ltr'><strong>pace</strong></span> <span class='ocrx_word' id='word_1_222' title='bbox 717 2164 768 2211; x_wconf 90' lang='lat' dir='ltr'><strong>et</strong></span> <span class='ocrx_word' id='word_1_223' title='bbox 818 2161 1077 2210; x_wconf 85' lang='lat' dir='ltr'><strong>ministrae</strong></span> <span class='ocrx_word' id='word_1_224' title='bbox 1128 2162 1182 2209; x_wconf 91' lang='lat' dir='ltr'><strong>in</strong></span> <span class='ocrx_word' id='word_1_225' title='bbox 1237 2161 1591 2210; x_wconf 85' lang='lat' dir='ltr'><strong>certaminibus</strong></span> <span class='ocrx_word' id='word_1_226' title='bbox 1652 2160 1786 2208; x_wconf 83' lang='lat' dir='ltr'><strong>belli.</strong></span> 
     </span>
     <span class='ocr_line' id='line_1_28' title="bbox 92 2235 1785 2300; baseline -0.002 -15"><span class='ocrx_word' id='word_1_227' title='bbox 92 2238 258 2299; x_wconf 86' lang='lat' dir='ltr'><strong>potest</strong></span> <span class='ocrx_word' id='word_1_228' title='bbox 307 2240 358 2284; x_wconf 92' lang='lat' dir='ltr'><strong>et</strong></span> <span class='ocrx_word' id='word_1_229' title='bbox 407 2237 478 2285; x_wconf 88' lang='lat' dir='ltr'><strong>sic</strong></span> <span class='ocrx_word' id='word_1_230' title='bbox 522 2236 748 2300; x_wconf 88' lang='lat' dir='ltr'><strong>intellegi</strong></span> <span class='ocrx_word' id='word_1_231' title='bbox 796 2239 854 2284; x_wconf 90' lang='lat' dir='ltr'><strong>ut</strong></span> <span class='ocrx_word' id='word_1_232' title='bbox 902 2235 1032 2284; x_wconf 89' lang='lat' dir='ltr'><strong>bello</strong></span> <span class='ocrx_word' id='word_1_233' title='bbox 1083 2237 1134 2284; x_wconf 89' lang='lat' dir='ltr'><strong>et</strong></span> <span class='ocrx_word' id='word_1_234' title='bbox 1180 2236 1294 2298; x_wconf 89' lang='lat' dir='ltr'><strong>paci</strong></span> <span class='ocrx_word' id='word_1_235' title='bbox 1344 2237 1634 2284; x_wconf 89' lang='lat' dir='ltr'><strong>ornamento</strong></span> <span class='ocrx_word' id='word_1_236' title='bbox 1682 2250 1785 2283; x_wconf 89' lang='lat' dir='ltr'><strong>esse</strong></span> 
     </span>
     <span class='ocr_line' id='line_1_29' title="bbox 92 2309 1786 2372; baseline -0.002 -12"><span class='ocrx_word' id='word_1_237' title='bbox 92 2311 398 2371; x_wconf 82' lang='lat' dir='ltr'><strong>viderentur,</strong></span> <span class='ocrx_word' id='word_1_238' title='bbox 436 2313 496 2358; x_wconf 91' lang='lat' dir='ltr'><strong>ut</strong></span> <span class='ocrx_word' id='word_1_239' title='bbox 534 2310 605 2360; x_wconf 88' lang='lat' dir='ltr'><strong>sic</strong></span> <span class='ocrx_word' id='word_1_240' title='bbox 642 2311 696 2358; x_wconf 88' lang='lat' dir='ltr'><strong>in</strong></span> <span class='ocrx_word' id='word_1_241' title='bbox 733 2312 948 2372; x_wconf 84' lang='lat' dir='ltr'><strong>utroque</strong></span> <span class='ocrx_word' id='word_1_242' title='bbox 989 2309 1397 2372; x_wconf 87' lang='lat' dir='ltr'><strong>obsequerentur,</strong></span> <span class='ocrx_word' id='word_1_243' title='bbox 1429 2311 1490 2358; x_wconf 90' lang='lat' dir='ltr'><strong>ut</strong></span> <span class='ocrx_word' id='word_1_244' title='bbox 1519 2311 1786 2370; x_wconf 90' lang='lat' dir='ltr'><strong>utrumque</strong></span> 
     </span>
     <span class='ocr_line' id='line_1_30' title="bbox 94 2382 1787 2447; baseline -0.002 -14"><span class='ocrx_word' id='word_1_245' title='bbox 94 2388 350 2446; x_wconf 84' lang='lat' dir='ltr'><strong>ornarent,</strong></span> <span class='ocrx_word' id='word_1_246' title='bbox 389 2386 439 2433; x_wconf 86' lang='lat' dir='ltr'><strong>et</strong></span> <span class='ocrx_word' id='word_1_247' title='bbox 475 2385 569 2433; x_wconf 87' lang='lat' dir='ltr'><strong>hoc</strong></span> <span class='ocrx_word' id='word_1_248' title='bbox 608 2399 712 2433; x_wconf 91' lang='lat' dir='ltr'><strong>esse</strong></span> <span class='ocrx_word' id='word_1_249' title='bbox 751 2383 967 2432; x_wconf 87' lang='lat' dir='ltr'><strong>arbitror</strong></span> <span class='ocrx_word' id='word_1_250' title='bbox 1003 2384 1195 2434; x_wconf 77' lang='lat' dir='ltr'><strong>meliuS.</strong></span> <span class='ocrx_word' id='word_1_251' title='bbox 1247 2382 1360 2447; x_wconf 89' lang='lat' dir='ltr'><strong>ipsa</strong></span> <span class='ocrx_word' id='word_1_252' title='bbox 1391 2386 1468 2432; x_wconf 87' lang='lat' dir='ltr'><strong>est</strong></span> <span class='ocrx_word' id='word_1_253' title='bbox 1498 2383 1629 2432; x_wconf 91' lang='lat' dir='ltr'><strong>enim</strong></span> <span class='ocrx_word' id='word_1_254' title='bbox 1659 2398 1787 2445; x_wconf 90' lang='lat' dir='ltr'><strong>pura</strong></span> 
     </span>
     <span class='ocr_line' id='line_1_31' title="bbox 94 2457 1786 2522; baseline -0.003 -14"><span class='ocrx_word' id='word_1_255' title='bbox 94 2459 305 2508; x_wconf 90' lang='lat' dir='ltr'><strong>societas</strong></span> <span class='ocrx_word' id='word_1_256' title='bbox 339 2461 389 2507; x_wconf 92' lang='lat' dir='ltr'><strong>et</strong></span> <span class='ocrx_word' id='word_1_257' title='bbox 419 2474 538 2508; x_wconf 85' lang='lat' dir='ltr'><strong>vera</strong></span> <span class='ocrx_word' id='word_1_258' title='bbox 566 2458 766 2522; x_wconf 84' lang='lat' dir='ltr'><strong>religiO,</strong></span> <span class='ocrx_word' id='word_1_259' title='bbox 797 2459 858 2506; x_wconf 90' lang='lat' dir='ltr'><strong>ut</strong></span> <span class='ocrx_word' id='word_1_260' title='bbox 886 2457 1079 2506; x_wconf 92' lang='lat' dir='ltr'><strong>nullum</strong></span> <span class='ocrx_word' id='word_1_261' title='bbox 1109 2460 1305 2521; x_wconf 85' lang='lat' dir='ltr'><strong>tempus</strong></span> <span class='ocrx_word' id='word_1_262' title='bbox 1338 2457 1601 2507; x_wconf 88' lang='lat' dir='ltr'><strong>dissimiles</strong></span> <span class='ocrx_word' id='word_1_263' title='bbox 1633 2457 1786 2504; x_wconf 87' lang='lat' dir='ltr'><strong>faciat</strong></span> 
     </span>
     <span class='ocr_line' id='line_1_32' title="bbox 95 2530 1785 2597; baseline -0.003 -15"><span class='ocrx_word' id='word_1_264' title='bbox 95 2549 217 2597; x_wconf 91' lang='lat' dir='ltr'><strong>quos</strong></span> <span class='ocrx_word' id='word_1_265' title='bbox 263 2533 464 2582; x_wconf 87' lang='lat' dir='ltr'><strong>foedera</strong></span> <span class='ocrx_word' id='word_1_266' title='bbox 512 2534 743 2594; x_wconf 88' lang='lat' dir='ltr'><strong>suscepta</strong></span> <span class='ocrx_word' id='word_1_267' title='bbox 789 2531 1145 2581; x_wconf 85' lang='lat' dir='ltr'><strong>coniunxerint.</strong></span> <span class='ocrx_word' id='word_1_268' title='bbox 1230 2533 1496 2595; x_wconf 90' lang='lat' dir='ltr'><strong>pulchrum</strong></span> <span class='ocrx_word' id='word_1_269' title='bbox 1542 2534 1617 2579; x_wconf 87' lang='lat' dir='ltr'><strong>est</strong></span> <span class='ocrx_word' id='word_1_270' title='bbox 1655 2530 1785 2577; x_wconf 89' lang='lat' dir='ltr'><strong>enim</strong></span> 
     </span>
     <span class='ocr_line' id='line_1_33' title="bbox 94 2605 1786 2656; baseline -0.002 0"><span class='ocrx_word' id='word_1_271' title='bbox 94 2623 289 2656; x_wconf 85' lang='lat' dir='ltr'><strong>servare</strong></span> <span class='ocrx_word' id='word_1_272' title='bbox 327 2608 617 2656; x_wconf 85' lang='lat' dir='ltr'><strong>societatem</strong></span> <span class='ocrx_word' id='word_1_273' title='bbox 664 2609 714 2654; x_wconf 89' lang='lat' dir='ltr'><strong>et</strong></span> <span class='ocrx_word' id='word_1_274' title='bbox 759 2605 863 2654; x_wconf 91' lang='lat' dir='ltr'><strong>eius</strong></span> <span class='ocrx_word' id='word_1_275' title='bbox 901 2605 1215 2655; x_wconf 88' lang='lat' dir='ltr'><strong>commodum</strong></span> <span class='ocrx_word' id='word_1_276' title='bbox 1260 2606 1519 2655; x_wconf 87' lang='lat' dir='ltr'><strong>custodire.</strong></span> <span class='ocrx_word' id='word_1_277' title='bbox 1595 2605 1786 2652; x_wconf 89' lang='lat' dir='ltr'><strong>nullam</strong></span> 
     </span>
     <span class='ocr_line' id='line_1_34' title="bbox 92 2677 1785 2744; baseline -0.002 -14"><span class='ocrx_word' id='word_1_278' title='bbox 92 2682 304 2730; x_wconf 90' lang='lat' dir='ltr'><strong>istarum</strong></span> <span class='ocrx_word' id='word_1_279' title='bbox 329 2681 450 2730; x_wconf 86' lang='lat' dir='ltr'><strong>dicit</strong></span> <span class='ocrx_word' id='word_1_280' title='bbox 479 2681 599 2729; x_wconf 87' lang='lat' dir='ltr'><strong>belli</strong></span> <span class='ocrx_word' id='word_1_281' title='bbox 629 2681 839 2744; x_wconf 88' lang='lat' dir='ltr'><strong>gessisse</strong></span> <span class='ocrx_word' id='word_1_282' title='bbox 869 2682 1131 2742; x_wconf 88' lang='lat' dir='ltr'><strong>certamen,</strong></span> <span class='ocrx_word' id='word_1_283' title='bbox 1155 2680 1240 2730; x_wconf 90' lang='lat' dir='ltr'><strong>sed</strong></span> <span class='ocrx_word' id='word_1_284' title='bbox 1265 2681 1487 2729; x_wconf 87' lang='lat' dir='ltr'><strong>adseruit</strong></span> <span class='ocrx_word' id='word_1_285' title='bbox 1509 2677 1785 2727; x_wconf 81' lang='lat' dir='ltr'><strong>ministerio</strong></span> 
     </span>
    </p>
   </div>
   <div class='ocr_carea' id='block_1_3' title="bbox 94 2789 447 2796">
    <p class='ocr_par' dir='ltr' id='par_1_3' title="bbox 94 2789 447 2796">
     <span class='ocr_line' id='line_1_35' title="bbox 94 2789 447 2796; baseline 0 0"><span class='ocrx_word' id='word_1_286' title='bbox 94 2789 447 2796; x_wconf 95' lang='lat' dir='ltr'><strong> </strong></span> 
     </span>
    </p>
   </div>
   <div class='ocr_carea' id='block_1_4' title="bbox 56 2863 1782 3043">
    <p class='ocr_par' dir='ltr' id='par_1_4' title="bbox 56 2863 1782 3043">
     <span class='ocr_line' id='line_1_36' title="bbox 92 2863 1782 2923; baseline -0.002 -11"><span class='ocrx_word' id='word_1_287' title='bbox 92 2873 228 2912; x_wconf 79' lang='lat' dir='ltr'><strong>sonat</strong></span> <span class='ocrx_word' id='word_1_288' title='bbox 268 2867 340 2912; x_wconf 86' lang='lat' dir='ltr'><strong>ed.</strong></span> <span class='ocrx_word' id='word_1_289' title='bbox 379 2869 427 2911; x_wconf 89' lang='lat' dir='ltr'><strong>et</strong></span> <span class='ocrx_word' id='word_1_290' title='bbox 464 2866 603 2923; x_wconf 89' lang='lat' dir='ltr'><strong>Verg.</strong></span> <span class='ocrx_word' id='word_1_291' title='bbox 642 2865 765 2909; x_wconf 87' lang='lat' dir='ltr'><strong>libri.</strong></span> <span class='ocrx_word' id='word_1_292' title='bbox 889 2870 914 2909; x_wconf 89' lang='grc'><strong>6</strong></span> <span class='ocrx_word' id='word_1_293' title='bbox 957 2871 1052 2910; x_wconf 89' lang='lat' dir='ltr'><strong>tum</strong></span> <span class='ocrx_word' id='word_1_294' title='bbox 1094 2880 1182 2910; x_wconf 88' lang='lat' dir='ltr'><strong>om.</strong></span> <span class='ocrx_word' id='word_1_295' title='bbox 1225 2866 1296 2910; x_wconf 63' lang='lat' dir='ltr'><strong>ed·</strong></span> <span class='ocrx_word' id='word_1_296' title='bbox 1420 2870 1476 2909; x_wconf 82' lang='grc'><strong>16</strong></span> <span class='ocrx_word' id='word_1_297' title='bbox 1519 2865 1690 2921; x_wconf 68' lang='lat' dir='ltr'><strong>tevpeia</strong></span> <span class='ocrx_word' id='word_1_298' title='bbox 1732 2863 1782 2908; x_wconf 87' lang='lat' dir='ltr'><strong>V.</strong></span> 
     </span>
     <span class='ocr_line' id='line_1_37' title="bbox 56 2923 1781 2983; baseline -0.001 -13"><span class='ocrx_word' id='word_1_299' title='bbox 56 2974 60 2976; x_wconf 58' lang='grc'>,</span> <span class='ocrx_word' id='word_1_300' title='bbox 95 2931 150 2970; x_wconf 93' lang='grc'><strong>18</strong></span> <span class='ocrx_word' id='word_1_301' title='bbox 200 2928 366 2983; x_wconf 79' lang='lat' dir='ltr'><strong>quippe</strong></span> <span class='ocrx_word' id='word_1_302' title='bbox 401 2926 444 2970; x_wconf 89' lang='lat' dir='ltr'><strong>V</strong></span> <span class='ocrx_word' id='word_1_303' title='bbox 494 2940 608 2983; x_wconf 85' lang='lat' dir='ltr'><strong>quae</strong></span> <span class='ocrx_word' id='word_1_304' title='bbox 658 2925 729 2969; x_wconf 86' lang='lat' dir='ltr'><strong>ed.</strong></span> <span class='ocrx_word' id='word_1_305' title='bbox 866 2929 920 2968; x_wconf 85' lang='lat'><strong>19</strong></span> <span class='ocrx_word' id='word_1_306' title='bbox 966 2926 1033 2970; x_wconf 76' lang='lat' dir='ltr'><strong>ibi</strong></span> <span class='ocrx_word' id='word_1_307' title='bbox 1077 2927 1234 2970; x_wconf 83' lang='lat' dir='ltr'><strong>merito</strong></span> <span class='ocrx_word' id='word_1_308' title='bbox 1281 2925 1395 2969; x_wconf 85' lang='lat' dir='ltr'><strong>tales</strong></span> <span class='ocrx_word' id='word_1_309' title='bbox 1429 2924 1470 2967; x_wconf 93' lang='lat' dir='ltr'><strong>V</strong></span> <span class='ocrx_word' id='word_1_310' title='bbox 1512 2938 1625 2969; x_wconf 89' lang='lat' dir='ltr'><strong>corr.</strong></span> <span class='ocrx_word' id='word_1_311' title='bbox 1666 2923 1781 2968; x_wconf 86' lang='lat' dir='ltr'><strong>edF.</strong></span> 
     </span>
     <span class='ocr_line' id='line_1_38' title="bbox 94 2983 1310 3043; baseline 0 -15"><span class='ocrx_word' id='word_1_312' title='bbox 94 2990 149 3028; x_wconf 83' lang='lat'><strong>22</strong></span> <span class='ocrx_word' id='word_1_313' title='bbox 183 2986 337 3043; x_wconf 78' lang='lat' dir='ltr'><strong>diliyit</strong></span> <span class='ocrx_word' id='word_1_314' title='bbox 359 2985 413 3030; x_wconf 89' lang='lat' dir='ltr'><strong>V.</strong></span> <span class='ocrx_word' id='word_1_315' title='bbox 538 2989 594 3028; x_wconf 82' lang='lat'><strong>23</strong></span> <span class='ocrx_word' id='word_1_316' title='bbox 618 2984 877 3041; x_wconf 77' lang='lat' dir='ltr'><strong>pertinebat</strong></span> <span class='ocrx_word' id='word_1_317' title='bbox 899 2983 941 3028; x_wconf 90' lang='lat' dir='ltr'><strong>V</strong></span> <span class='ocrx_word' id='word_1_318' title='bbox 972 2985 1207 3029; x_wconf 80' lang='lat' dir='ltr'><strong>accedebat</strong></span> <span class='ocrx_word' id='word_1_319' title='bbox 1238 2984 1310 3028; x_wconf 88' lang='lat' dir='ltr'><strong>ed.</strong></span> 
     </span>
    </p>
   </div>
   <div class='ocr_carea' id='block_1_5' title="bbox 1426 3072 1514 3116">
    <p class='ocr_par' dir='ltr' id='par_1_5' title="bbox 1426 3072 1514 3116">
     <span class='ocr_line' id='line_1_39' title="bbox 1426 3072 1514 3116; baseline 0 0"><span class='ocrx_word' id='word_1_320' title='bbox 1426 3072 1514 3116; x_wconf 81' lang='lat'><strong>33*</strong></span> 
     </span>
    </p>
   </div>
   <div class='ocr_carea' id='block_1_6' title="bbox 0 0 73 3226">
    <p class='ocr_par' dir='ltr' id='par_1_6' title="bbox 0 0 73 3226">
     <span class='ocr_line' id='line_1_40' title="bbox 0 0 73 3226; baseline 0 0"><span class='ocrx_word' id='word_1_321' title='bbox 0 0 73 3226; x_wconf 95' lang='lat' dir='ltr'><strong> </strong></span> 
     </span>
    </p>
   </div>
  </div>
 </body>
</html>
