2050 3226
55 939 98 971 10

55 1308 97 1341 15

52 1680 96 1712 20

53 2050 95 2082 25

53 2421 96 2452 30

769 114 1075 160 AENEmos
1099 114 1186 160 v11
1750 117 1824 173 55

131 255 380 306 ordinatio
428 254 769 304 consiliorum!
845 253 1062 318 primum
1107 254 1209 303 fuit
1255 254 1441 318 quippe
1480 259 1540 304 ut
1575 272 1675 318 pax
1719 257 1823 306 foe·

130 330 243 379 dere
289 332 482 378 structa
522 331 822 390 verteretur,
866 330 926 377 ut
970 329 1053 378 via
1099 328 1273 377 ceteris
1318 330 1690 379 inventionibus
1735 347 1824 393 pa-

129 404 334 453 tefieret.
403 419 508 452 sere
549 404 757 452 crimina
792 402 934 465 belli3
975 402 1038 451 ad
1068 402 1188 451 belli
1222 403 1351 451 enim
1385 406 1635 452 certamen
1665 404 1826 453 veniri

130 493 230 526 non
267 480 454 541 potest,
492 477 592 526 nisi
627 477 790 540 primo
831 477 1051 526 extiterit
1093 492 1245 526 causa
1284 478 1555 542 pugnandi.
1633 479 1826 541 optimo

129 554 298 601 tamen
336 552 486 602 verbo
518 552 709 600 dictum
747 554 823 600 est
861 567 986 613 sere,
1026 553 1086 600 ut
1125 568 1183 600 ex
1219 550 1298 600 his
1338 567 1466 614 quae
1497 555 1662 601 essent
1699 555 1825 614 sata,

129 627 229 674 alia
264 642 464 675 rursum
501 626 726 675 fecundis
765 625 1043 674 excessibus
1082 626 1391 688 pullularent
1421 628 1472 674 et
1502 626 1642 675 aliud
1673 629 1826 689 atque

130 700 270 749 aliud
319 716 378 749 ex
426 715 552 762 sese,
615 699 749 764 quod
801 699 1047 749 vindicari
1095 699 1313 762 deberet,
1368 700 1689 749 effunderent.
1748 702 1823 748 iu-

128 776 403 838 ventusque
448 776 561 838 ipsa
598 774 723 823 velit
760 790 921 837 arma3
965 774 1079 837 plus
1127 776 1203 823 est
1249 774 1381 823 enim
1425 776 1479 823 in
1523 775 1669 823 rebus
1715 791 1824 838 per·

128 849 349 898 ficiendis
388 849 515 898 velle
555 865 706 912 quam
745 848 869 913 cogi.
937 849 1056 911 quia
1093 848 1251 913 igitur
1281 849 1514 898 voluntas
1545 850 1599 897 in
1631 849 1824 913 agendo

128 924 290 986 prima
336 926 432 984 est,
480 923 639 984 effice,
684 923 875 986 inquit,
921 922 1081 985 primo
1120 923 1267 985 velit,
1315 923 1491 972 dehinc
1535 925 1732 986 poscat3
1781 925 1828 971 si

127 997 294 1046 nullus
335 997 547 1059 dederit,
585 997 772 1060 rapiat,
813 997 1004 1046 scilicet
1048 999 1108 1045 ut
1152 1012 1252 1046 non
1303 999 1563 1060 expectata
1606 997 1826 1046 iussione

129 1073 422 1135 cuiusquam
475 1073 646 1121 volens
702 1071 766 1120 ad
816 1087 956 1120 arma
998 1074 1276 1120 concurrat.
1352 1087 1525 1135 rapere
1575 1071 1829 1136 significat

129 1147 320 1209 aliquid
359 1147 462 1196 sine
502 1147 801 1195 auctoritate
838 1145 1058 1195 iubentis
1097 1146 1342 1194 invadere.
1420 1146 1670 1209 conplevit
1711 1163 1825 1208 pro·

127 1221 427 1283 positionem
468 1237 568 1283 qua
607 1220 735 1269 dixit
766 1236 954 1282 „quam
993 1219 1121 1269 Iuno
1159 1221 1238 1268 his
1279 1220 1416 1268 acuit
1454 1220 1616 1269 verbis
1627 1219 1670 1282 “,
1707 1236 1825 1268 nam

127 1295 381 1344 laudando
436 1311 546 1344 eam
604 1297 654 1343 et
708 1295 763 1343 in
816 1294 993 1343 officiis
1054 1294 1431 1343 detestabilibus
1486 1294 1826 1358 praeferendo,

130 1370 251 1431 quin
298 1370 450 1417 etiam
497 1368 660 1417 dando
708 1368 917 1418 consilia
963 1373 1012 1416 et
1059 1369 1124 1416 ad
1168 1368 1522 1431 perficiendum
1573 1368 1824 1418 mandatis

128 1444 368 1492 armando
407 1445 590 1491 natura
628 1443 787 1492 feram
825 1443 945 1492 fecit
981 1442 1272 1492 instruendo
1311 1444 1543 1505 peiorem.

245 1518 404 1574 Exin,
450 1518 544 1566 hoc
583 1521 658 1566 est
697 1534 756 1566 ex
795 1534 852 1566 eo
891 1520 1164 1580 momento,
1215 1516 1482 1578 Gorqoneis
1520 1516 1703 1565 Allecto
1750 1518 1825 1564 in-

125 1594 252 1652 fecta
289 1593 511 1640 venenis:
549 1591 759 1654 Allect0‚
800 1592 881 1640 cui
918 1607 1108 1641 venena
1148 1594 1439 1654 supererant
1478 1591 1598 1640 diris
1637 1591 1825 1639 infecta

127 1666 454 1729 serpentibus.
534 1665 806 1730 Gorgoneis
847 1665 995 1727 dixit,
1040 1668 1101 1714 ut
1137 1666 1190 1714 in
1229 1682 1342 1714 eum
1379 1666 1586 1714 modum
1626 1667 1824 1713 mutata

126 1740 378 1789 videretur
417 1757 515 1802 quo
553 1741 760 1805 fingitur
799 1739 1033 1804 Gorgona
1079 1742 1128 1788 et
1165 1740 1284 1788 talis
1331 1743 1582 1803 serpentes
1630 1742 1824 1804 gestare

126 1831 216 1877 pro
250 1815 468 1863 crinibus
500 1815 666 1877 qualis
695 1815 786 1863 illa
817 1817 989 1878 portat
1018 1816 1071 1862 in
1102 1814 1301 1863 vertice.
1352 1814 1596 1875 principio
1620 1814 1825 1862 Latium

128 1892 171 1936 et
207 1889 476 1936 Laurentis
514 1892 635 1938 tecta
680 1890 880 1950 tyranni
925 1889 1053 1941 celsa
1091 1890 1235 1949 petit:
1288 1889 1382 1937 hoc
1427 1887 1677 1937 mandatis
1724 1904 1825 1936 non

125 1962 402 2011 inseruerat
446 1963 596 2025 Iuno,
651 1963 736 2012 sed
790 1963 1074 2012 faciendum
1128 1965 1442 2027 suggesserat
1497 1963 1680 2011 Furiae
1738 1978 1823 2010 na-

125 2037 305 2086 turalis
344 2037 581 2086 inventio.
650 2037 773 2086 dicit
811 2053 927 2102 ergo
969 2037 1089 2100 quid
1127 2037 1318 2086 factum
1357 2038 1444 2085 sit:
1486 2037 1605 2098 fuit,
1643 2037 1825 2098 inquit,

127 2111 190 2159 ad
229 2110 400 2159 Latini
439 2111 655 2160 domum.
732 2127 864 2160 nunc
902 2112 1060 2175 ipsius
1100 2111 1223 2159 facti
1260 2111 1402 2159 reddi
1440 2111 1620 2174 incipit
1659 2126 1823 2159 causa.

126 2187 415 2245 tacitumque
469 2186 654 2233 obsedit
707 2186 852 2233 limen
905 2185 1137 2242 Amatae,
1202 2200 1349 2245 quam
1409 2200 1556 2245 super
1614 2185 1825 2233 adventu

128 2261 369 2308 Teucrum
410 2260 660 2319 Turnique
698 2260 975 2320 hymenaeis
1012 2261 1251 2320 femineae
1294 2260 1541 2308 ardentem
1588 2272 1824 2318 curaeque
1841 2266 1926 2306 345

126 2335 322 2394 iraeque
361 2335 646 2393 coquebant:
684 2349 784 2381 non
823 2334 894 2382 sic
932 2335 1062 2396 petit
1093 2334 1294 2382 domum
1323 2334 1514 2398 regiam
1553 2333 1727 2394 Furia,
1766 2334 1824 2379 ut

125 2425 293 2472 regem
315 2409 483 2470 ipsum
511 2408 865 2471 adgrederetur
897 2411 986 2456 aut
1015 2408 1233 2471 falleret,
1266 2409 1351 2456 sed
1382 2408 1592 2457 tacitum
1610 2406 1821 2454 Amatae

248 2583 271 2621 1
299 2580 434 2634 pacis
463 2579 640 2633 foedere
671 2584 845 2622 structa
875 2584 1121 2623 verteretur
1143 2578 1185 2622 V
1211 2592 1260 2634 p.
1285 2579 1319 2633 f.
1345 2583 1421 2623 str.
1448 2582 1725 2622 verterentur
1750 2575 1819 2619 ed.

129 2643 153 2680 2
199 2639 355 2682 ceteris
392 2637 435 2681 V
478 2639 641 2682 eaeteris
685 2637 754 2681 ed.
893 2642 920 2680 4
961 2643 1174 2693 potest—
1192 2639 1391 2682 extiterit
1429 2636 1471 2679 V
1511 2641 1730 2693 posset—
1747 2649 1823 2679 ex-

127 2698 291 2741 titisset
321 2697 392 2740 ed.
499 2701 522 2740 7
555 2697 790 2741 vindicare
822 2695 863 2738 V
895 2696 966 2741 ed.
1074 2701 1125 2740 11
1160 2697 1345 2741 dederat
1376 2696 1446 2739 ecl.
1496 2696 1498 2714 ³
1547 2696 1717 2739 visione
1749 2694 1821 2738 ed.

130 2760 183 2798 12
217 2761 451 2800 concurret
482 2756 553 2800 ed.
679 2760 732 2799 16
764 2756 877 2811 quin
908 2754 950 2799 V
980 2770 1096 2811 quae
1128 2756 1198 2799 ed.
1247 2756 1251 2814 Ῑ
1294 2757 1452 2800 danda
1483 2754 1524 2797 V
1557 2767 1671 2797 corr.
1705 2753 1775 2797 ed.
1813 2753 1819 2811 Ι

128 2820 172 2858 et
201 2829 288 2859 om.
316 2815 386 2859 ed.
423 2815 427 2867 Ι
463 2815 687 2859 mandata
712 2814 782 2858 ed.
875 2819 927 2857 17
953 2821 1125 2859 natm-a
1147 2816 1249 2869 fera
1273 2814 1314 2858 V
1339 2820 1554 2858 naturam
1577 2815 1725 2867 feram
1749 2812 1821 2855 ed.

131 2878 184 2916 19
223 2874 396 2928 infecta
427 2873 469 2917 V
508 2873 601 2917 ed.:
650 2876 703 2917 ut
749 2874 968 2927 infectum
1010 2875 1153 2918 scelus
1199 2873 1337 2930 Verg.
1376 2878 1417 2926 6,
1452 2877 1535 2915 742
1581 2872 1718 2926 dicit,
1763 2886 1822 2914 an

128 2933 298 2977 iniecta
329 2933 671 2977 emendandum
703 2935 756 2975 ut
788 2936 829 2986 8,
848 2937 908 2975 5?
