2050 3226
232 136 341 189 314
705 133 938 178 DONATI
967 133 1034 177 IN
1035 133 1248 178 TERPR.
1274 133 1452 178 VERG.

233 273 436 322 sedebat
473 289 529 322 eo
577 276 796 336 tempore
844 289 941 335 quo
987 289 1187 322 securus
1234 273 1293 320 de
1339 273 1537 322 auxiliis
1591 289 1696 322 esse
1751 273 1923 323 debuit

233 350 283 395 et
337 363 434 410 quo
490 363 658 397 omnes
711 348 936 396 homines
991 347 1148 409 quieti
1201 347 1412 395 fuerant.
1502 348 1667 409 ipsum
1722 363 1920 410 quoque

232 421 443 470 dormire
483 423 572 470 aut
607 421 859 470 reficiendi
897 421 1114 484 corporis
1163 436 1334 482 causa,
1380 421 1673 485 pervigilem
1719 422 1920 484 scilicet,

229 497 386 544 iacere
418 496 617 557 saltem,
648 512 747 544 non
780 495 946 543 sedere
978 498 1295 556 convenerat,
1328 495 1411 543 sed
1442 495 1676 544 volvebat
1704 496 1921 559 ingentis

229 572 426 632 pectore
466 585 630 618 curas:
670 570 798 616 dixit
835 570 1044 617 alteram
1075 571 1319 618 tractatus
1350 571 1565 632 partem,
1606 570 1740 632 quod
1771 570 1922 617 etiam
1956 598 1957 602 =

230 645 442 706 sumptis
497 643 696 691 auxiliis
750 643 992 691 bellorum
1044 643 1299 706 cogitabat
1346 644 1549 692 incerta.
1626 659 1741 707 ergo
1790 644 1922 706 quod

231 718 304 766 ait
331 733 565 782 magnus,
599 717 662 764 ad
694 718 914 765 animum
948 717 1053 765 eius
1076 717 1286 766 rettulit.
1342 734 1490 780 quem
1513 717 1644 765 enim
1667 734 1765 766 non
1790 719 1920 766 curis

230 793 457 840 omnibus
489 792 739 839 solverent
770 793 1071 840 auxiliorum
1101 792 1350 854 inpetrata
1375 791 1627 840 subsidia?
1682 794 1732 840 et
1753 794 1920 840 tamen

168 897 172 899 -
230 882 341 914 cum
379 865 502 928 ipsis
543 866 648 913 sine
687 881 806 913 cura
843 882 942 914 non
981 865 1146 913 fuerat
1188 866 1572 927 'prudentissime
1611 868 1922 929 pertractans

231 941 283 988 in
323 942 505 989 eventu
534 940 712 1003 magis,
743 955 843 987 non
874 941 925 987 in
955 940 1277 988 multitudine
1308 941 1566 987 hominum
1597 941 1923 988 constitutam

187 1057 196 1064 .
230 1030 333 1063 esse
371 1015 655 1075 victoriam,
694 1017 870 1076 utpote
912 1030 1038 1076 quae
1083 1014 1321 1076 penderet
1366 1030 1423 1062 ex
1470 1013 1688 1074 casibuS‚
1735 1014 1923 1075 sperari

232 1088 406 1136 debere
455 1104 770 1150 prosperum,
821 1088 1011 1151 sperari
1061 1089 1380 1136 contrarium.
1468 1089 1546 1136 his
1597 1103 1710 1135 cum
1756 1089 1921 1136 animo

227 1164 501 1211 iactaretur
531 1162 739 1223 AeneaS,
769 1162 943 1210 Pallas
973 1163 1171 1210 sinistro
1204 1163 1401 1222 adsimus
1433 1163 1574 1210 lateri
1602 1163 1705 1210 iam
1737 1164 1925 1221 qaaerit

228 1238 414 1293 sidera,
456 1251 636 1296 opacae
674 1237 827 1284 noctis
865 1238 976 1293 iter,
1017 1237 1120 1284 iam
1159 1251 1281 1296 quae
1302 1251 1491 1296 passas
1521 1240 1742 1295 terraque
1773 1237 1923 1284 mari-

229 1326 332 1370 que.
409 1327 558 1373 quam
604 1310 950 1359 convenientia
996 1311 1206 1375 singulis
1255 1311 1412 1359 dedit!
1487 1310 1691 1358 Aenean
1739 1309 1922 1373 quippe

226 1385 423 1432 induxit
469 1385 720 1433 sedentem
766 1399 824 1432 ac
869 1401 957 1448 per
994 1386 1088 1433 hoc
1127 1385 1279 1433 etiam
1316 1384 1476 1433 noctis
1514 1388 1736 1446 tempore
1773 1400 1922 1448 nego-

226 1461 434 1519 tiosum,
488 1460 710 1521 pericula
763 1474 854 1507 sua
907 1474 1074 1507 secum
1128 1461 1178 1507 et
1230 1460 1388 1507 futuri
1440 1460 1679 1521 temporis
1733 1459 1923 1507 incerta

226 1535 547 1594 tractantem,
595 1533 876 1581 Pallantem
922 1549 1036 1582 vero
1087 1534 1267 1581 horum
1311 1533 1544 1596 ignarum
1595 1548 1720 1595 quae
1765 1534 1921 1580 tacito

226 1608 389 1656 herois
428 1609 561 1655 tanti
599 1609 797 1670 pectore
837 1607 1189 1668 volvebantur,
1231 1609 1547 1669 quaerentem
1588 1623 1714 1669 quae
1749 1608 1921 1655 vacuis

229 1683 363 1729 omni
414 1697 531 1730 cura
581 1683 922 1743 convenirent,
973 1682 1176 1730 ductum
1228 1682 1406 1730 aetatis
1456 1682 1650 1729 ratione
1698 1682 1749 1728 et
1786 1681 1921 1743 cupi-

229 1756 384 1804 ditate
435 1756 692 1818 noscendi‚
743 1773 870 1818 quae
926 1756 1089 1804 sidera
1137 1756 1189 1803 in
1237 1771 1362 1817 quas
1401 1757 1648 1803 terrarum
1687 1754 1924 1803 ducerent

227 1830 385 1892 partis
426 1824 652 1895 (videbat
691 1831 820 1878 enim
859 1830 982 1892 ipsis
1023 1830 1228 1878 ducibus
1267 1831 1339 1877 ire
1378 1830 1584 1893 navigia
1623 1831 1673 1877 et
1709 1830 1763 1876 in
1800 1829 1921 1890 ipsis

229 1905 469 1965 quasdam
508 1904 615 1953 vias
656 1907 706 1953 et
744 1905 927 1953 itinera
966 1897 1334 1970 demonstrari),
1376 1906 1694 1966 quaerentem
1727 1919 1922 1965 quoque

229 1978 401 2025 audire
443 1979 585 2040 quasi
623 1994 652 2026 a
691 1995 848 2027 vacuo
889 1994 1016 2040 quae
1054 1980 1106 2026 in
1144 1980 1299 2037 terra,
1333 1993 1459 2040 quae
1490 1978 1543 2025 in
1574 1977 1805 2025 fiuctibus
1838 1977 1921 2024 ad-

1955 953 1996 984 10

1955 1322 1996 1356 15

228 2067 372 2100 versa
411 2053 708 2114 pertulisset.
776 2053 989 2113 adfixus,
1027 2054 1218 2114 inquit,
1257 2053 1460 2101 sinistro
1500 2052 1666 2100 lateri:
1707 2051 1923 2098 adfixum
1954 2062 1997 2096 25

229 2126 459 2174 debemus
507 2127 725 2188 accipere
777 2129 865 2175 aut
905 2126 1099 2175 ratione
1150 2127 1331 2175 amoris
1383 2129 1471 2174 aut
1525 2125 1798 2188 cupiditate
1847 2126 1920 2172 in-

230 2199 457 2262 quirendi
482 2202 631 2262 atque
662 2201 918 2263 noscendi3
951 2201 1142 2249 sinistri
1164 2202 1337 2249 lateris
1360 2202 1498 2249 locus
1521 2200 1703 2248 idcirco
1727 2199 1921 2261 positus

228 2275 469 2335 noscitur,
511 2275 648 2336 quia,
681 2275 724 2323 si
756 2276 851 2324 duo
884 2275 1107 2335 fuerunt,
1140 2277 1439 2338 oportunum
1477 2290 1575 2322 non
1617 2274 1716 2320 fuit
1755 2273 1920 2320 sedere

229 2348 293 2396 ad
348 2349 598 2396 dexteram
645 2349 868 2411 potioris.
961 2351 1004 2398 si
1053 2350 1157 2398 11110
1211 2349 1311 2397 fuit
1365 2350 1517 2396 etiam
1567 2348 1806 2407 Achates,
1861 2346 1919 2394 de

348 2479 373 2517 3
407 2475 625 2531 perviqili
653 2475 822 2519 scilicet
853 2490 979 2520 acere
1010 2476 1168 2519 saltem
1200 2489 1327 2518 mons
1357 2475 1516 2518 dedere
1547 2479 1814 2517 convenerat
1837 2472 1921 2516 VR

229 2534 378 2577 locum
412 2537 587 2578 temere
618 2537 731 2577 mut.
758 2534 829 2577 ed.
983 2539 1007 2577 9
1034 2535 1390 2590 prudentissime
1423 2547 1511 2576 om.
1537 2533 1607 2577 ed.
1660 2533 1664 2589 Ι
1717 2538 1919 2587 pertrac-

228 2599 333 2637 ta‘ns
365 2593 448 2635 VR
478 2594 694 2637 iudicans
726 2594 795 2636 ed.
943 2598 998 2637 10
1030 2608 1124 2638 non
1146 2593 1231 2636 VR
1262 2608 1399 2649 qaam
1431 2592 1501 2635 ed.
1648 2597 1700 2634 11
1741 2605 1921 2647 sperare

230 2653 383 2696 debere
406 2666 676 2708 prosperum
706 2654 883 2708 sperari
906 2652 990 2695 VR
1021 2656 1195 2696 temere
1227 2654 1339 2695 mut.
1367 2651 1437 2696 ed.
1576 2654 1629 2693 13
1658 2651 1813 2706 pallas
1837 2650 1921 2693 VR

230 2712 475 2766 Pallasque
518 2712 587 2755 ed.
654 2712 658 2769 Ι
720 2713 855 2755 lateri
895 2711 936 2754 R
980 2714 1114 2756 alteri
1148 2711 1201 2754 V.
1339 2716 1392 2754 15
1425 2724 1556 2766 quam
1579 2708 1664 2752 VR
1705 2711 1815 2765 quia
1847 2709 1917 2752 ed.

234 2775 285 2813 18
318 2775 549 2814 vero—19
575 2776 857 2826 quaerentem
880 2771 1053 2826 partim
1080 2785 1166 2814 om.
1192 2770 1364 2826 partim
1389 2771 1503 2812 mut.
1531 2769 1600 2812 ed.
1699 2773 1752 2811 19
1777 2769 1918 2812 volve·

230 2830 364 2873 batur
386 2829 483 2872 VR.
636 2835 688 2872 21
731 2843 844 2886 quae
884 2843 971 2872 om.
999 2831 1069 2874 ed.
1223 2835 1278 2873 25
1318 2830 1514 2873 sinixtro
1553 2830 1618 2883 (et
1649 2827 1789 2883 infra)
1821 2827 1917 2870 VR.

231 2893 286 2931 28
318 2890 451 2943 quasi
481 2889 570 2932 duo
593 2889 782 2942 fuerunt
812 2888 897 2931 VR
926 2891 1103 2942 fuerint
1136 2889 1228 2933 ed.:
1264 2901 1409 2944 prope
1442 2887 1502 2930 ad
1534 2901 1691 2930 verum
1725 2886 1920 2929 accessit

230 2946 441 3002 Hoppius
473 2962 515 3003 p.
544 2952 570 2990 5
602 2963 645 2992 n.
674 2953 742 2991 14.
