2050 3226
190 177 302 232 444
666 177 899 222 DONATI
927 177 1206 222 INTERPR.
1232 177 1413 222 VERG.

191 317 395 365 concidit
430 317 537 366 Ilia
580 317 744 366 tellus:
791 315 919 365 mira
970 319 1078 365 arte
1120 317 1345 366 Venulus
1397 319 1569 366 tuetur
1621 333 1884 381 personam

191 407 332 440 suam
370 394 420 440 et
456 391 669 440 fideliter
705 392 948 454 inpletam
986 392 1289 455 legationem
1318 407 1500 456 magno
1531 391 1646 440 nisu
1677 394 1886 440 conatur

190 465 459 514 ostendere.
536 465 647 528 quis
694 466 824 513 enim
871 466 1090 513 crederet
1135 468 1430 514 conventum
1477 468 1650 514 contra
1694 468 1884 515 veteres

188 539 414 588 inimicos
446 538 719 587 Diomeden
759 540 948 587 auxilia
985 555 1165 603 negare
1196 538 1450 602 potuisse}>
1489 556 1616 602 quae
1653 555 1731 588 res
1765 556 1884 603 quo-

189 613 324 661 niam
363 613 483 662 satis
521 613 828 676 inpossibilis
860 614 979 674 fuit,
1018 628 1107 661 nec
1136 613 1265 661 illud
1295 612 1462 676 potuit
1492 613 1692 662 admitti
1721 613 1885 663 visum
1937 627 1958 660 ⁵

188 687 332 735 illum
370 688 451 736 vel
487 703 644 749 usque
685 687 749 735 ad
785 687 921 736 illius
962 687 1128 736 sedem
1165 688 1325 736 evicto
1364 687 1531 736 labore
1569 689 1884 751 perventum:

189 763 492 824 quapropter
515 761 742 810 omnibus
768 777 894 824 quae
911 762 1110 810 fuerant
1131 764 1361 824 suspecta
1376 762 1695 824 providenter
1719 778 1885 811 occur-

155 835 254 884 'rit
301 834 505 883 dicendo
545 835 783 897 vidimus,
834 851 863 884 o
904 837 1058 898 cives,
1103 835 1390 884 Diomeden.
1453 835 1649 885 addidit
1687 852 1884 899 quoque

187 909 400 958 vidimus
439 911 490 957 et
519 911 683 958 castra
709 908 995 972 Graiorum3
1033 911 1202 973 potuit
1231 909 1362 958 enim
1391 909 1497 958 fieri
1525 912 1584 958 ut
1613 910 1884 958 Diomeden

186 983 350 1045 ipsum
389 983 575 1047 legatio
614 986 668 1031 in
707 985 884 1033 alienis
922 984 1205 1049 regionibus
1244 984 1556 1047 repperisset.
1611 984 1794 1032 idcirco
1835 987 1885 1033 et
1915 997 1958 1029 10

187 1059 352 1119 ipsum
388 1059 696 1119 praesentem
734 1061 784 1106 et
822 1059 990 1122 copias
1031 1073 1154 1122 quas
1191 1058 1353 1120 daret,
1393 1059 1435 1106 si
1473 1058 1645 1120 vellet,
1683 1061 1882 1122 praesto

189 1131 261 1180 ait
297 1131 547 1193 inventas,
596 1135 657 1180 ut
695 1133 978 1182 ostenderet
1014 1133 1327 1181 voluntatem
1365 1132 1545 1194 solam,
1593 1148 1693 1180 non
1731 1133 1884 1180 etiam
1934 1194 1937 1196 .

186 1205 460 1254 iuventutis
511 1205 735 1255 subsidia
785 1207 1020 1269 defuisse,
1072 1207 1271 1256 adfectu
1323 1222 1441 1255 vero
1491 1205 1758 1270 legationis
1808 1207 1883 1254 in-

186 1280 392 1342 plendae
420 1280 489 1328 sic
522 1280 790 1343 animatos,
821 1283 881 1330 ut
910 1297 1052 1330 casus
1085 1281 1244 1330 omnis
1275 1282 1325 1329 et
1347 1281 1543 1330 viarum
1566 1281 1882 1344 longissimos

185 1355 374 1403 tractus
414 1353 664 1403 adsereret
701 1371 806 1404 esse
843 1355 1174 1404 transmissos.
1252 1354 1415 1403 noluit
1461 1369 1603 1404 casus
1641 1355 1882 1419 longioris
1915 1369 1957 1402 15

185 1428 377 1476 itineris
416 1429 701 1491 specialiter
738 1429 921 1492 dicere,
973 1430 1210 1492 quoniam
1248 1429 1548 1493 generalitas
1587 1430 1732 1477 tanta
1770 1443 1883 1477 con-

185 1502 422 1564 plectitur
452 1506 641 1565 quanta
680 1503 776 1551 sibi
814 1503 1094 1553 aestimatio
1126 1504 1340 1552 voluerit
1373 1503 1625 1551 vindicare
1664 1504 1714 1550 et
1752 1517 1881 1550 com-

184 1576 463 1624 mendando
503 1577 734 1626 laborum
762 1579 941 1627 merito
979 1578 1091 1641 ipsa
1118 1578 1283 1640 potius
1318 1593 1468 1639 quam
1501 1575 1729 1638 specialis
1762 1591 1880 1624 enu-

184 1651 391 1699 meratio
432 1652 748 1715 congruebat.
827 1652 1092 1701 accedebat
1139 1651 1202 1699 ad
1247 1652 1369 1699 haec
1418 1651 1552 1713 quod
1596 1665 1736 1699 mora
1781 1666 1881 1698 non

186 1727 292 1773 erat
323 1725 552 1773 facienda
582 1742 696 1775 vere
726 1727 1016 1775 necessariis
1049 1729 1100 1774 et
1128 1727 1322 1774 mature
1358 1724 1607 1788 perveniri
1644 1723 1881 1772 debuerat
1911 1739 1956 1772 20

186 1798 248 1846 ad
288 1815 345 1847 ea
385 1816 510 1861 quae
549 1801 764 1863 populus
811 1801 1041 1864 cupiebat
1086 1799 1274 1847 audire.
1335 1798 1655 1862 contigimus,
1700 1797 1880 1860 inquit,

185 1875 235 1919 et
271 1889 477 1921 manum
516 1890 615 1936 qua
662 1874 875 1923 concidit
913 1875 1011 1922 Ilia
1048 1875 1220 1923 tellus:
1267 1874 1653 1922 sollemnitatem
1692 1872 1879 1920 saluta-

183 1946 334 1995 tionis
374 1950 576 1996 mutuae
608 1949 889 1997 ostenditur
917 1948 1163 2013 tetigisse,
1201 1950 1260 1996 ut
1288 1947 1506 1996 tenuisse
1545 1962 1595 1994 se
1632 1945 1881 1995 adsereret

183 2035 388 2068 manum
427 2038 527 2083 qua
558 2023 669 2085 ipsa
693 2024 938 2072 Troianae
969 2023 1185 2086 regionis
1217 2024 1352 2070 terra
1382 2023 1746 2069 monstraretur
1775 2035 1880 2068 esse

184 2094 433 2143 subversa.
483 2095 569 2158 qui
591 2099 707 2158 post
735 2097 829 2146 hoc
852 2099 1043 2146 factum
1066 2096 1286 2145 crederet
1310 2095 1497 2144 auxilia
1519 2111 1618 2143 non
1643 2094 1878 2143 daturum
1909 2107 1952 2140 25

185 2168 272 2231 qui
309 2168 533 2218 dexteras
572 2169 834 2219 iunxerat?
894 2173 1016 2220 haec
1062 2171 1229 2219 omnia
1273 2171 1476 2232 propter
1519 2168 1666 2217 fidem
1713 2185 1879 2216 rerum

184 2242 432 2306 congessit
470 2243 674 2291 dicendo
713 2245 928 2294 vidimus
968 2262 1116 2308 quem
1155 2245 1217 2293 ad
1250 2260 1420 2293 sumus
1459 2242 1620 2303 missi,
1658 2241 1876 2291 vidimus

184 2319 234 2363 et
272 2318 436 2365 castra
477 2316 738 2366 Graiorum
777 2322 825 2366 et
868 2319 931 2367 ad
969 2320 1090 2367 haec
1134 2334 1316 2383 magno
1354 2318 1524 2366 labore
1561 2315 1876 2379 pervenimus

185 2393 235 2438 et
282 2390 578 2455 contigimus
623 2408 828 2439 manum
875 2410 976 2455 qua
1022 2393 1239 2442 concidit
1275 2391 1446 2453 Troia,
1491 2393 1550 2438 ut
1596 2390 1876 2438 ostenderet

184 2464 248 2511 ad
286 2465 672 2527 inpetrationem
710 2467 1009 2515 auxiliorum
1038 2484 1136 2515 non
1168 2466 1435 2530 legationis
1476 2463 1874 2524 sollicitudinem,
1907 2476 1950 2509 30

185 2538 270 2586 sed
307 2539 560 2588 Diomedis
600 2540 815 2588 defuisse
854 2556 1158 2590 consensum.
1210 2541 1384 2588 dehinc
1416 2538 1680 2588 adhibetur
1717 2538 1875 2585 maior

183 2612 302 2660 fides
350 2629 407 2660 ex
458 2613 650 2662 actibus
700 2613 975 2677 Diomedis,
1032 2632 1132 2677 qua
1180 2614 1342 2679 magis
1393 2614 1642 2662 constaret
1689 2611 1874 2660 visum:

301 2758 329 2797 4
359 2755 569 2799 inimicos
598 2753 641 2798 V
672 2756 841 2799 amicos
879 2755 949 2799 ed.
1003 2755 1006 2813 l
1058 2770 1195 2812 quum
1209 2782 1262 2788 —
1283 2759 1308 2798 5
1345 2759 1455 2799 esset
1492 2753 1563 2797 ed.
1686 2756 1711 2795 6
1750 2751 1875 2795 sedes

184 2812 253 2855 ed.
361 2817 415 2856 10
445 2816 596 2869 ipsum
627 2814 790 2871 leqatio
813 2813 856 2857 V
886 2816 912 2858 l.
947 2816 1050 2871 ipsa
1081 2815 1151 2858 ed.
1257 2819 1311 2858 13
1344 2813 1558 2868 defuisset
1579 2810 1622 2854 V
1654 2823 1767 2855 corr.
1801 2810 1872 2854 ed.

186 2875 239 2914 16
283 2886 422 2927 quum
435 2898 491 2905 --
507 2874 827 2928 complectatur
868 2874 940 2917 ed.
1072 2878 1125 2917 18
1167 2875 1329 2918 merita
1372 2872 1443 2916 ed.
1565 2875 1622 2913 24
1664 2874 1779 2913 terre
1817 2869 1871 2912 V.

185 2935 239 2973 25
265 2932 344 2986 qui
368 2933 427 2988 (=
444 2931 691 2987 quomodo)
711 2931 835 2975 Ved.
854 2932 951 2976 noli
975 2934 1075 2988 quis
1099 2933 1339 2988 suspicari.
1409 2936 1464 2974 27
1483 2943 1611 2986 quem
1634 2929 1697 2972 ad
1718 2942 1874 2972 sumus

184 2990 310 3033 missi
333 2989 373 3033 V
399 3004 486 3033 om.
514 2990 600 3034 edI
630 2992 884 3036 Diomeden
915 2991 1158 3035 substituit
1189 2991 1305 3035 edF.
1407 2995 1461 3034 32
1494 3002 1585 3045 qua
1608 2987 1650 3031 V
1682 3001 1768 3044 quo
1799 2987 1870 3031 ed.
