2050 3226
71 989 115 1021 10

71 1358 113 1392 15

69 1730 114 1763 8⁰

70 2099 114 2132 85

72 2469 116 2501 ³0

796 164 1101 210 AENEIDOS
1131 163 1197 208 XI
1734 168 1841 222 539

147 305 269 354 ferri
291 305 478 368 species
500 306 694 369 tangat.
735 305 964 366 extemplo
987 305 1068 354 teli
1088 304 1345 354 stridorem
1364 319 1611 365 aurasque
1625 307 1846 355 sonantis

148 379 306 428 audiit
352 393 458 427 una
500 378 703 427 Arruns
739 380 984 439 haesitque
1020 379 1075 427 in
1124 393 1320 440 corpore
1362 380 1576 439 ferrum:
1626 383 1845 442 praeter-

145 452 286 502 misit
321 454 471 516 poeta
510 453 642 515 quod
681 455 872 518 sagitta
907 454 1063 502 missa
1095 453 1184 515 sit,
1223 469 1350 516 quae
1383 469 1463 502 res
1498 453 1695 516 proficit
1733 470 1845 502 con-

146 526 327 590 pendio
364 527 637 590 narrantis3
678 528 813 590 quod
851 527 983 576 enim
1016 543 1116 576 non
1147 529 1224 577 est
1254 527 1443 576 dictum
1473 529 1641 591 potest
1671 543 1731 576 ex
1768 529 1845 575 his

147 617 275 665 quae
312 603 575 650 consecuta
612 605 730 651 sunt
758 602 910 651 nosci.
971 617 1071 650 non
1102 602 1234 651 enim
1269 603 1609 664 percuteretur
1637 601 1845 662 Amne,

147 676 190 724 si
227 675 415 740 sagitta
463 692 562 725 non
610 679 742 725 esset
786 677 966 738 eiecta,
1016 676 1157 725 cuius
1202 676 1399 738 volatu,
1444 691 1559 724 mox
1608 678 1668 725 ut
1717 677 1845 724 aeris

146 748 408 799 stridorem
459 751 716 814 cognovit,
765 750 983 799 insertus
1034 752 1122 799 est.
1197 751 1339 798 illwm
1385 751 1685 812 expirantem
1729 751 1847 798 socii
1862 758 1948 800 865

146 826 289 883 atque
320 827 533 873 extrema
568 828 853 886 qementem,
893 825 1028 873 obliti
1064 826 1224 886 iqnoto
1255 839 1539 884 eamporwm
1566 825 1624 872 in
1645 825 1848 885 pulvere

146 898 396 958 linquunt:
446 898 570 962 quid
606 899 855 948 infelicius
893 899 1039 948 huius
1078 902 1238 947 morte
1277 899 1420 948 cuius
1460 898 1672 948 cadaver
1709 899 1846 947 colli·

145 971 364 1036 gendum
394 988 483 1021 nec
515 973 638 1022 socii
669 972 1004 1022 curaverunt?
1044 973 1256 1036 denique
1286 975 1432 1022 tanta
1463 972 1568 1022 eius
1597 973 1846 1022 oblivione

145 1045 286 1095 ducti
323 1049 461 1109 sunt,
506 1049 567 1095 ut
612 1063 726 1096 eum
763 1063 853 1110 pro
902 1048 1063 1096 alieno
1101 1048 1153 1095 in
1199 1047 1411 1110 campis,
1456 1048 1509 1095 in
1554 1047 1757 1110 pulvere
1796 1050 1848 1095 et

143 1121 331 1184 ignotis
369 1120 655 1184 linquerent
690 1123 849 1171 terris.
929 1121 1063 1184 quod
1109 1122 1210 1170 fuit
1252 1121 1461 1170 ultionis
1508 1123 1846 1185 augmentum,

145 1197 205 1243 ut
241 1196 562 1245 remansisset
598 1196 783 1258 nuduS,
825 1196 943 1245 feris
981 1195 1134 1244 etiam
1173 1198 1448 1258 oportunus
1488 1195 1710 1245 alitibus,
1769 1196 1846 1243 in·

145 1269 456 1332 sepultorum
502 1285 654 1319 causa
698 1270 812 1319 ideo
860 1269 996 1320 omni
1041 1270 1288 1332 supplicio
1337 1272 1414 1318 est
1458 1269 1674 1334 gravior,
1725 1270 1846 1332 quia

145 1343 414 1392 secundum
437 1345 603 1406 ipsum
618 1344 898 1409 Vergilium
913 1344 1066 1392 habet
1088 1343 1240 1392 aliam
1265 1344 1400 1407 apud
1420 1344 1601 1393 inferos
1617 1360 1845 1406 poenam.

147 1415 268 1478 Opis
298 1418 366 1466 ad
396 1419 662 1467 aetherium
684 1420 859 1480 pinnis
890 1420 1116 1479 aufertur
1149 1417 1432 1480 Olympium:
1469 1418 1647 1481 pinnas
1677 1419 1844 1467 celeri·

143 1493 302 1540 tatem
340 1492 572 1541 debemus
620 1492 866 1556 accipere3
918 1492 1042 1555 quid
1091 1493 1224 1540 enim
1272 1494 1553 1542 moraretur
1600 1493 1654 1540 in
1698 1491 1844 1542 terris

143 1566 355 1615 ulterius
396 1582 525 1629 quae
562 1567 804 1616 mandata
840 1565 1150 1630 perfecerat?

261 1640 437 1689 Prima
481 1642 610 1702 fuqit
654 1642 855 1690 domina
901 1642 1087 1690 amissa
1130 1641 1248 1688 levis
1294 1641 1379 1689 ala
1423 1639 1684 1689 Camillae:
1737 1656 1846 1690 ecce

145 1716 389 1777 quantum
438 1716 607 1778 potest
653 1716 739 1778 qui
785 1716 1054 1765 exercitum
1099 1716 1249 1779 regit!
1313 1715 1434 1777 quia
1478 1731 1582 1763 una
1630 1713 1847 1763 concidit

146 1787 379 1848 Camilla,
418 1804 588 1838 omnes
626 1791 715 1852 qui
753 1807 844 1853 per
879 1791 1044 1853 ipsam
1080 1789 1382 1853 regebantur
1418 1789 1470 1838 in
1502 1789 1679 1853 fugam
1715 1789 1847 1838 versi

145 1865 276 1911 sunt.
341 1864 525 1912 turbati
559 1865 760 1926 fuqiunt
794 1865 995 1912 Rutuli:
1038 1865 1167 1925 fuqit
1204 1878 1315 1912 acer
1350 1861 1535 1911 Atinas
1571 1863 1847 1923 disiectique
1862 1871 1948 1912 870

145 1937 291 1985 duces
336 1937 630 1998 desolatique
679 1939 890 1998 manipli
938 1942 1044 1987 tuta
1083 1941 1256 1999 petunt
1300 1940 1343 1985 et
1390 1938 1525 1998 equis
1574 1938 1736 1986 aversi
1780 1938 1847 1986 ad

144 2011 337 2059 moenia
379 2012 604 2060 tendunt:
652 2013 851 2061 laudem
901 2013 1050 2061 simul
1100 2011 1221 2060 dicit
1276 2010 1516 2060 Camillae
1573 2014 1624 2059 et
1677 2027 1845 2060 eorum

144 2084 564 2147 vituperationem
603 2087 690 2150 qui
726 2087 779 2134 in
818 2087 978 2136 Turni
1014 2086 1241 2149 partibus
1280 2086 1494 2135 fuerant.
1557 2085 1677 2149 quid
1715 2086 1847 2134 enim

145 2160 344 2222 turpius
392 2175 543 2222 quam
589 2161 785 2224 perdito
834 2160 1020 2209 auxilio
1067 2160 1218 2209 unius
1265 2160 1479 2209 feminae
1525 2176 1693 2209 versos
1740 2175 1844 2209 esse

147 2234 306 2282 omnis
338 2234 390 2281 in
421 2235 616 2298 fugam,
647 2251 730 2285 eos
763 2251 962 2298 quoque
988 2235 1077 2297 qui
1099 2235 1272 2298 magni
1293 2234 1581 2283 ferebantur
1604 2236 1654 2283 et
1677 2235 1845 2294 fortes,

145 2307 371 2370 nihilque
420 2308 519 2357 illis
568 2311 735 2358 tutum
780 2311 979 2371 praeter
1027 2324 1197 2358 muros
1244 2309 1464 2358 civitatis
1512 2307 1700 2358 fuisse?
1760 2323 1846 2356 nec

147 2382 405 2442 quisquam
434 2383 666 2431 instantis
691 2384 901 2431 Teucros
933 2383 1168 2442 letwmque
1195 2383 1398 2443 ferentis
1427 2386 1698 2431 sustentare
1720 2382 1847 2430 valet

147 2456 253 2504 telis
292 2459 377 2504 aut
415 2458 582 2504 sistere
619 2461 808 2513 eontra,
849 2457 934 2505 sed
973 2458 1110 2506 laxos
1146 2459 1365 2517 referunt
1399 2458 1581 2505 umeris
1613 2457 1845 2516 lanquen-

146 2530 275 2578 tibus
314 2545 484 2578 areu-s:
521 2546 611 2579 nec
649 2532 812 2579 valuit
851 2531 1120 2594 quisquam
1158 2532 1274 2580 telis
1315 2547 1479 2579 arcere
1519 2531 1732 2579 Teucros
1771 2529 1844 2577 in-

148 2604 328 2652 stantis
368 2606 460 2653 aut
488 2605 564 2653 his
595 2607 847 2667 resistere3
887 2605 1099 2668 denique
1129 2606 1429 2669 languerant
1459 2606 1597 2652 metu
1630 2607 1680 2652 et
1709 2605 1843 2666 ipsos

268 2749 294 2788 6
339 2746 519 2790 volatus
564 2745 635 2790 ed.
781 2749 806 2789 7
848 2747 1050 2792 incertus
1082 2746 1126 2790 V
1170 2748 1365 2791 iniectus
1407 2746 1478 2790 ed.
1522 2746 1720 2789 insertus
1761 2757 1843 2788 nos

149 2802 206 2846 cf.
242 2806 312 2855 10,
337 2808 437 2848 886.
530 2808 557 2848 8
590 2805 777 2849 oblitum
809 2805 880 2849 ed.
978 2809 1033 2849 15
1063 2807 1229 2851 habeat
1249 2805 1291 2849 V
1323 2806 1483 2849 -bebat
1513 2805 1584 2848 ed.
1618 2804 1716 2848 -bet
1746 2817 1842 2847 nos.

150 2865 204 2905 19
235 2862 330 2916 fuit
357 2877 442 2918 pro
473 2865 597 2921 fuyit
618 2863 672 2907 V.
721 2863 726 2922 Ι
776 2878 939 2909 eece—
958 2869 1012 2908 21
1039 2866 1238 2911 Camilla
1270 2878 1356 2908 om.
1384 2864 1455 2913 ecl.
1578 2867 1635 2906 20
1665 2864 1781 2920 reyii
1803 2861 1844 2904 V

147 2922 263 2978 reyit
285 2935 382 2966 noe.
467 2927 521 2965 22
548 2923 792 2979 deiectique
815 2923 886 2967 ed.
973 2929 1028 2968 23
1053 2925 1348 2980 dissolatique
1371 2923 1426 2966 V.
1509 2926 1565 2966 30
1588 2935 1766 2967 umeros
1786 2921 1841 2965 V.

149 2983 203 3022 31
236 2981 441 3026 telereose
465 2981 506 3024 V
538 2983 639 3027 telis
669 2996 822 3027 arcere
855 2997 940 3027 nos
978 2989 1126 3029 tenere
1164 2983 1234 3027 ed.
1359 2986 1413 3026 32
1455 2982 1732 3039 lanyuebant
1770 2980 1840 3025 ed.
