2050 3226
740 179 1045 226 AENELDOS
1074 178 1140 224 XI
1682 183 1788 238 531

33 339 41 386 '-
94 320 308 370 virtutis
336 318 428 369 est'
450 321 657 382 crimen,
697 335 785 368 cur
821 322 882 368 tu
918 336 1028 369 eam
1065 319 1227 383 perire
1267 319 1516 369 desideras
1563 321 1794 372 manibus

37 454 39 459 Ι
93 393 233 444 tuis?
291 394 473 444 idcirco
511 395 619 456 ipse
656 394 779 442 haec
814 395 1138 457 praeveniens
1178 394 1306 455 dixit
1341 410 1442 442 non
1481 410 1664 457 quaero
1705 395 1797 444 ali-

38 526 40 531 ,
96 485 248 532 quam
278 469 494 533 gloriam
525 484 585 516 ex
614 468 749 517 illius
780 484 898 517 nece
927 484 1019 518 nec
1049 468 1254 518 exuvias
1283 468 1389 518 eius
1421 471 1514 517 aut
1533 470 1798 532 tropaeum

31 595 37 610 J
95 544 187 591 aut
238 543 402 606 spolia
453 542 634 591 referre
688 543 945 591 contend0.
1035 543 1156 591 mihi
1209 546 1365 592 cetera
1418 543 1614 591 laudem
1661 544 1798 603 facta

16 611 63 663 ⁸5
93 619 274 677 ferent:
321 618 365 666 si
411 616 610 666 laudari
660 617 827 680 cupio,
876 617 1037 665 habeo
1084 617 1187 665 alia
1237 633 1366 679 quae
1402 617 1528 665 mihi
1566 617 1798 666 adferant

31 737 34 748 ,
93 691 306 740 laudem.
382 691 500 740 haec
544 691 659 739 dira
702 705 806 739 meo
853 691 970 739 dum
1015 690 1215 739 vulnere
1250 692 1407 752 pestis
1443 691 1599 751 pulsa
1636 692 1795 749 cadat,

85 766 286 825 patrias
321 766 543 814 remeabo
581 765 822 826 inylorius
858 766 1021 814 urbis:
1065 764 1172 815 sine
1218 765 1402 830 gloria,
1445 766 1636 828 inquit,
1681 766 1796 815 volo

28 887 30 890 ,
91 855 312 888 remeare
351 840 416 888 ad
453 840 673 902 patriam
709 855 893 901 meam,
934 839 1199 888 dummodo
1236 839 1338 888 ista
1374 840 1528 903 pestis
1566 840 1796 888 intereat.

27 902 33 966 f
94 913 297 963 accedat
325 914 421 962 hoc
451 914 615 962 solum
644 914 810 963 titulis
841 915 988 976 meis,
1019 930 1119 963 non
1151 913 1347 977 aliquid
1377 915 1552 963 fecisse
1583 914 1798 975 fortiter,

24 1000 64 1055 'o
94 988 181 1037 sed
217 989 440 1037 virorum
478 987 630 1037 armis
668 988 770 1036 tale
810 988 1021 1037 dedecus
1053 988 1327 1037 sustulisse.
1398 988 1559 1036 audiit
1595 991 1640 1036 et
1674 989 1798 1036 votis

19 1063 29 1128 ξ
93 1062 316 1110 Phoebus
352 1062 604 1111 succedere
633 1063 824 1123 partim
859 1065 1015 1110 mente
1053 1062 1204 1119 dedit,
1235 1063 1428 1122 partim
1457 1063 1669 1111 volucris
1698 1063 1798 1111 dis·-
1816 1072 1901 1113 ’195

21 1129 28 1208 [
88 1137 245 1197 persit
292 1137 348 1184 iu
397 1151 577 1185 auras:
626 1137 795 1184 omnia
845 1135 1047 1199 quidem
1086 1135 1314 1185 Phoebus
1354 1135 1537 1197 audiit,
1587 1136 1674 1185 sed
1712 1136 1797 1185 ad-

22 1211 26 1261 i
94 1211 234 1259 misit
272 1211 465 1273 aliqua,
505 1211 607 1259 alia
644 1210 851 1273 respuit.
927 1210 1186 1259 videamus
1224 1210 1470 1273 praestita
1508 1213 1559 1259 et
1597 1211 1799 1260 exclusa

0 1283 26 1346 Γ
93 1287 388 1333 tractemus:
440 1288 671 1333 sterneret
713 1288 769 1332 ut
815 1285 980 1333 subita
1032 1285 1279 1333 turbatam
1331 1288 1483 1333 morte
1535 1282 1799 1333 Camillam

0 1350 63 1404 bis
95 1359 272 1407 adnuit
308 1360 495 1416 oranti,
535 1359 759 1407 reducem
795 1362 852 1407 ut
877 1359 1054 1418 patria
1085 1359 1188 1407 alta
1217 1359 1399 1407 videret
1427 1373 1526 1407 uon
1556 1359 1688 1407 dedit
1723 1360 1798 1407 irl-

95 1447 184 1493 que
221 1437 359 1482 notos
395 1447 557 1481 vocem
593 1437 775 1481 vertere
808 1433 1073 1493 procellae:
1119 1433 1376 1496 praestitit
1413 1432 1703 1496 deprecanti
1738 1435 1800 1482 ut

96 1506 359 1555 Camillam
398 1507 566 1556 subita
602 1510 762 1555 morte
808 1509 1165 1569 prosterneret,
1211 1509 1270 1555 ut
1319 1509 1485 1555 autem
1531 1508 1798 1556 incolumis

92 1581 199 1644 ipse
237 1584 479 1630 remearet
529 1597 630 1630 non
676 1581 882 1630 admisit
926 1584 977 1629 et
1021 1582 1151 1629 hanc
1195 1597 1398 1644 precum
1442 1583 1638 1644 partem
1681 1597 1797 1644 pro-

95 1656 231 1704 cellis
271 1655 462 1705 dimisit
499 1658 550 1704 et
587 1657 764 1705 ventis,
819 1670 928 1717 erqo
966 1659 1021 1703 ut
1049 1657 1204 1704 missa
1232 1671 1388 1704 manu
1418 1657 1630 1703 souitwm
1668 1655 1801 1703 dedit

0 1731 65 1776 mo
94 1731 238 1778 hasta
272 1745 368 1790 per
414 1744 591 1787 auraS,
641 1733 911 1778 convertere
958 1731 1149 1778 animos
1188 1730 1319 1778 acris
1357 1730 1611 1789 oculosque
1648 1730 1799 1778 tulere
1814 1739 1902 1780 800

95 1805 254 1852 cuncti
299 1805 366 1853 ad
413 1805 635 1865 reyiuam
684 1805 867 1852 Volsci:
923 1820 1038 1852 mox
1083 1806 1143 1852 ut
1187 1805 1334 1852 hasta
1373 1803 1596 1852 coniecta
1634 1806 1711 1853 est
1748 1805 1800 1852 et

95 1877 313 1926 sonitum
352 1878 512 1940 dedit,
552 1878 724 1927 Volsci
762 1893 930 1926 omnes
970 1878 1137 1926 animo
1176 1879 1230 1926 in
1267 1879 1494 1942 reginam
1540 1878 1798 1941 oculisque

95 1951 320 2000 conversi
358 1952 688 2016 expectabant
725 1953 849 2015 quid
885 1952 973 2000 ille
1012 1967 1161 2001 sonus
1201 1955 1292 2000 aut
1330 1953 1535 2001 eventus
1568 1951 1796 2000 adferret

95 2026 218 2074 nihil
262 2027 376 2087 ipsa
420 2041 508 2075 nec
553 2041 708 2075 aurae
753 2041 840 2075 uec
884 2027 1073 2075 sonitus
1117 2041 1300 2074 memor
1338 2030 1424 2075 aut
1459 2027 1696 2075 venientis
1734 2027 1797 2074 ab

3 2113 66 2146 πε
97 2101 283 2148 aethere
332 2101 436 2148 teli:
484 2101 596 2164 ipsa
643 2103 856 2162 interea,
909 2116 1059 2163 quam
1116 2101 1244 2148 aliae
1299 2100 1601 2164 cupiditates
1655 2115 1797 2149 occu-

96 2177 359 2237 paverant,
397 2190 488 2223 nec
526 2175 791 2224 stridorem
831 2175 957 2223 aeris
998 2174 1159 2223 audiit
1193 2190 1286 2223 nec
1318 2174 1480 2223 audiit
1511 2175 1570 2222 de
1603 2190 1796 2223 summo

96 2249 298 2298 veniens
359 2249 518 2297 telum
572 2265 662 2297 nec
722 2249 915 2311 aliquid
965 2249 1162 2298 adversi
1216 2249 1434 2311 pervidit
1491 2251 1581 2297 aut
1631 2249 1797 2297 sensit.

97 2323 240 2371 hasta
284 2324 375 2371 sub
422 2326 634 2371 exertam
679 2323 828 2371 donec
865 2323 1062 2383 perlata
1101 2323 1347 2383 papillam
1391 2324 1547 2371 haesit
1590 2323 1800 2383 viryiue-

97 2411 273 2456 umque
312 2397 406 2445 alte
446 2398 563 2445 bibit
608 2400 718 2445 acta
757 2411 998 2445 cruorem:
1043 2396 1238 2445 tamdiu
1284 2412 1374 2446 nec
1428 2396 1555 2446 vidit
1600 2397 1799 2444 hastam

23 2483 69 2517 80
99 2486 188 2519 nec
238 2472 414 2532 sensit,
466 2471 619 2519 donec
669 2487 779 2519 eam
829 2470 920 2519 sub
970 2471 1165 2534 papilla
1214 2473 1494 2534 percuteret
1545 2473 1596 2518 et
1632 2473 1799 2519 totum

100 2546 204 2593 eius
242 2545 434 2593 biberet
470 2545 778 2608 sanguinem.
833 2548 1024 2607 quanta
1060 2546 1161 2593 fuit
1190 2545 1347 2593 animi
1378 2545 1481 2593 eius
1521 2543 1798 2606 occupatio,

98 2621 157 2666 ut
200 2619 300 2668 nisi
343 2619 564 2668 letaliter
607 2634 841 2681 percussa
879 2619 1078 2668 hastam
1115 2621 1308 2669 venisse
1348 2619 1607 2668 nescisset!
1685 2634 1798 2666 con-

99 2693 237 2755 pleta
279 2696 356 2742 est
407 2692 646 2741 Camillae
697 2693 987 2755 descriptio,
1034 2710 1095 2742 ne
1145 2693 1450 2756 superfluum
1490 2693 1611 2755 quid
1648 2695 1799 2755 poeta

222 2824 245 2862 1
285 2821 448 2864 virtuti
486 2819 556 2863 ed.
681 2823 708 2862 3
740 2824 822 2863 aut
845 2817 887 2862 V
916 2833 1000 2864 ‘nec
1030 2820 1102 2863 ed.
1226 2823 1281 2862 10
1314 2821 1428 2863 votis
1450 2818 1493 2862 V
1523 2820 1616 2862 voti
1647 2818 1718 2862 ed.
1753 2820 1800 2862 et

101 2877 240 2934 Verg.
272 2877 383 2922 libri
421 2877 601 2935 optimi.
740 2884 793 2922 11
831 2880 1004 2934 partim
1034 2878 1078 2922 V
1112 2883 1295 2935 partem
1334 2878 1405 2922 ed.
1438 2880 1487 2922 et
1517 2877 1656 2934 Verg.
1687 2876 1800 2921 libri

102 2937 283 2992 optimi.
412 2942 470 2981 24
507 2951 620 2982 aure
654 2936 695 2980 V
735 2951 878 2982 auras
916 2937 987 2981 ed.
1111 2943 1163 2981 27
1198 2938 1378 2982 adversi
1400 2937 1603 2993 pervidit
1624 2936 1667 2980 V
1691 2950 1799 2993 per-

100 2997 220 3040 versi
249 2996 366 3041 vidit
397 2996 468 3041 ed.
592 3001 646 3040 32
680 2998 911 3053 complecta
934 2996 977 3041 V
1002 3010 1115 3042 corr.
1142 2996 1213 3040 ed.

1440 3084 1526 3128 34*
