2050 3226
241 134 349 187 322
714 131 948 176 ΒΟΝΑΤΙ
976 131 1042 175 IN
1044 131 1258 177 TERPR.
1282 132 1462 178 VERG.

238 274 432 334 partem
482 273 635 321 maris
690 288 816 335 quae
870 272 1106 321 adluebat
1157 288 1368 335 proram.
1469 276 1734 334 aynoscant
1794 275 1929 335 lonye

237 361 395 407 reyem
434 347 733 407 lustrantque
772 347 976 394 choreis:
1016 346 1149 409 quod
1186 346 1345 409 primo
1385 349 1626 396 venerunt
1672 347 1736 396 ad
1780 348 1929 396 finem

237 436 436 482 prorae,
469 437 596 483 quae
627 422 798 468 aerata
829 421 1012 482 fuerat,
1038 423 1350 484 agnoverunt
1372 436 1552 485 regem.
1605 424 1736 470 recte
1760 421 1930 484 posuit

238 498 515 558 agnoscunt
551 496 697 558 longe
734 510 923 558 regem,
961 495 1110 542 inter
1129 495 1299 543 lunam
1331 496 1462 542 enim
1493 497 1544 543 et
1573 495 1930 545 obscuritatem

236 569 395 618 noctis
443 572 494 618 et
537 569 703 632 pelagi
750 568 812 616 ab
863 568 962 616 alio
1011 583 1097 616 rex
1149 585 1249 617 non
1299 568 1444 617 facile
1497 569 1662 632 potuit
1711 571 1927 634 agnosci.
1980 584 2001 618 5

237 643 425 692 choreis
465 643 707 691 dederunt
745 643 944 706 signum
981 642 1156 691 matris
1195 642 1361 703 deum,
1399 645 1457 692 ut
1493 643 1608 691 inde
1646 643 1748 691 iam
1781 643 1930 692 sciret

133 724 219 764 225
236 732 352 766 suas
414 733 540 778 esse,
601 733 701 765 non
753 716 922 765 maris.
1014 731 1223 777 quarum
1277 731 1399 777 quae
1450 717 1596 778 fandi
1648 718 1926 766 doctissima

239 790 533 852 Cymodocea
563 805 693 850 pone
730 805 933 850 sequens
971 790 1142 838 dextra
1174 792 1383 851 puppim
1413 794 1557 839 tenet:
1595 807 1703 840 ecce
1736 795 1928 855 quanta

169 893 173 895 -
233 867 461 928 potentia
507 864 654 913 deum
698 865 896 913 matris:
943 865 1063 913 fecit
1109 881 1167 912 ex
1211 865 1390 929 ligneis
1437 866 1682 928 nymphas
1722 868 1772 914 et
1810 867 1925 915 deas

233 939 304 987 ire
343 938 490 989 iussit
525 938 579 987 in
608 939 813 1001 fluctus,
853 939 1014 987 effecit
1042 941 1103 987 ut
1132 938 1274 1001 loqui
1301 941 1504 1002 possent
1535 942 1584 987 et
1614 940 1926 1002 eloquentiae
1958 953 2001 986 ιο

234 1014 460 1062 doctrina
498 1013 755 1076 pollerent.
820 1012 1129 1076 Cymodocea
1165 1015 1353 1074 tamen,
1394 1029 1521 1076 quae
1561 1016 1748 1062 ceteras
1788 1016 1925 1063 ante-

231 1087 339 1136 ibat
388 1090 493 1136 arte
539 1087 797 1150 loquendi,
843 1088 1168 1150 posteriorem
1213 1086 1356 1136 navis
1402 1086 1564 1136 tenuit
1607 1091 1823 1150 partem3
1873 1088 1927 1137 in

231 1163 343 1224 ipsa
382 1161 513 1211 enim
549 1162 887 1226 gubernacula
923 1161 1117 1210 Aeneas
1155 1161 1404 1210 retinebat
1442 1164 1492 1210 et
1528 1162 1751 1211 velorum
1789 1163 1925 1212 sinus

233 1239 365 1285 certo
426 1235 762 1284 moderamine
822 1236 1147 1299 temperabat.
1241 1235 1444 1284 tenebat
1501 1235 1658 1300 igitur
1717 1237 1926 1300 puppim

230 1327 385 1359 manu
417 1310 590 1359 dextra
620 1311 824 1370 ipsaque
854 1310 997 1359 dorso
1027 1311 1227 1369 eminet;
1250 1325 1360 1358 cum
1392 1326 1452 1359 ex
1482 1309 1576 1358 hac
1607 1326 1756 1359 causa
1779 1310 1924 1360 undis
1957 1322 1998 1356 ιε

231 1400 330 1433 non
391 1387 642 1449 tegeretur
703 1387 754 1432 ct
807 1384 1009 1433 dorsum
1062 1385 1167 1433 eius
1222 1385 1504 1447 appareret,
1567 1385 1707 1433 laeva
1767 1386 1925 1433 tacitis

230 1460 524 1520 subremiqat
584 1459 755 1507 andis:
807 1459 942 1507 lento
995 1460 1135 1507 motu
1189 1459 1420 1507 sinistrae
1473 1474 1652 1507 manus
1706 1475 1764 1507 ac
1818 1460 1923 1508 sine

229 1533 478 1581 undarum
501 1532 711 1596 strepitu
735 1532 1120 1597 subremigabat.
1176 1532 1511 1596 subremigare
1542 1535 1618 1581 est
1639 1548 1738 1581 non
1762 1533 1921 1595 plenis

196 1657 200 1660 ,
231 1607 488 1656 conatibus
519 1607 775 1671 remigare.
831 1610 932 1654 tum
962 1607 1033 1655 sic
1061 1608 1291 1668 iynaram
1330 1607 1607 1668 adloquitur
1619 1624 1638 1665 ,·
1674 1607 1923 1656 nesciebat

230 1681 361 1729 enim
399 1683 541 1746 gesta
577 1681 682 1730 illic
719 1681 805 1729 ubi
836 1680 1107 1744 reliquerat
1138 1695 1268 1729 suos.
1320 1681 1578 1742 viyilasne,
1619 1681 1762 1729 deam
1787 1696 1920 1742 qens,
1953 1693 1999 1746 ²⁰.

229 1754 432 1804 Aenea?
486 1757 667 1803 mirum
707 1756 948 1804 orationis
988 1755 1309 1819 principium3
1347 1757 1478 1803 recte
1510 1754 1642 1802 enim
1673 1754 1922 1804 dubitavit
1993 1756 1995 1758 ’

230 1846 353 1891 quae
391 1829 709 1892 loquebatur,
751 1829 869 1893 quia
906 1831 1102 1892 tempus
1142 1829 1240 1877 fuit
1277 1829 1479 1892 petendi
1509 1829 1692 1891 somni,
1731 1831 1782 1878 et
1812 1829 1920 1877 dor·

227 1905 351 1952 mire
390 1920 490 1951 non
522 1904 712 1966 debuit,
746 1904 864 1966 quia
895 1903 1243 1967 gubernandae
1276 1903 1419 1953 navis
1451 1903 1654 1967 gerebat
1685 1903 1917 1952 officium.

228 1977 431 2042 vigilas,
470 1979 659 2040 inquit,
699 1994 762 2026 an
803 1978 1007 2039 dormis,
1038 1978 1229 2039 Aenea,
1269 1979 1354 2041 qui
1385 1993 1540 2042 genus
1572 1993 1602 2025 a
1633 1977 1920 2025 numinibus

229 2051 403 2100 ducis?
457 2053 509 2100 in
541 2053 738 2100 nomine
769 2068 870 2100 una
908 2053 1019 2100 laus
1059 2055 1154 2114 est,
1195 2052 1353 2100 altera
1391 2053 1444 2099 in
1482 2051 1673 2116 generis
1710 2052 1918 2100 ratione.
1951 2062 1999 2096 25⁷
2049 2107 2050 2112 ¹

227 2127 379 2187 viyila
418 2130 461 2173 et
496 2126 614 2174 velis
651 2127 836 2174 inmitte
872 2126 1116 2174 rudentis:
1164 2142 1445 2188 persevera,
1491 2127 1679 2188 inquit,
1718 2128 1769 2173 et
1807 2141 1918 2174 con—

229 2201 358 2248 senti
390 2199 613 2261 flatibus,
650 2201 769 2262 quia
803 2201 1053 2263 prosperis
1086 2200 1390 2249 successibus
1421 2199 1654 2264 navigas,
1690 2201 1740 2247 et
1773 2199 1918 2247 habe-

227 2290 318 2323 nas
355 2275 547 2338 navigii
585 2275 825 2323 currentis
865 2290 926 2322 ne
963 2274 1142 2337 retine,
1181 2291 1242 2323 ne
1280 2274 1536 2323 felicitatis
1573 2276 1690 2322 tuae
1729 2289 1918 2322 sueces-

229 2364 310 2397 sus
350 2348 544 2398 obiectu
592 2348 845 2397 tarditatis
895 2348 1134 2411 inpedias.
1209 2349 1333 2396 haec
1379 2350 1454 2397 est
1498 2364 1600 2396 una
1642 2347 1917 2396 distinctio:

347 2481 371 2520 1
414 2477 642 2533 marisque
671 2473 756 2517 VR
797 2489 854 2518 m.
891 2489 1006 2531 quae
1044 2475 1115 2519 ed.
1177 2476 1181 2534 Ι
1238 2475 1486 2519 adluebant
1522 2474 1563 2518 R
1604 2474 1845 2518 adluebam
1875 2473 1917 2516 V

226 2536 438 2580 abluebat
467 2535 538 2579 ed.
652 2539 678 2579 2
711 2534 830 2590 quod
855 2536 1007 2589 primo
1029 2533 1115 2578 VR
1145 2549 1284 2591 quam
1310 2535 1510 2590 primum
1541 2533 1611 2578 ed.
1710 2537 1754 2576 ,3
1787 2547 1917 2577 aera-

226 2600 299 2639 tae
330 2595 400 2638 ed.
440 2595 444 2653 Ι
485 2595 638 2650 fuerat
659 2593 701 2637 V
732 2593 917 2647 fuerant
947 2594 989 2636 R
1021 2594 1091 2638 ed.
1130 2594 1134 2651 J
1175 2598 1476 2651 coynoverunt
1504 2592 1574 2636 ed.
1673 2596 1702 2635 4
1733 2605 1916 2649 cognos-

225 2659 334 2698 cunt
372 2654 443 2698 ed.
565 2658 591 2698 5
625 2653 810 2710 aynosci
832 2651 917 2695 VR
949 2652 1019 2697 ed.
1052 2654 1289 2710 diynosci?
1407 2656 1431 2694 7
1471 2666 1558 2696 sua
1588 2651 1673 2694 VR
1704 2651 1775 2695 ed.
1808 2665 1916 2695 suas

226 2726 321 2756 noe.
358 2713 363 2770 Ι
406 2726 686 2769 quarumque
712 2711 766 2755 V.
860 2715 886 2754 8
910 2713 1077 2767 pupim
1099 2711 1197 2756 VR.
1291 2715 1316 2755 9
1348 2712 1487 2768 liym's
1517 2710 1632 2754 edF.
1726 2715 1781 2754 13
1812 2711 1915 2766 ipsa

226 2772 312 2815 VR
341 2773 402 2816 iis
431 2772 503 2815 ed.
597 2777 652 2815 14
683 2771 990 2815 modoramine
1012 2771 1109 2815 VR.
1198 2775 1251 2815 16
1284 2772 1413 2815 laeva
1436 2769 1521 2813 VR
1551 2784 1606 2814 ac
1629 2770 1656 2813 l.
1683 2769 1754 2813 ed.
1779 2768 1912 2824 falso,

226 2831 338 2886 quia
381 2831 599 2887 apodosis
643 2831 715 2874 est
758 2830 816 2874 cf.
854 2843 895 2873 v.
930 2833 1028 2874 160.
1162 2834 1216 2873 17
1260 2830 1530 2874 sabremicat
1562 2828 1647 2871 VR
1686 2842 1799 2872 corr.
1831 2842 1866 2871 r.
1905 2829 1909 2886 Ι

225 2891 448 2935 siniaetrae
487 2890 527 2933 R
568 2891 757 2935 sinistra
795 2888 835 2931 V
875 2888 946 2932 ed.
1012 2889 1015 2945 l
1082 2903 1246 2933 manus
1280 2888 1366 2932 VR
1404 2888 1475 2933 ed.
1518 2890 1632 2931 mut.
1677 2887 1748 2931 ed.
1791 2889 1910 2943 post.

227 2954 281 2992 26
314 2950 514 2994 consenti
543 2950 584 2993 R
616 2949 685 2992 ed.
719 2949 972 2993 consensati
995 2947 1047 2991 V.
1173 2952 1228 2991 29
1261 2948 1428 2992 obiecta
1459 2947 1674 2992 tarditate
1705 2946 1778 2990 ed.
