2050 3226
234 153 341 207 316
703 150 938 196 DONATI
966 150 1248 195 INTERPR.
1272 149 1450 196 VERG.

234 292 323 339 aut
361 290 515 339 oculis
556 289 779 339 distortis
821 292 909 339 aut
947 292 1200 339 contracto
1233 290 1391 339 vultu.
1459 293 1700 339 sexcentos
1730 290 1805 337 illi
1842 289 1920 338 de·
1984 311 1986 314 ·

232 364 372 412 derat
405 365 680 424 Populonia
717 368 872 412 mate-r
910 367 1125 424 expertos
1164 363 1274 412 belli
1309 365 1527 421 iuvenes,
1569 367 1646 412 ast
1682 363 1799 412 Ilva
1829 366 1919 412 tre·

233 441 414 486 centos:
445 437 770 500 conpendiose
801 439 996 486 locutus
1030 440 1125 500 est3
1157 454 1275 486 nam
1305 437 1462 487 omnis
1494 439 1770 502 nongentos
1795 437 1922 486 dixit

232 514 458 574 expertos
505 512 645 573 belli,
694 512 787 560 hoc
837 514 912 560 est
961 512 1047 574 qui
1099 511 1340 560 haberent
1391 527 1539 561 usum
1590 510 1920 574 peritiamque

232 587 458 635 certandi
495 585 919 649 probatissimam,
959 602 1109 648 quam
1148 585 1357 634 adsidua
1387 586 1734 635 exercitatione
1766 586 1920 648 cepis·
1974 597 1994 630 5

233 661 354 708 sent.
404 661 571 708 insula
593 660 895 708 inexhaustis
922 658 1190 720 Chalybum
1209 674 1442 721 qenerosa
1464 660 1695 708 metallis:
1718 661 1923 723 propter

230 750 377 782 usum
416 750 663 782 armorum
702 733 881 782 habuit
919 734 1225 782 occasionem
1264 770 1570 784 .........
1611 734 1745 796 (111οᾱ
1775 750 1833 782 ex
1864 749 1920 781 eo

131 815 215 856 175
231 808 443 857 fuissent
479 808 588 856 loco
626 807 679 854 in
719 823 818 870 quo
857 807 1063 856 metalla
1093 807 1303 856 ferraria
1334 808 1698 856 exercebantur.
1753 808 1922 856 tertius

231 883 311 930 ille
341 883 590 929 hominum
621 882 880 941 divumque
909 883 1147 942 interpres
1170 880 1362 939 Asilas,
1389 883 1468 930 cui
1481 883 1728 942 pecudum
1750 883 1920 941 fibrae,

232 955 352 1004 caeli
376 956 454 1003 cui
476 956 641 1003 sidera
664 959 845 1015 parent
871 959 914 1003 et
940 957 1135 1017 linquae
1161 956 1410 1004 volucrum
1438 959 1482 1004 et
1501 956 1735 1016 praesayi
1755 956 1921 1016 fulmi-
1953 969 1996 1002 ιο

230 1031 309 1077 nis
339 1030 497 1090 iynes:
535 1030 751 1078 Tuscum
781 1029 933 1078 fuisse
964 1031 1280 1092 haruspicem
1311 1029 1437 1078 dixit
1467 1045 1497 1077 a
1530 1045 1627 1092 quo
1659 1029 1923 1078 audierant

231 1099 306 1168 (8,
326 1096 455 1170 503)
486 1106 748 1165 „externos
781 1106 952 1166 optate
984 1102 1184 1152 duces“.
1238 1119 1346 1152 ecce
1380 1106 1430 1152 et
1459 1104 1540 1151 hic
1564 1104 1779 1152 Tuscum
1802 1103 1924 1152 dicit

230 1177 458 1226 omnibus
498 1177 756 1241 generibus
795 1179 1118 1240 instructum,
1157 1181 1216 1226 ut
1247 1178 1479 1245 ostendat
1507 1177 1560 1225 in
1592 1177 1772 1226 Tuscia
1802 1178 1923 1226 haec

230 1268 410 1316 genera
433 1252 693 1300 hominum
717 1268 984 1314 superesse.
1024 1252 1149 1301 caeli
1179 1252 1261 1300 0111
1292 1252 1455 1301 sidera
1485 1254 1664 1315 parent
1688 1253 1738 1300 et
1760 1254 1923 1300 cetera

229 1342 382 1388 supra
420 1327 554 1374 dicta
592 1327 861 1375 ostendunt
891 1327 1018 1374 nihil
1057 1328 1103 1375 ei
1133 1327 1286 1375 fuisse
1318 1326 1579 1375 occultum.
1632 1326 1762 1374 mille
1791 1327 1926 1386 rapit
1955 1337 1995 1371 15

229 1401 402 1448 densos
441 1401 542 1448 acie
581 1404 721 1461 atque
758 1401 1062 1449 horrentibus
1099 1401 1273 1458 hastis,
1312 1401 1397 1448 hos
1429 1415 1608 1462 parere
1641 1401 1807 1448 iubent
1834 1398 1922 1447 Az-

219 1474 346 1533 phia
392 1475 453 1522 ab
500 1475 684 1535 oriyine
721 1475 891 1523 Pisae:
935 1475 1082 1523 Pisae
1126 1491 1306 1524 nomen
1351 1476 1427 1523 est
1473 1473 1670 1525 civitati
1708 1490 1836 1536 quae
1875 1475 1924 1522 et

128 1555 212 1596 180
229 1549 341 1610 ipsa
381 1549 569 1596 auxilia
609 1548 825 1597 dederat.
908 1551 1027 1597 urbs
1065 1549 1281 1596 Etrusca
1319 1549 1442 1596 solo:
1482 1551 1532 1596 et
1569 1548 1702 1610 ipsa,
1741 1547 1922 1610 inquit,

230 1622 406 1671 civitas
429 1622 483 1669 in
506 1623 611 1670 solo
636 1622 736 1670 fuit
755 1623 984 1672 Etruriae
1010 1624 1294 1672 constituta.
1333 1623 1549 1682 sequitur
1565 1623 1923 1682 pulcherrimus

229 1694 398 1753 Astur,
430 1695 588 1744 Astur
626 1710 741 1756 equo
779 1698 937 1756 fidens
969 1700 1011 1744 et
1040 1697 1407 1744 versicoloribus
1439 1697 1616 1744 armis:
1654 1696 1923 1744 versicolor
1953 1706 1995 1741 2⁰

230 1772 306 1818 est
344 1770 475 1833 quod
514 1771 632 1818 dum
668 1771 882 1819 vertitur
911 1772 1077 1819 mutat
1109 1772 1334 1819 colorem.
1390 1773 1648 1818 tercentum
1681 1770 1923 1818 adiciunt:

229 1845 448 1892 nondum
487 1844 614 1893 dixit
653 1844 742 1907 qui
780 1845 1014 1893 adiciunt.
1078 1859 1214 1892 mens
1260 1845 1483 1892 omnibus
1528 1859 1632 1892 una
1670 1844 1922 1904 sequendi:

231 1917 318 1980 (1111
366 1920 485 1966 sunt
533 1918 621 1966 isti
671 1920 758 1981 qui
807 1920 1030 1968 adiciunt
1079 1921 1128 1967 et
1175 1918 1357 1981 quibus
1407 1935 1509 1967 una
1559 1920 1635 1966 est
1671 1933 1808 1967 mens
1849 1933 1920 1966 se-

231 1991 449 2054 quendi?
504 1993 587 2051 qui
628 1990 822 2041 Caerete
861 1994 1020 2049 domo,
1062 1994 1144 2053 qui
1182 1996 1297 2040 sunt
1334 1993 1577 2040 Minionis
1614 1993 1669 2039 in
1707 1992 1842 2040 arvis
1881 1995 1924 2040 et

229 2066 380 2127 Pyryi
416 2069 594 2113 veteres
631 2067 1030 2127 intempestaeque
1072 2066 1363 2115 Graviscae:
1413 2066 1539 2114 dixit
1576 2066 1797 2114 locorum
1835 2081 1921 2114 no·
1954 2073 1994 2108 25

187 2155 191 2160 ’
229 2141 367 2188 mina
404 2141 457 2186 in
498 2139 677 2202 quibus
716 2140 803 2188 isti
843 2140 1289 2189 commorabantur.

129 2219 212 2260 185
347 2213 463 2261 Non
494 2228 574 2274 eqo
607 2217 669 2270 te,
703 2215 948 2275 Liyurum
979 2215 1146 2263 ductor
1175 2215 1437 2275 fortissime
1462 2213 1600 2270 belle,
1627 2213 1920 2270 transierim,

233 2287 410 2348 Cinyre
459 2290 502 2335 et
540 2289 721 2346 paucis
771 2290 989 2337 comitate
1042 2287 1266 2348 Gupavo:
1319 2303 1418 2336 non
1473 2303 1564 2351 ego
1617 2289 1688 2348 te,
1742 2287 1922 2350 inquit,

232 2361 410 2424 Cinyre
464 2359 688 2423 (lupam,
744 2364 830 2423 qui
881 2378 931 2411 es
971 2362 1212 2426 Ligurum
1263 2363 1438 2410 ductor
1477 2363 1527 2409 et
1563 2361 1616 2408 in
1655 2361 1783 2409 bello
1824 2362 1920 2408 for-

351 2491 375 2530 3
408 2488 563 2531 insula
593 2487 703 2530 huic
734 2487 945 2532 lemmati
977 2489 1083 2532 add.
1116 2488 1239 2532 infra
1271 2502 1358 2532 om.
1385 2487 1456 2531 ed.
1508 2487 1511 2545 Ι
1561 2492 1815 2544 nunyentos
1837 2486 1922 2530 VR

233 2561 319 2590 om.
353 2546 424 2590 ed.
547 2549 573 2588 5
606 2547 957 2602 probatissimus
980 2547 1065 2590 VR
1097 2562 1209 2591 corr.
1243 2548 1314 2591 ed.
1438 2551 1461 2589 7
1501 2548 1608 2602 post
1647 2547 1922 2591 occasionem

232 2606 447 2649 lacunam
473 2605 670 2661 signavi:
698 2606 939 2650 adserendi
961 2607 1034 2651 vel
1058 2607 1209 2651 simile
1234 2606 1413 2662 aliquid
1438 2605 1663 2649 desidero.
1735 2610 1788 2648 11
1815 2619 1922 2648 aru-

231 2666 396 2720 spicem
418 2664 473 2709 V.
583 2669 638 2708 16
662 2678 836 2720 parare
859 2665 913 2708 V.
967 2666 969 2723 1
1021 2667 1179 2722 alphia
1201 2665 1286 2709 VR
1317 2666 1519 2720 Alpheae
1551 2664 1621 2708 ed.
1727 2669 1780 2707 17
1814 2665 1922 2708 civi-

231 2726 341 2768 tatis
384 2723 454 2766 ed.
579 2727 635 2766 20
674 2728 856 2767 asturae
894 2739 979 2780 quo
1019 2724 1072 2769 R.
1197 2729 1249 2767 21
1291 2737 1405 2780 quae
1437 2723 1520 2767 VR
1554 2723 1625 2767 ed.
1667 2723 1786 2779 quod
1824 2736 1920 2766 noe.

234 2787 289 2825 28
321 2783 467 2826 cinere
491 2781 576 2825 VR
607 2782 759 2840 nyne
791 2783 860 2826 ed.
910 2788 913 2841 Ι
954 2785 1087 2839 pacis
1111 2783 1195 2826 VR
1227 2784 1297 2837 (ut
1326 2797 1366 2827 v.
1394 2785 1479 2838 16).
1574 2787 1628 2825 29
1661 2784 1815 2839 cynire
1838 2781 1922 2824 VR

235 2842 387 2898 nyne
433 2841 526 2884 ed.:
574 2855 718 2884 unum
765 2855 874 2898 ergo
921 2842 1156 2886 hominem
1203 2841 1422 2897 Cinyram
1466 2840 1760 2897 Cupavonem
1804 2841 1919 2883 Don.

234 2901 427 2955 accipit,
461 2900 586 2955 quod
616 2900 740 2943 infra
772 2914 955 2956 quoque
987 2901 1138 2945 verbis
1172 2903 1292 2945 hunc
1322 2906 1541 2944 autem—
1485 2901 1697 2956 —pauci
1734 2900 1921 2943 demon-

236 2961 420 3003 stratur.
