2050 3226
241 180 314 234 46
714 176 947 222 DONATI
976 176 1258 222 INTERPR.
1283 176 1463 222 VERG.

241 333 443 367 currum
480 319 532 366 et
566 317 736 382 bigam
768 318 908 366 misit
936 318 1067 381 regi,
1099 333 1228 381 quae
1260 310 1463 366 fuerunt
1492 317 1706 381 insignis
1735 316 1938 366 honoris

241 394 393 455 atque
423 392 648 440 virtutis:
686 392 902 453 honoris,
932 393 992 439 ut
1021 393 1131 454 ipso
1164 407 1313 440 curru
1343 393 1514 441 vectus
1547 407 1660 439 cum
1691 390 1939 455 dignitate

239 467 433 515 veniret
470 466 535 514 ad
572 481 819 527 socerum,
850 467 1074 527 virtutiS‚
1114 468 1235 528 quia
1266 467 1381 528 equi
1413 468 1464 514 et
1493 481 1663 515 currus
1694 465 1941 513 bellorum

239 540 571 589 instrumenta
617 541 746 589 sunt.
823 539 974 588 datur
1019 541 1159 603 equis
1205 541 1329 602 ipsis
1373 540 1627 602 meritum,
1666 555 1727 588 ne
1764 555 1851 588 rex
1885 540 1939 588 in

239 629 393 678 regno
455 629 543 662 suo
603 614 952 662 florentissimo
1013 614 1207 676 positus
1269 615 1376 662 leve
1434 613 1688 677 quoddam
1746 614 1940 662 misisse
1993 626 2013 659 5
2044 619 2047 670 j

162 717 166 720 ·
240 689 514 750 videretur,
553 687 600 736 ci
636 688 717 736 vel
753 688 966 736 maxime
999 689 1082 736 cui
1111 687 1268 736 filiam
1299 688 1416 736 dare
1448 689 1693 751 cupiebat.
1756 688 1939 736 semine

242 762 304 811 ab
355 761 575 811 aetherio
625 762 718 811 ait:
771 779 950 824 parum
994 762 1163 810 fuerat
1207 763 1430 811 caelestis
1470 778 1575 811 esse
1613 762 1815 823 dixisse,
1853 761 1939 810 ad·

241 836 370 885 didit
414 836 651 900 spirantis
698 836 902 884 naribus
947 837 1138 900 ignem,
1183 836 1310 884 flatu
1347 852 1436 885 suo
1478 837 1563 899 qui
1601 836 1942 900 significarent

241 911 485 974 originem
522 926 665 959 suam
703 925 808 959 esse
847 911 1131 972 caelestem,
1176 910 1382 959 naribus
1422 911 1608 974 quippe
1646 910 1942 959 emittebant

239 985 422 1049 ignem.
500 984 758 1048 subiungit
805 985 1051 1032 rationem
1105 1000 1204 1046 qua
1250 985 1505 1033 confirmet
1549 1000 1630 1034 eos
1677 985 1830 1032 fuisse
1877 983 1938 1032 ab
1972 997 2015 1029 ιο

243 1059 463 1107 aetherio
525 1059 723 1107 semine.
813 1059 1027 1115 illorum,
1090 1058 1276 1120 inquit,
1339 1059 1397 1106 de
1446 1062 1583 1119 yente
1634 1059 1770 1119 patri
1822 1073 1940 1118 quos

241 1133 474 1181 Daedala
514 1131 651 1181 Circe
687 1131 970 1194 [supposita
1008 1133 1066 1180 de
1102 1137 1258 1180 matre
1293 1134 1462 1181 nothos
1498 1135 1672 1193 furata
1709 1131 1940 1194 creavitJ:

241 1206 519 1255 Daedalam
581 1205 708 1254 dixit
773 1208 963 1270 ingenii
1022 1207 1290 1255 vivacitate
1355 1207 1648 1269 pollentem,
1705 1206 1941 1269 quoniam

240 1281 495 1330 Daedalus
543 1280 597 1329 in
647 1283 752 1329 arte
802 1281 973 1328 fabrili
1017 1281 1345 1343 peritissimus
1390 1281 1530 1330 miris
1568 1280 1939 1329 inventionibus

241 1356 424 1404 floruit.
480 1354 620 1404 Circe
658 1370 774 1419 ergo
811 1356 1032 1417 paternis
1073 1355 1211 1418 equis
1250 1357 1410 1403 matre
1449 1355 1711 1418 supposita
1747 1357 1940 1403 furtum
1971 1366 2013 1400 15

241 1430 382 1491 fecit,
420 1431 479 1477 ut
516 1430 752 1478 caelestes
789 1429 868 1476 illi
907 1431 1071 1478 essent
1108 1430 1198 1492 qui
1237 1428 1298 1477 ab
1332 1429 1393 1478 iis
1428 1432 1764 1478 nascerentur.
1823 1428 1938 1476 inde

242 1519 359 1567 ergo
397 1503 601 1551 fuerunt
637 1518 763 1566 quos
802 1504 998 1552 Aeneae
1037 1503 1246 1552 Latinus
1284 1503 1437 1551 misit.
1509 1503 1653 1551 nothi
1691 1503 1939 1564 dicuntur,

241 1579 372 1626 sicut
423 1578 475 1625 in
528 1579 780 1640 praesenti
832 1580 908 1626 est
959 1578 1199 1640 positum,
1254 1593 1378 1639 quos
1434 1578 1628 1626 diversa
1678 1577 1732 1624 in
1785 1593 1940 1624 unum

242 1653 537 1701 conveniens
577 1651 870 1699 animalium
906 1655 1086 1700 natura
1124 1652 1403 1714 protulerit.
1466 1652 1646 1700 talibus
1676 1649 1940 1699 Aeneadae

139 1730 224 1770 285
243 1727 384 1774 donis
422 1726 653 1785 dictisque
690 1726 866 1773 Latim'
902 1727 1132 1774 sublimes
1169 1727 1224 1773 iu
1263 1727 1396 1785 equis
1436 1725 1638 1773 redeunt
1672 1738 1941 1785 pacemque
1970 1737 2014 1769 20

241 1803 512 1860 reportant:
563 1816 801 1863 magnum
845 1800 945 1848 fuit
990 1799 1274 1848 securitatis
1312 1799 1533 1864 signum,
1573 1799 1708 1862 quod
1747 1799 1938 1862 equites

240 1876 585 1922 remeaverant
622 1875 709 1936 qui
746 1873 936 1935 pedites
975 1875 1177 1922 fuerant
1213 1874 1366 1922 missi.
1433 1873 1693 1936 respondit
1730 1872 1939 1934 duobus,

241 1949 335 1996 hoc
374 1950 450 1996 est
488 1948 631 1995 donis
666 1950 719 1995 ‘et
757 1947 925 1995 dictis:
987 1948 1129 1997 donis
1172 1948 1407 1997 sublimes
1446 1950 1500 1995 in
1539 1949 1677 2010 equis
1715 1947 1938 2008 redeunt,

243 2021 388 2070 dictis
431 2038 702 2084 pacemque
744 2024 1016 2084 reportant.
1091 2023 1224 2071 inter
1259 2023 1349 2070 illa
1389 2038 1517 2086 quae
1557 2022 1690 2070 dicta
1729 2037 1937 2069 comme-

241 2097 426 2156 morat,
466 2095 644 2158 quibus
683 2095 884 2144 fuerant
914 2097 1056 2157 laeti,
1089 2098 1242 2145 etiam
1271 2097 1398 2144 illud
1430 2096 1775 2144 continebatur
1805 2094 1938 2156 quod
1969 2109 2011 2140 25

242 2169 451 2217 Latinus
502 2170 561 2217 de
610 2169 743 2217 filiae
792 2171 980 2231 nuptiis
1029 2170 1167 2220 dixit.
1254 2173 1498 2234 quantum
1542 2171 1657 2218 hinc
1701 2170 1937 2231 putamus

243 2244 512 2308 gloriosam
573 2244 797 2291 effectam
856 2244 1179 2307 legationem,
1249 2261 1376 2307 quae
1436 2246 1632 2292 tantam
1692 2242 1938 2290 laetitiam

243 2318 408 2366 fuerat
468 2318 532 2365 ad
585 2317 786 2364 Aenean
850 2319 1128 2380 perlatura!
1227 2320 1342 2382 plus
1404 2319 1590 2381 quippe
1651 2319 1734 2371 est,
1786 2315 1937 2379 deligi

246 2408 481 2455 generum
519 2407 671 2454 quam
711 2392 897 2454 suscipi
934 2393 1151 2455 hospitio
1190 2394 1521 2456 peregrinum.

360 2465 488 2513 Ecce
519 2468 678 2513 autem
708 2465 930 2513 Inachiis
960 2481 1061 2514 sese
1090 2468 1328 2527 referebat
1359 2468 1420 2514 ab
1443 2464 1595 2526 Armis
1625 2478 1774 2512 saeva
1799 2463 1936 2510 Iovis
1967 2477 2011 2508 30

244 2540 454 2587 coniunx
492 2553 737 2598 aurasque
769 2540 955 2587 invecta
990 2542 1176 2589 tenebat
1207 2544 1249 2588 et
1279 2542 1457 2588 laetum
1479 2538 1684 2587 Aenean
1714 2538 1936 2584 classem-

244 2628 333 2674 que
370 2628 427 2661 ex
466 2613 651 2661 aethere
690 2613 824 2673 lonae
853 2614 1173 2662 Dardaniam
1205 2614 1366 2662 Siculo
1400 2612 1649 2673 prospexit
1685 2611 1747 2659 ab
1784 2624 1935 2669 usque

365 2817 390 2854 2
422 2814 522 2869 ipso
545 2811 588 2854 V
609 2813 704 2868 ipse
727 2811 842 2856 edF.
938 2818 963 2855 6
997 2819 1079 2857 aut
1108 2814 1195 2857 vile
1225 2815 1333 2869 post
1363 2812 1589 2856 videretur
1619 2808 1833 2864 interpol.
1861 2809 1931 2851 ed.

245 2875 272 2913 8
311 2873 426 2926 flatu
456 2885 538 2915 suo
577 2871 637 2914 ad
677 2871 1002 2914 antecedentia
1033 2873 1229 2915 retraxit
1261 2873 1332 2915 ed.
1456 2874 1509 2913 11
1551 2870 1702 2924 iuquit
1738 2881 1825 2910 om.
1861 2867 1931 2911 ed.

248 2934 300 2972 12
333 2931 823 2987 supposita—creavit
853 2930 984 2973 deest
1014 2931 1064 2974 in
1090 2931 1142 2984 V,
1176 2931 1258 2975 sed
1291 2928 1560 2986 explicatur.
1670 2932 1724 2970 16
1756 2927 1854 2970 illic
1877 2925 1931 2970 V.

246 2993 302 3031 24
334 2994 644 3034 commemorat
669 2989 708 3032 V
731 2994 868 3033 -runt
891 2990 962 3033 ed.
1040 2994 1094 3032 26
1127 2992 1233 3034 hinc
1255 2989 1298 3033 V
1320 2991 1393 3033 hie
1417 2988 1487 3032 ed.
1566 2991 1620 3030 32
1653 2987 1853 3041 adusque
1876 2985 1930 3028 V.
