2050 3226
40 2222 46 2242 -
41 2184 48 2212 ‚a
43 2131 48 2139 .
38 1955 47 2124 m,
42 1904 45 1916 ᾳ
37 1849 42 1863 -
38 1786 42 1813 ⁴-

78 992 121 1025 10

80 1362 120 1394 15

79 1733 122 1765 80

80 2102 122 2134 25

83 2472 126 2505 80

806 169 1110 215 AENEIDos
1142 170 1183 214 x
1731 173 1837 228 341

153 311 459 375 tellegendus
501 311 590 360 est.
644 310 876 372 proinde,
926 326 1039 359 cum
1078 309 1200 358 dicit
1236 309 1432 372 patriae
1472 310 1632 373 laudi,
1679 315 1839 361 osten·

154 385 230 434 dit
280 386 584 434 imitatorem
639 399 690 432 se
743 386 980 447 paternae
1029 383 1253 445 virtutis,
1307 399 1407 432 non
1458 383 1700 434 invidum.
1787 386 1840 434 in

152 460 296 508 istius
334 458 496 508 verbis
535 458 820 506 huiusmodi
855 458 1138 508 intellectus
1176 457 1464 507 retinendus
1495 461 1592 520 est,
1630 461 1691 507 ut
1727 476 1841 507 eum

152 549 395 596 ponamus
427 549 487 580 ex
518 534 691 595 aperto
723 532 926 581 dixisse:
964 534 1109 596 pater
1136 547 1298 594 meus,
1336 532 1435 580 dux
1465 535 1651 595 vester,
1682 534 1842 581 multa

61 645 63 650 .
153 607 284 656 bella
328 608 496 656 vestra
540 607 730 656 virtute
775 607 1008 668 confecit,
1055 606 1300 671 gloriosus
1345 608 1588 656 remeavit
1636 623 1694 656 ex
1739 623 1840 656 om-

57 671 61 701 ''
151 681 321 743 nibus,
361 696 448 729 cur
484 696 602 745 ergo
640 681 772 729 filius
812 681 916 730 eius
955 683 1006 730 et
1042 696 1172 729 nunc
1208 681 1428 744 primum
1465 680 1644 730 ductor
1679 683 1843 730 vester

152 756 376 817 effectus,
415 756 495 804 cui
533 770 644 803 cum
674 757 896 817 paternis
927 754 1194 818 triumphis
1226 757 1474 804 certamen
1505 758 1580 804 est
1609 755 1841 818 primum,

52 819 82 884 ¹,
150 846 251 879 non
289 829 464 878 similis
502 828 735 878 redeam?
774 829 898 878 dicit
933 831 1036 878 iam
1075 829 1196 892 quid
1233 830 1367 878 facto
1405 844 1528 893 opus
1568 831 1656 879 sit:
1708 830 1843 889 fidite

150 918 211 952 ne
242 904 475 964 pedibus:
511 905 565 952 in
597 905 970 965 certaminibus,
1008 904 1198 966 inquit,
1235 903 1427 981 beliicis
1458 919 1568 966 spes
1599 905 1759 954 omnis
1788 905 1842 952 in

151 978 351 1026 dextera
389 993 493 1027 esse
532 994 683 1040 quam
720 980 773 1026 in
811 977 1021 1040 pedibus
1060 977 1219 1026 debet.
1278 979 1411 1038 ferro
1446 979 1722 1039 rumpenda
1751 992 1844 1039 per

149 1053 298 1100 hostis
337 1055 406 1100 est
440 1053 552 1110 via,·
589 1067 687 1112 qua
722 1052 892 1113 ylobus
929 1053 1010 1100 ille
1045 1053 1209 1100 viram
1238 1052 1558 1100 densissime
1566 1055 1724 1126 ⁸urget
1752 1053 1844 1101 hac

150 1141 236 1175 vos
274 1130 317 1174 et
353 1126 587 1175 Pallanta
631 1126 800 1174 ducem
835 1127 1011 1186 patria
1055 1127 1158 1175 alta
1190 1127 1428 1194 reposcit:
1473 1129 1524 1175 et
1571 1142 1723 1188 nunc,
1768 1127 1843 1174 in-

153 1200 283 1262 quit,
322 1200 366 1249 si
396 1200 531 1250 viam
560 1201 614 1248 in
652 1200 871 1263 patriam
902 1201 1166 1263 quaeritis,
1203 1202 1466 1263 rumpatur
1494 1201 1595 1249 ista.
1632 1202 1717 1250 via
1755 1217 1844 1264 per

151 1276 371 1323 hostium
426 1274 598 1338 globos
651 1277 702 1323 et
747 1290 1003 1323 caesorum
1056 1276 1223 1338 strage
1272 1274 1494 1338 perfecta
1541 1276 1638 1324 iter
1682 1274 1842 1325 virtus

153 1349 285 1412 quod
335 1349 475 1397 decet
518 1348 765 1410 inveniat,
814 1348 885 1398 sic
935 1348 1166 1397 convenit
1212 1364 1300 1397 vos
1349 1348 1509 1398 redire
1558 1364 1670 1397 cum
1714 1365 1842 1398 novo

153 1423 288 1484 duce,
319 1423 390 1471 sic
419 1424 608 1471 intrare
638 1424 871 1486 patriam,
901 1424 959 1471 ut
990 1422 1153 1486 qualis
1184 1423 1310 1473 solet
1340 1423 1582 1487 gloriosos
1615 1424 1842 1486 accipiat.

150 1498 358 1546 nwmina
395 1497 536 1546 nulla
566 1500 818 1558 premunt,
857 1497 1054 1546 mortali
1089 1511 1321 1558 wryemar
1351 1498 1412 1545 ab
1443 1498 1573 1546 hoste
1601 1498 1842 1554 mortale8‚

151 1571 342 1620 totidem
379 1572 519 1620 nobis
550 1572 837 1631 animaeque
869 1585 1164 1631 manusque:
1201 1571 1324 1620 haec
1354 1572 1699 1635 supplementa
1729 1573 1846 1620 sunt

150 1646 510 1708 persuasionis:
549 1645 746 1694 nullum
776 1645 969 1694 invidet
998 1645 1295 1695 audentibus
1327 1662 1533 1707 numen,
1571 1662 1673 1694 una
1701 1646 1844 1694 nobis

152 1723 202 1768 et
223 1720 449 1769 hostibus
467 1719 702 1769 nascendi
723 1719 1064 1782 moriendique
1082 1719 1305 1768 condicio
1330 1722 1419 1782 est,
1434 1735 1611 1769 manus
1634 1719 1845 1769 totidem

153 1795 384 1858 gerimus,
402 1794 597 1842 animae
623 1796 739 1842 sunt
763 1797 886 1856 quot
906 1795 1009 1843 illis
1035 1797 1086 1843 et
1108 1793 1265 1843 nobis.
1313 1809 1400 1842 cur
1422 1797 1645 1843 metuam
1667 1793 1845 1858 pares?

154 1884 242 1916 cur
277 1871 499 1917 metuam
543 1884 736 1917 mecum
775 1869 923 1917 simul
960 1870 1170 1917 naturae
1209 1867 1492 1917 subiectos?
1554 1880 1654 1917 ecce
1689 1870 1846 1917 maris

152 1957 335 2003 mayna
350 1943 534 1991 claudit
555 1957 645 1991 nos
668 1944 797 1991 obice
810 1946 1010 2002 pontus,
1028 1943 1158 1991 deest
1177 1943 1281 1991 iam
1303 1945 1436 1991 terra
1457 1943 1620 2005 fuyae,
1640 1943 1846 2004 pelayus

155 2017 417 2064 Troiamne
445 2018 706 2076 petamus?
766 2017 947 2066 clausit
975 2032 1064 2066 nos
1095 2033 1253 2078 mare,
1291 2018 1507 2081 negatur
1542 2017 1846 2081 fugientibus

153 2094 310 2139 terra:
331 2090 557 2139 inveniat
579 2091 738 2139 virtus
763 2091 897 2154 quod
919 2091 1186 2140 necessitas
1210 2094 1377 2155 negat,
1399 2093 1458 2140 ut
1489 2091 1576 2154 qui
1606 2092 1845 2156 navigare

153 2181 252 2212 non
291 2180 579 2228 possumus,
611 2164 939 2214 Troianorum
969 2167 1133 2214 castra
1163 2166 1288 2215 fusis
1317 2165 1545 2215 hostibus
1575 2167 1844 2214 teneamus.

153 2240 270 2287 haee
293 2240 363 2287 ait
386 2242 429 2287 et
450 2239 639 2287 medius
662 2239 836 2287 densos
853 2240 1132 2300 prorumpit
1152 2241 1207 2287 in
1229 2240 1378 2288 hostis
1389 2258 1405 2288 .·
1435 2239 1606 2304 magni
1628 2241 1844 2289 suasoris

155 2314 355 2362 functus
396 2315 472 2362 est
511 2313 760 2376 partibus,
798 2313 988 2376 primus
1025 2313 1077 2361 in
1116 2315 1311 2362 hostem
1356 2313 1613 2362 contendit
1659 2317 1710 2361 et
1747 2329 1845 2361 non

156 2389 398 2435 extremos
452 2388 690 2451 agminis,
744 2388 830 2435 sed
880 2387 1098 2436 medium
1159 2404 1338 2452 agmen
1396 2388 1612 2450 inrupit3
1675 2387 1847 2436 debuit

157 2463 286 2509 enim
317 2462 504 2523 primus
537 2462 783 2510 confertos
814 2461 1046 2510 invadere
1080 2463 1167 2525 qui
1198 2461 1423 2512 diversae
1454 2462 1611 2525 partis
1644 2462 1846 2526 globum

274 2579 301 2617 4
332 2574 431 2618 dux
458 2579 601 2619 vester
622 2573 708 2617 VR
738 2573 781 2618 d.
805 2574 1003 2631 insiynis
1023 2588 1063 2619 v.
1089 2574 1160 2618 ed.
1254 2578 1280 2617 5
1311 2580 1461 2620 vestra
1483 2574 1525 2617 R
1556 2587 1644 2617 om.
1662 2572 1846 2617 VHOU

156 2632 228 2677 ed.
343 2638 369 2677 6
401 2647 484 2678 cur
513 2647 602 2677 om.
628 2633 698 2677 ed.
813 2636 840 2676 8
870 2633 1050 2678 redeam
1072 2632 1158 2678 VR
1186 2634 1355 2678 redibit
1383 2633 1454 2677 ed.
1563 2636 1618 2676 10
1650 2646 1741 2677 esse
1762 2631 1847 2676 VR

155 2693 302 2749 mayis
339 2706 374 2736 e.
414 2692 484 2736 ed.
609 2697 664 2736 14
702 2705 933 2736 caesorum
970 2692 1013 2735 R
1053 2706 1275 2738 cesseram
1305 2692 1348 2736 V
1386 2692 1691 2737 accedentiam
1729 2691 1799 2735 ed.
1835 2691 1842 2750 Ι

155 2756 327 2808 strayes
349 2751 435 2795 VR
466 2751 539 2796 ed.
589 2751 594 2809 Ι
639 2751 844 2807 perfecta
871 2750 956 2795 VR
986 2753 1192 2808 perferat
1226 2752 1298 2795 ed.
1421 2756 1476 2795 15
1509 2752 1588 2807 qui
1617 2751 1741 2795 decet
1762 2750 1847 2795 VR

157 2811 276 2866 quod
299 2810 343 2854 d.
368 2824 452 2854 nos
483 2816 537 2856 at
557 2811 601 2855 d.
627 2810 699 2855 ed.
793 2815 847 2854 16
879 2811 1034 2866 quales
1055 2811 1141 2855 VR
1172 2812 1322 2868 qualis
1352 2810 1423 2854 ed.
1456 2824 1539 2854 nos
1571 2810 1671 2867 (sed
1694 2823 1844 2855 accus.

158 2871 259 2922 est).
310 2869 315 2928 Ι
371 2870 594 2927 gloriosus
622 2871 821 2926 incipiat
842 2868 927 2913 VR
957 2869 1028 2914 ed.
1068 2884 1146 2915 -os
1182 2871 1382 2926 accipiat
1418 2882 1515 2913 nos.
1637 2873 1691 2913 21
1728 2870 1847 2926 quod

158 2927 243 2971 VR
283 2934 390 2984 quot
427 2929 498 2973 ed.
620 2933 677 2973 23
711 2929 877 2986 pelaqo
915 2928 988 2973 ed.
1117 2935 1173 2974 24
1206 2934 1419 2985 petamus
1452 2927 1537 2972 VR
1573 2930 1736 2984 petetis
1773 2928 1842 2972 ed.

161 2990 216 3029 29
246 2987 464 3044 immpit
494 2987 565 3033 ed.
689 2991 746 3031 30
777 2988 1005 3042 confertus
1026 2987 1111 3032 VR
1143 3002 1256 3033 corr.
1290 2988 1360 3032 ed.

1861 1511 1946 1551 375
