2050 3226
49 980 93 1012 10

51 1349 93 1382 15

49 1720 93 1752 20

51 2090 93 2122 25

51 2465 94 2497 30

761 155 1068 209 AENEInos
1091 155 1179 201 vu
1745 161 1820 214 69

121 297 198 345 illi
241 311 465 346 sonmum
512 297 681 357 11190113
724 297 911 357 rwmpit
943 310 1131 356 pavor:
1191 311 1291 344 non
1329 297 1564 360 vigilavit
1607 299 1822 348 satiatus

122 387 318 433 somno,
364 371 452 420 sed
494 370 632 433 quies
673 369 779 419 eius
817 372 955 419 metu
993 371 1200 419 maximi
1236 371 1440 419 terroris
1480 370 1694 434 abrupta
1733 375 1820 420 est.

123 459 327 505 ossaque
376 448 421 493 et
468 448 607 494 artus
649 444 908 505 perfundit
955 447 1046 492 toto
1089 447 1363 505 proruptus
1408 459 1604 506 corpore
1649 447 1824 494 sudor:

123 520 300 568 dehinc
346 521 639 568 consecutus
685 521 762 567 est
806 519 960 567 sudor
1000 534 1099 567 non
1139 535 1198 567 ex
1237 519 1521 567 laxamento
1560 519 1680 568 utili
1718 535 1822 568 cor-

123 593 281 657 poriS,
320 593 407 642 sed
446 610 595 657 quem
635 593 880 641 excitatae
913 593 1093 641 mentis
1127 592 1481 642 commotiones
1514 596 1825 643 extorserant

124 670 175 716 et
210 668 498 731 repentinus
536 666 872 716 membrorum
901 668 1109 715 tremor.
1186 666 1365 716 dehinc
1410 668 1518 730 ifle,
1559 668 1646 730 qui
1688 683 1823 730 spre-

122 745 266 791 verat
319 743 522 791 cunctos
577 741 800 802 auditus,
866 756 1009 790 arma
1063 755 1232 790 amens
1282 742 1468 802 fremit,
1525 756 1669 790 arma
1723 746 1824 790 toro
1840 751 1928 792 460

123 817 346 876 tectisque
397 816 619 877 requirit,
675 816 830 864 saevit
882 830 1021 863 amor
1071 816 1196 875 ferri
1246 819 1291 863 et
1337 817 1572 864 scelerata
1620 817 1825 865 insania

124 891 258 939 belli:
312 890 562 939 contraria
609 890 788 938 salutis
836 904 954 938 suae
1002 890 1169 938 omnia
1214 889 1526 953 requirebat,
1570 889 1703 952 quod
1750 894 1826 940 est

125 965 372 1013 familiare
417 964 496 1013 his
546 964 634 1027 qui
678 980 779 1012 non
818 979 931 1025 suo,
971 964 1056 1012 sed
1095 963 1399 1012 dominantis
1437 964 1708 1013 trahuntur
1747 981 1826 1013 ar-

122 1039 287 1089 bitrio,
365 1055 503 1088 arma
548 1039 600 1086 in
647 1037 819 1087 stratis
865 1037 1153 1101 requirebat
1198 1039 1439 1099 amentia,
1480 1055 1619 1087 arma
1661 1040 1828 1101 posita

122 1113 337 1175 putabat
387 1113 442 1161 111
495 1114 646 1174 lecto,
701 1128 840 1160 arma
893 1128 1089 1160 rursum
1152 1111 1493 1161 arbitrabatur
1551 1112 1605 1160 111
1663 1114 1824 1173 tectis.

123 1189 203 1235 ira
247 1202 416 1248 super:
478 1188 676 1235 tantum
730 1186 979 1235 contraria
1032 1185 1366 1247 desiderabat,
1420 1188 1478 1235 ut
1528 1186 1830 1235 irasceretur

124 1261 221 1310 sibi
274 1261 409 1324 quod
458 1260 678 1309 nondum
726 1260 825 1309 iret
876 1261 940 1309 ad
987 1260 1195 1322 bellum3
1250 1276 1411 1323 neque
1470 1260 1601 1309 enim
1657 1264 1829 1324 posset

123 1336 246 1384 haec
283 1336 433 1393 velle,
479 1334 578 1383 nisi
618 1336 780 1398 primo
825 1337 954 1383 esset
990 1334 1262 1397 multiplici
1299 1336 1494 1384 ratione
1534 1338 1826 1384 commotus,

122 1409 380 1458 inducitur
415 1410 536 1458 haec
575 1425 714 1471 para,
752 1414 811 1457 ut
847 1409 926 1457 illi
963 1410 1287 1458 instructioni
1324 1408 1688 1472 respondeatur
1727 1427 1827 1472 qua

124 1484 312 1532 dictum
350 1486 427 1532 est
465 1477 623 1550 (340)
673 1500 849 1545 „arma
891 1483 1017 1532 velit
1061 1486 1335 1546 poscatque
1374 1483 1523 1532 simul
1560 1484 1827 1547 rapiatque

123 1557 407 1607 iuventus“.
468 1560 527 1606 ut
566 1560 733 1606 autem
772 1561 822 1606 et
861 1558 1223 1606 demonstraret
1262 1557 1462 1607 ardores
1495 1558 1672 1620 Turni,
1713 1558 1825 1606 sub·

122 1633 240 1681 iecit
278 1631 678 1694 similitudinem,
718 1648 816 1694 quo
856 1634 906 1680 et
943 1634 1133 1695 quanta
1163 1631 1239 1681 vis
1270 1632 1450 1681 Furiae
1483 1632 1636 1681 fuerit
1666 1633 1827 1695 possit

124 1707 338 1755 adverti:
375 1721 553 1768 11109110
591 1707 739 1754 veluti
778 1721 887 1754 eam
917 1708 1122 1765 flamma
1153 1720 1324 1754 sonore
1354 1708 1521 1767 viryea
1552 1708 1827 1768 suyyeritar

125 1783 265 1830 costis
310 1782 547 1830 undantis
594 1782 706 1829 aeni
751 1779 1090 1842 [exaltantque
1128 1784 1266 1829 aestu
1305 1781 1490 1837 latices,
1530 1781 1657 1840 furit
1692 1782 1826 1828 intus

125 1857 276 1915 aquai
312 1855 535 1915 fumidus
574 1859 715 1915 atque
754 1855 848 1903 alte
886 1856 1074 1915 spumis
1114 1856 1344 1903 exuberat
1381 1856 1563 1911 01111113,
1600 1869 1687 1903 nec
1723 1856 1827 1903 iam
1843 1862 1931 1902 465

125 1944 175 1977 30
222 1930 352 1989 capit
396 1930 554 1986 unda,
598 1930 731 1977 volat
765 1944 921 1989 vapor
959 1933 1064 1978 ater
1102 1930 1168 1977 ad
1207 1927 1415 1990 aaraSJ:
1468 1931 1673 1978 ornatus
1721 1945 1825 1977 car-

124 2004 314 2051 minum
370 2003 423 2051 in
484 2003 737 2066 parabolis
793 2003 1300 2065 similitudinibusque
1362 2003 1663 2052 consistunt:
1726 2020 1827 2065 qua

126 2093 290 2138 causa,
329 2080 388 2124 ut
427 2077 645 2126 ardentis
684 2078 900 2127 hominis
941 2079 1106 2126 aestus
1141 2077 1436 2139 ostenderet,
1468 2077 1617 2126 dixit:
1658 2093 1826 2140 quem-

127 2151 395 2200 ad'modum
443 2167 650 2200 aeneum
689 2167 776 2200 vas
817 2153 960 2215 aquis
997 2152 1202 2215 plenum
1233 2151 1453 2200 subiecto
1496 2153 1605 2215 igni
1645 2152 1827 2200 ferves-

125 2226 194 2275 cit
244 2228 294 2274 et
343 2226 509 2275 furore
560 2226 775 2289 quodam
827 2229 1058 2275 aestuans
1118 2225 1253 2274 unda
1308 2241 1592 2274 mensuram
1646 2226 1828 2288 speciei

126 2315 226 2362 qua
273 2300 556 2349 continetur
602 2300 793 2349 excedit
839 2302 890 2349 et
925 2300 1126 2364 longius
1169 2303 1331 2349 erecta
1369 2300 1579 2349 fumosis
1618 2300 1827 2348 tumori-

124 2375 216 2423 bus
257 2375 437 2423 fertur:
478 2374 547 2423 sie
587 2375 782 2423 Turnus
821 2374 1050 2423 incendio
1081 2375 1263 2423 Furiae
1297 2375 1561 2423 saevientis
1595 2389 1827 2422 accensus

125 2448 376 2532 nesciebat
428 2450 541 2511 quis
593 2451 743 2510 esset,
798 2448 920 2511 quid
970 2449 1049 2498 vel
1098 2448 1186 2496 ubi
1234 2449 1556 2511 perquireret.
1633 2449 1827 2510 virgeas

247 2566 268 2603 1
303 2562 529 2605 somnium
552 2560 607 2604 V.
645 2560 649 2619 Ι
692 2562 822 2617 rupit
852 2561 925 2605 ed.
962 2560 966 2619 Ι
1010 2561 1198 2605 violavit
1221 2559 1261 2600 V
1285 2560 1497 2617 viyilavit
1519 2559 1590 2603 ed.
1610 2559 1667 2602 cf.
1694 2562 1737 2611 8,
1756 2562 1826 2601 67.

126 2625 151 2662 2
185 2621 364 2676 quieius
393 2619 436 2663 V
476 2621 602 2676 quies
632 2621 729 2664 eius
761 2620 832 2664 ed.
930 2626 958 2664 4
990 2633 1192 2675 corporis
1221 2618 1265 2662 V
1297 2621 1368 2663 -ri
1398 2619 1470 2664 ed
1564 2622 1590 2660 5
1623 2618 1829 2662 010αεὶ00-

126 2685 218 2723 tate
247 2679 336 2722 VH
375 2681 602 2723 excitatae
634 2678 722 2723 ΟΠ
751 2679 822 2723 6(1.
947 2683 972 2722 9
1012 2680 1177 2723 salutis
1208 2677 1249 2719 V
1289 2678 1360 2722 ed.
1395 2679 1571 2722 saluti?
1694 2680 1748 2719 18
1788 2681 1831 2720 et

127 2739 454 2782 demonstraret
475 2738 519 2782 V
550 2739 592 2782 d.
620 2752 792 2795 quoque
824 2738 896 2782 ed
985 2742 1039 2781 19
1072 2751 1158 2795 quo
1190 2751 1246 2782 ex
1268 2737 1310 2780 V
1342 2751 1381 2793 q
1407 2742 1447 2781 et
1478 2750 1561 2779 nos
1594 2749 1649 2779 ex
1679 2749 1719 2791 q.
1753 2735 1827 2779 ed.

129 2811 184 2841 ex
214 2811 306 2852 qua
338 2797 408 2841 ed.
442 2800 563 2853 post.
657 2801 713 2840 20
744 2812 850 2854 11109
851 2811 915 2840 na
946 2796 1001 2841 V.
1096 2802 1150 2840 21
1183 2798 1283 2841 seni
1312 2811 1396 2852 pro
1429 2796 1536 2839 aeni
1564 2794 1619 2837 V.
1658 2794 1662 2851 Ι
1702 2795 1828 2838 ecc-ul-

128 2862 383 2912 tantque—
409 2861 465 2899 23
490 2870 633 2900 auras
665 2857 796 2900 deest
827 2856 877 2900 in
903 2855 956 2910 V,
982 2857 1066 2900 sed.
1090 2855 1366 2911 explicatur.
1460 2859 1516 2897 26
1546 2853 1751 2907 fervescit
1772 2851 1828 2898 V.

131 2919 185 2958 27
216 2916 372 2969 furore
401 2915 444 2959 V
474 2916 649 2970 fervore
680 2915 751 2960 ed.
856 2919 912 2959 28
943 2916 1196 2960 tumoribus
1230 2915 1273 2958 V
1304 2914 1556 2968 fervoribus
1587 2911 1730 2955 HOU
1755 2912 1828 2956 ed.

131 2977 187 3017 30
219 2975 380 3030 quidve
410 2976 479 3019 vel
509 2975 581 3018 ed.
