2050 3226
217 195 323 248 160
685 191 920 237 DONATI
950 191 1231 236 INTERPR.
1257 191 1436 237 VERG.

212 335 271 381 ut
302 334 431 382 esset
462 335 525 395 et,
559 333 600 381 si
632 348 736 381 esse
766 333 950 395 posset,
982 347 1176 380 servare
1201 347 1301 379 non
1323 335 1578 381 noverant.
1633 349 1906 396 conponere

214 422 330 470 opes
370 406 493 470 quid
531 409 660 455 esset
703 406 1024 470 ignorabant:
1079 421 1354 468 conponere
1393 421 1509 470 opes
1550 409 1625 456 est
1662 408 1739 456 uti
1776 407 1908 456 bona

212 483 372 543 veste,
431 497 612 544 panem
666 481 899 530 conficere
953 481 1034 528 vel
1087 480 1254 527 cibum
1307 482 1536 529 accurate
1596 497 1907 544 praeparare,

212 555 393 604 habere
433 555 790 617 supellectilem
829 555 1027 602 cultam.
1103 555 1274 615 posset
1304 553 1424 602 dici:
1463 556 1507 603 si
1545 555 1713 603 omnia
1751 571 1907 620 genus

211 630 305 677 hoc
341 629 594 677 hominum
636 629 909 690 nesciebat,
950 628 1196 690 quomodo
1237 628 1499 676 alebatur?
1560 629 1633 677 ait
1669 630 1776 692 ipse
1823 630 1909 678 sed

212 704 343 751 rami
374 707 514 763 atque
547 718 692 763 asper
714 704 843 751 victu
865 705 1070 750 venatus
1095 702 1278 750 alebat:
1315 702 1648 765 pascebantur
1677 704 1754 752 his
1780 719 1907 766 quae

214 777 463 826 silvestres
503 778 632 825 rami
669 777 967 825 naturaliter
1005 775 1334 838 procreabant
1373 779 1423 825 et
1463 792 1588 840 quae
1627 778 1728 826 illis
1769 778 1907 826 labo-

157 843 161 846 ’
211 851 345 900 riosa
397 851 596 900 venatio
649 851 813 899 dabat.
881 851 1079 910 primus
1125 851 1187 898 ab
1235 851 1442 899 aetherio
1486 852 1617 899 veuit
1659 851 1908 901 Saturnus

111 935 197 976 320
217 924 416 986 Olympo
442 940 585 973 arma
607 925 744 973 Iovis
770 926 964 985 fuyieus
996 927 1040 972 et
1067 924 1230 985 remiis
1262 925 1373 972 exul
1403 925 1664 986 ademptis:
1701 925 1908 988 primuS,

211 999 398 1062 inquit,
451 997 694 1048 Saturnus
733 998 972 1048 violentia
1017 997 1152 1047 Iovis
1199 999 1424 1047 exclusus
1477 995 1600 1065 (non
1647 999 1775 1048 dixit
1819 1000 1907 1062 fili,

213 1075 271 1121 ut
308 1075 360 1121 et
396 1073 660 1122 historiam
697 1074 927 1136 tangeret
965 1074 1015 1119 et
1052 1073 1347 1135 inpietatem
1383 1074 1437 1120 in
1475 1075 1643 1136 patres
1683 1090 1783 1122 non
1823 1075 1907 1122 do-

215 1140 369 1214 ceret)
408 1147 616 1210 perditis
659 1147 951 1196 caelestibus
991 1146 1157 1210 regnis
1199 1146 1263 1194 ad
1292 1147 1384 1196 has
1416 1147 1609 1196 delatus
1643 1149 1720 1197 est
1748 1150 1907 1197 terras

214 1224 364 1284 atque
394 1222 447 1269 in
475 1222 551 1270 his
576 1221 787 1282 delituit,
813 1237 910 1284 quo
936 1237 994 1268 ex
1024 1222 1158 1269 facto
1183 1220 1385 1269 Latium
1409 1222 1695 1284 appellavit,
1719 1221 1910 1271 scilicet

215 1295 349 1357 quod
378 1296 459 1343 hic
490 1298 630 1344 tutus
662 1295 904 1344 latuisset.
957 1296 1016 1350 is,
1048 1295 1102 1342 id
1132 1297 1207 1343 est
1233 1295 1493 1357 Saturnus,
1512 1310 1667 1357 yeuus
1689 1297 1909 1358 indocile,

211 1369 471 1418 indoctum
503 1372 553 1417 et
576 1370 712 1431 quod
736 1369 898 1417 doceri
929 1385 1029 1417 non
1060 1371 1241 1432 posset,
1274 1385 1332 1418 ac
1363 1370 1637 1430 dispersum,
1666 1371 1910 1419 montibus

213 1444 347 1501 altis,
389 1443 667 1506 dispersum
706 1446 757 1491 et
794 1459 882 1506 per
911 1444 1095 1492 montis
1126 1458 1332 1507 vagum,
1371 1445 1430 1491 ut
1461 1447 1577 1492 sunt
1613 1445 1762 1506 ferae,
1802 1459 1910 1493 con-

205 1519 385 1578 posuit,
418 1518 658 1566 formavit
687 1518 919 1566 humanis
952 1517 1355 1580 persuasionibus
1390 1520 1440 1566 et
1469 1517 1733 1580 institutiS,
1766 1519 1909 1579 lepes-

215 1606 303 1651 que
334 1592 477 1648 dedit,
516 1608 676 1655 usque
716 1591 837 1639 adeo
871 1591 934 1639 ad
972 1592 1336 1639 humanitatem
1373 1591 1626 1653 produxit,
1667 1594 1727 1640 ut
1757 1593 1910 1640 etiam

212 1666 345 1729 leges
384 1667 556 1714 timere
590 1668 640 1714 et
669 1666 863 1729 legibus
896 1665 1080 1713 servire
1120 1665 1420 1714 didicissent.
1483 1668 1672 1729 quanta
1705 1664 1911 1714 Saturni

212 1740 483 1802 industria,
547 1740 633 1802 qui
692 1740 793 1788 tale
855 1739 1112 1788 hominum
1173 1755 1349 1803 genus,
1411 1739 1613 1802 durum,
1680 1739 1911 1802 indocile,

215 1829 466 1876 asperum,
519 1814 851 1861 inhumanum
899 1813 1145 1862 institutis
1191 1813 1479 1862 melioribus
1527 1814 1592 1861 ad
1636 1814 1911 1862 humanum

214 1888 403 1935 cultum
442 1887 643 1951 egregia
681 1887 960 1951 magisterii
999 1889 1106 1935 arte
1147 1889 1392 1936 convertit
1430 1891 1480 1936 et
1517 1887 1678 1936 teneri
1715 1888 1908 1952 legibus

213 1962 332 2010 fecit
371 1963 460 2024 qui
499 1962 588 2010 sub
629 1962 820 2025 legibus
860 1977 960 2009 non
998 1961 1223 2008 fuerunt!
1301 1976 1456 2010 aurea
1494 1977 1618 2022 quae
1656 1963 1911 2022 perhibent

111 2044 196 2084 325
213 2036 296 2083 illo
334 2037 424 2084 sub
470 2050 579 2096 reye
622 2036 760 2095 fuere
805 2036 1025 2083 saecula:
1076 2036 1295 2096 saecula,
1344 2036 1531 2099 inquit,
1584 2052 1712 2099 quae
1760 2052 1908 2085 aureo

213 2109 411 2158 nomine
473 2109 719 2172 appellari
779 2112 1161 2170 consueverunt,
1222 2109 1426 2157 fuerunt
1483 2110 1593 2173 ipso
1654 2112 1908 2173 regnante.

213 2185 284 2231 sic
325 2184 530 2244 placida
567 2184 776 2244 populos
814 2184 869 2231 iu
899 2198 1024 2242 pace
1061 2185 1277 2244 repebat:
1333 2184 1535 2232 additur
1587 2185 1652 2231 ad
1703 2183 1909 2232 Saturni

213 2257 411 2306 laudem
450 2258 669 2320 potuisse
708 2258 825 2306 talis
872 2257 1096 2306 homines
1147 2258 1240 2306 hoc
1292 2260 1368 2306 est
1416 2259 1632 2307 incultos
1681 2260 1731 2306 et
1776 2258 1906 2307 feros

334 2417 360 2456 3
407 2415 680 2469 aceurpatae
714 2413 757 2456 V
802 2420 1011 2458 accurate
1054 2414 1125 2458 ed.
1246 2419 1275 2457 4
1316 2414 1618 2470 subpellectile
1659 2415 1831 2458 cultum
1864 2413 1907 2455 V

213 2474 563 2530 suppellectilem
595 2478 637 2517 et
666 2473 837 2516 cultum
869 2473 939 2517 ed.
1041 2478 1067 2517 8
1099 2475 1326 2518 veneratio
1350 2472 1393 2516 V
1417 2487 1530 2517 corr.
1557 2472 1627 2517 ed.
1665 2472 1670 2531 Ι
1706 2474 1907 2517 aethereo

215 2532 286 2575 ed.
380 2537 436 2575 14
466 2532 537 2575 his
559 2530 600 2574 V
632 2533 674 2576 is
704 2546 787 2575 nos
819 2546 907 2575 om.
934 2532 1005 2576 ed.
1049 2532 1054 2591 Ι
1100 2547 1241 2590 yeuus
1263 2532 1306 2576 V
1336 2533 1377 2576 is
1405 2546 1447 2589 9.
1481 2531 1551 2575 611.
1646 2536 1700 2575 16
1733 2533 1841 2577 altis
1863 2531 1907 2575 V

214 2592 462 2646 composuit
491 2590 706 2646 interpol.
733 2591 803 2634 ed.
842 2591 845 2649 Ι
882 2596 923 2635 et
954 2605 1041 2635 om.
1068 2592 1140 2635 ed.
1178 2593 1181 2650 1
1217 2597 1270 2636 ut
1290 2595 1398 2636 suut
1418 2592 1568 2646 facere
1591 2589 1633 2633 V
1656 2605 1702 2634 u.
1723 2605 1758 2635 s.
1781 2592 1906 2645 ferae

214 2663 297 2693 1103
322 2652 494 2705 (saei-ae
517 2650 568 2693 in
592 2650 844 2705 archetypo
870 2650 1014 2694 fuisse
1036 2651 1223 2694 videtur
1244 2652 1298 2694 ut
1323 2652 1424 2706 248)
1451 2664 1537 2693 om.
1557 2650 1628 2693 ed.
1718 2654 1773 2693 18
1798 2663 1906 2706 per-

214 2709 348 2753 duxit
379 2710 449 2752 ed.
560 2713 613 2752 19
646 2709 914 2753 dedicisseut
937 2709 992 2754 V.
1097 2715 1152 2753 23
1184 2712 1291 2766 post
1320 2710 1510 2764 fuerunt
1539 2708 1654 2752 haec
1687 2708 1903 2763 interpol.

215 2767 308 2812 ed.:
343 2768 659 2824 „Latiumque
690 2768 846 2812 vocari
877 2768 1066 2823 maluit,
1099 2770 1171 2813 his
1204 2769 1423 2824 quoniam
1455 2767 1671 2811 latuisset
1700 2769 1831 2810 tutus
1855 2768 1906 2810 in

215 2827 327 2870 oris:
362 2829 409 2871 et
434 2827 659 2871 Saturnus
690 2827 767 2871 1116
790 2828 947 2883 potius
972 2827 1159 2871 Latium
1184 2828 1279 2872 dici
1301 2827 1449 2871 voluit
1473 2839 1613 2882 quam
1638 2825 1767 2880 alibi,
1793 2839 1906 2881 quo-

214 2885 340 2928 niam
364 2886 433 2929 ibi
455 2888 586 2930 tutus
610 2887 794 2943 fugiens
818 2886 972 2930 Iovem
996 2886 1236 2931 latuerat“
1261 2887 1430 2931 desunt
1451 2885 1569 2930 haec
1592 2885 1643 2928 in
1658 2884 1857 2929 VHOU.
1895 2885 1899 2943 Ι

215 2959 357 2988 aurea
389 2960 502 3001 quae
526 2945 568 2988 V
598 2960 825 3002 aureaque
855 2951 907 2990 ut
937 2946 1008 2989 ed.
1139 2952 1193 2990 27
1226 2947 1451 3003 potuisset
1487 2945 1594 2989 aliis
1624 2943 1666 2987 V
1701 2945 1906 3000 potuisse

216 3005 323 3048 talis
352 3018 436 3047 nos
460 3006 731 3060 potuisse—
751 3005 862 3049 bello
893 3006 1067 3049 temere
1099 3007 1212 3049 mut.
1239 3005 1310 3049 611.

1939 1013 1982 1045 10

1941 1381 1983 1415 15

1941 1751 1985 1784 20

1940 2120 1982 2153 25
