2050 3226
123 1166 210 1207 250

226 130 300 184 40
699 126 934 173 DONATI
962 126 1244 172 INTERPR.
1269 125 1449 172 VERG.

226 267 374 331 atqui
412 266 584 316 debuit
622 266 722 316 dici
760 269 1109 331 sceptrumque
1157 282 1450 329 sacrumque
1494 265 1686 328 tiaran,
1729 266 1790 313 ut
1834 265 1924 314 dat

227 342 521 406 simpliciter
557 343 785 404 poneret:
823 342 917 390 hoc
947 357 1008 390 ne
1040 342 1108 390 sit
1137 340 1339 401 vitium,
1377 340 1448 390 sic
1486 339 1792 389 ordinemus:
1829 339 1922 388 hoc

225 416 417 465 Priami
452 419 707 480 gestamen
749 418 858 464 erat
895 417 946 463 et
976 414 1099 464 dicit
1136 431 1262 478 quae
1301 415 1506 463 fuerunt
1541 415 1595 462 in
1633 413 1922 478 gestamine,

227 492 501 554 sceptrum,
539 490 728 552 inquit,
766 492 818 538 et
855 505 993 539 sacer
1030 490 1210 551 tiarae,
1256 490 1307 536 et
1345 488 1440 537 erit
1477 489 1674 552 integra
1711 488 1922 536 locutio:

226 565 325 614 fuit
355 581 471 628 ergo
512 566 766 628 gestamen
805 566 1075 626 sceptrum,
1113 563 1284 612 tiaras.
1358 563 1411 610 in
1449 562 1669 611 vestibus
1704 561 1923 610 Iliadum

167 679 172 682 .
226 638 522 688 feminarum
588 638 731 686 labor
794 637 1061 700 specialem
1128 636 1522 701 designationem
1582 635 1768 698 tenuit,
1828 637 1922 684 hae

228 715 397 762 autem
427 728 555 774 quae
585 712 790 760 fuerunt
818 727 971 759 manu
993 711 1212 759 Iliadum
1242 711 1406 759 factae
1430 711 1732 774 perindeque
1758 709 1924 758 meriti

225 786 426 836 levioris
457 786 548 835 sub
580 786 905 850 generalitate
938 786 1094 834 latere
1126 785 1423 846 debuerunt,
1462 785 1581 833 licet
1612 783 1922 833 commenda·

225 862 379 909 tionis
440 861 620 909 fuisset
681 860 816 922 quod
874 860 947 907 ait
996 862 1047 908 et
1103 861 1264 908 vestes
1317 861 1602 908 nostrarum
1655 858 1924 907 mulierum

226 935 395 984 labore
426 935 690 983 confectas.
750 935 935 982 tiaram
967 933 1092 981 dixit
1122 933 1351 995 pilleum,
1391 948 1489 996 quo
1519 933 1743 997 Phryges
1775 934 1923 980 utun-

225 1011 334 1070 tur,
377 1025 492 1057 cum
538 1008 788 1056 celebrant
826 1023 988 1056 sacra:
1036 1007 1152 1055 inde
1194 1022 1389 1056 sacrum
1429 1007 1576 1069 dixit,
1626 1008 1747 1070 quia
1789 1007 1924 1070 quod

227 1084 381 1132 sacris
420 1083 628 1131 interest
666 1097 862 1130 sacrum
900 1084 989 1130 est.

350 1157 550 1206 Talibus
595 1156 783 1204 Ilionei
827 1156 967 1204 dictis
1004 1156 1168 1215 defioea
1205 1155 1422 1203 Latinus
1467 1156 1633 1203 obtutu
1669 1158 1793 1203 tenet
1835 1169 1925 1203 ora
2020 1182 2024 1187 ·

226 1231 418 1291 soloque
459 1230 705 1278 inmobilis
743 1230 906 1278 haeret
946 1231 1151 1277 intentos
1197 1230 1393 1277 volvens
1437 1229 1624 1277 oeulos:
1676 1243 1763 1277 nee
1800 1243 1923 1290 pur-

226 1320 359 1366 pura
419 1318 576 1365 reyem
631 1305 767 1364 picta
826 1307 981 1351 movet
1037 1318 1125 1351 nec
1185 1306 1374 1363 secptra
1433 1306 1623 1351 movent
1673 1304 1926 1352 Priameia

227 1382 418 1428 tantum
463 1381 699 1437 quantum
743 1378 798 1425 in
844 1378 1044 1426 conubio
1090 1381 1237 1426 natae
1282 1377 1588 1437 thalamoque
1623 1380 1845 1425 moratwr
1883 1381 1926 1425 et

227 1453 400 1500 veteris
452 1452 626 1500 Fauni
677 1451 824 1499 volvit
876 1453 965 1499 sub
1020 1455 1212 1511 pectore
1271 1455 1470 1499 sortem:
1535 1451 1663 1498 talia
1725 1451 1925 1514 quidem

227 1526 447 1574 Ilioneus
487 1527 744 1575 exsecutus
779 1526 853 1573 est
885 1528 935 1573 et
973 1541 1099 1588 quae
1138 1525 1318 1573 habuit
1348 1525 1535 1573 obtulit
1571 1541 1800 1586 munera,
1839 1526 1926 1574 sed

227 1600 466 1648 Latinum
514 1599 632 1648 talis
685 1601 840 1647 animi
887 1599 1100 1647 intentio
1150 1599 1336 1660 tenuit,
1386 1602 1444 1647 ut
1492 1601 1691 1661 praeter
1738 1602 1926 1648 terram

228 1674 353 1722 nihil
408 1674 688 1722 attenderet
740 1689 875 1721 more
939 1673 1129 1722 scilicet
1190 1672 1533 1737 cogitantium.
1610 1673 1740 1721 oculi
1794 1673 1926 1722 enim

229 1749 392 1812 sparsi
422 1764 511 1810 per
547 1748 709 1795 multa
738 1748 948 1796 trahunt
978 1763 1175 1810 quoque
1207 1748 1430 1795 animum
1461 1763 1646 1809 secum,
1687 1763 1815 1809 quae
1846 1763 1924 1796 res

228 1839 402 1871 verum
452 1821 714 1870 consilium
761 1838 860 1870 non
913 1824 1080 1884 potest
1123 1822 1352 1884 reperire.
1431 1820 1719 1884 diriguntur
1769 1822 1926 1886 igitur

230 1896 361 1944 oculi
390 1897 444 1943 in
473 1898 680 1956 terram,
719 1896 974 1959 colligitur
1004 1897 1183 1944 mentis
1214 1895 1424 1943 intentio
1464 1911 1523 1942 ex
1553 1895 1925 1944 continuatione

227 1972 496 2030 tractatus,
554 1970 811 2032 quaesitus
868 1986 1033 2017 rerum
1090 1970 1249 2018 exitus
1305 1969 1572 2018 invenitur.
1647 1970 1798 2018 multi
1844 1970 1925 2018 hic

229 2045 424 2093 faciunt
461 2043 803 2105 quaestionem
849 2043 1066 2091 dicentes
1116 2043 1159 2092 si
1203 2043 1444 2105 intentos,
1492 2059 1646 2106 quare
1685 2043 1924 2092 volvens?

231 2119 377 2180 quasi
413 2119 521 2165 toto
562 2118 880 2180 cogitationis
917 2117 1080 2179 spatio
1112 2118 1374 2166 inmobiles
1414 2118 1544 2166 oculi
1582 2119 1741 2166 teneri
1778 2121 1924 2180 potu-

228 2192 397 2252 issent,
431 2190 563 2254 quod
594 2193 669 2239 est
701 2193 872 2239 contra
902 2194 1150 2239 naturam.
1212 2194 1342 2240 certe
1374 2193 1425 2240 et
1446 2191 1575 2239 illud
1599 2191 1924 2251 sentiendum,

231 2265 468 2329 quoniam
506 2266 775 2313 tacitarum
815 2266 1174 2328 cogitationum
1213 2267 1288 2314 est
1333 2281 1529 2314 movere
1575 2266 1767 2326 oculos,
1813 2281 1924 2313 cum

230 2339 386 2388 animi
424 2340 589 2386 aestus
628 2355 718 2401 per
756 2338 952 2387 diversa
989 2340 1269 2402 rapiuntur,
1306 2338 1382 2387 ita
1421 2355 1518 2402 quo
1557 2338 1673 2387 ierit
1701 2338 1923 2387 redierit-

231 2429 327 2477 que
361 2413 557 2461 animus
590 2413 846 2460 oculorum
885 2413 1040 2477 signis
1080 2412 1336 2461 consuevit
1374 2412 1643 2461 ostendere.
1703 2413 1922 2462 intentos

353 2588 376 2626 1
410 2584 540 2639 atqui
571 2597 660 2627 om.
686 2583 758 2627 ed.
795 2582 799 2640 Ι
834 2583 993 2627 tiaran
1023 2584 1107 2628 dat
1135 2585 1400 2640 simpliciter
1423 2588 1613 2639 poneret
1635 2582 1677 2626 V
1707 2589 1737 2627 t.
1763 2588 1815 2627 ut
1844 2584 1925 2627 dat

231 2656 265 2686 s.
285 2656 334 2698 p.
367 2656 472 2697 nos,
505 2655 672 2698 nempe
703 2641 822 2685 illud
853 2642 934 2686 dat
964 2643 1089 2698 quod
1121 2645 1192 2686 est
1222 2643 1272 2686 in
1302 2658 1342 2686 v.
1369 2648 1469 2696 243,
1501 2645 1676 2686 temere
1706 2644 1821 2686 mut.
1851 2642 1921 2686 ed.

233 2706 259 2745 2
291 2703 372 2746 hoc
395 2701 437 2745 V
468 2702 587 2757 quod
619 2700 689 2745 ed.
783 2705 808 2744 3
842 2701 955 2745 dicit
977 2701 1018 2744 V
1041 2701 1257 2746 dieantwr
1281 2702 1352 2746 ed.
1436 2706 1462 2744 5
1496 2703 1642 2746 tiaras
1664 2700 1707 2743 V
1730 2707 1773 2745 et
1795 2706 1826 2745 t.
1851 2701 1922 2744 ed.

231 2762 340 2815 post
373 2762 520 2805 tiaras
553 2760 723 2804 lemma
753 2760 895 2803 Iliad.
929 2761 1016 2804 lab.
1048 2766 1152 2804 vest.
1185 2760 1399 2816 interpol.
1433 2760 1549 2804 edF.
1673 2764 1697 2802 7
1733 2760 1924 2815 perinde

231 2833 321 2875 quo
352 2819 393 2862 V
430 2820 703 2875 perindeque
742 2832 824 2862 nos
868 2819 1142 2875 perindeque
1174 2826 1318 2864 essent
1355 2819 1426 2863 ed.
1550 2821 1605 2861 10
1635 2819 1811 2873 pileum
1850 2818 1920 2862 ed.

235 2882 290 2920 12
322 2880 468 2923 saeris
497 2880 681 2923 interest
709 2877 752 2921 V
789 2877 852 2922 ad
889 2891 1023 2923 saera
1058 2879 1220 2922 attinet
1258 2878 1330 2922 ed.
1453 2881 1508 2921 18
1542 2882 1808 2933 prosecutus
1850 2877 1921 2921 ed.

233 2940 290 2980 23
323 2942 490 2982 terram
522 2936 564 2980 V
594 2943 623 2982 t.
658 2942 700 2982 et
731 2936 802 2982 ed.
924 2941 980 2980 24
1011 2942 1235 2981 tractatus
1266 2936 1308 2979 V
1338 2942 1394 2982 tr.
1427 2951 1482 2980 ac
1513 2936 1583 2980 ed.

1956 946 1998 978 10

1956 1315 1998 1348 15

1956 1685 1999 1718 20

1955 2054 1998 2087 25

1955 2424 1998 2456 30
