<?xml version="1.0" encoding="UTF-8"?>
<!DOCTYPE html PUBLIC "-//W3C//DTD XHTML 1.0 Transitional//EN"
    "http://www.w3.org/TR/xhtml1/DTD/xhtml1-transitional.dtd">
<html xmlns="http://www.w3.org/1999/xhtml" xml:lang="en" lang="en">
 <head>
  <title>
</title>
<meta http-equiv="Content-Type" content="text/html;charset=utf-8" />
  <meta name='ocr-system' content='tesseract 3.04.00' />
  <meta name='ocr-capabilities' content='ocr_page ocr_carea ocr_par ocr_line ocrx_word'/>
</head>
<body>
  <div class='ocr_page' id='page_1' title='image "./interpretationes02donauoft_0620.png"; bbox 0 0 2078 3260; ppageno 0'>
   <div class='ocr_carea' id='block_1_1' title="bbox 265 122 1486 222">
    <p class='ocr_par' dir='ltr' id='par_1_1' title="bbox 265 122 1486 222">
     <span class='ocr_line' id='line_1_1' title="bbox 265 122 1486 222; baseline -0.009 0"><span class='ocrx_word' id='word_1_1' title='bbox 265 169 373 222; x_wconf 84' lang='lat'>616</span> <span class='ocrx_word' id='word_1_2' title='bbox 741 122 974 210; x_wconf 75' lang='lat' dir='ltr'>DbNATI</span> <span class='ocrx_word' id='word_1_3' title='bbox 1003 165 1282 210; x_wconf 78' lang='lat' dir='ltr'>INTERPR.</span> <span class='ocrx_word' id='word_1_4' title='bbox 1307 165 1486 211; x_wconf 77' lang='lat' dir='ltr'>VERG.</span> 
     </span>
    </p>
   </div>
   <div class='ocr_carea' id='block_1_2' title="bbox 263 306 1963 736">
    <p class='ocr_par' dir='ltr' id='par_1_2' title="bbox 263 306 1963 736">
     <span class='ocr_line' id='line_1_2' title="bbox 265 306 1961 370; baseline 0.001 -16"><span class='ocrx_word' id='word_1_5' title='bbox 265 306 381 362; x_wconf 82' lang='lat' dir='ltr'>alta,</span> <span class='ocrx_word' id='word_1_6' title='bbox 406 306 505 355; x_wconf 87' lang='lat' dir='ltr'>solo</span> <span class='ocrx_word' id='word_1_7' title='bbox 525 306 775 354; x_wconf 78' lang='lat' dir='ltr'>Laurente</span> <span class='ocrx_word' id='word_1_8' title='bbox 797 306 1128 366; x_wconf 73' lang='lat' dir='ltr'><strong><em>sepulchrum:</em></strong></span> <span class='ocrx_word' id='word_1_9' title='bbox 1157 307 1443 354; x_wconf 89' lang='lat' dir='ltr'>nascentem</span> <span class='ocrx_word' id='word_1_10' title='bbox 1465 307 1515 354; x_wconf 88' lang='lat' dir='ltr'>te</span> <span class='ocrx_word' id='word_1_11' title='bbox 1539 308 1732 370; x_wconf 87' lang='lat' dir='ltr'>excepit</span> <span class='ocrx_word' id='word_1_12' title='bbox 1753 306 1961 370; x_wconf 81' lang='lat' dir='ltr'>Lyrnesi</span> 
     </span>
     <span class='ocr_line' id='line_1_3' title="bbox 265 379 1960 442; baseline 0.001 -14"><span class='ocrx_word' id='word_1_13' title='bbox 265 381 466 442; x_wconf 81' lang='grc'>(10111116,</span> <span class='ocrx_word' id='word_1_14' title='bbox 504 380 693 429; x_wconf 84' lang='lat' dir='ltr'>mortui</span> <span class='ocrx_word' id='word_1_15' title='bbox 730 380 879 428; x_wconf 87' lang='lat' dir='ltr'>funus</span> <span class='ocrx_word' id='word_1_16' title='bbox 918 379 1052 428; x_wconf 87' lang='lat' dir='ltr'>Itala</span> <span class='ocrx_word' id='word_1_17' title='bbox 1088 381 1222 427; x_wconf 88' lang='lat' dir='ltr'>terra</span> <span class='ocrx_word' id='word_1_18' title='bbox 1261 380 1500 442; x_wconf 83' lang='lat' dir='ltr'>conplexa</span> <span class='ocrx_word' id='word_1_19' title='bbox 1538 383 1626 429; x_wconf 86' lang='lat' dir='ltr'>est.</span> <span class='ocrx_word' id='word_1_20' title='bbox 1681 385 1804 429; x_wconf 88' lang='lat' dir='ltr'>totae</span> <span class='ocrx_word' id='word_1_21' title='bbox 1842 382 1960 430; x_wconf 91' lang='lat' dir='ltr'>adeo</span> 
     </span>
     <span class='ocr_line' id='line_1_4' title="bbox 265 453 1960 517; baseline 0.001 -15"><span class='ocrx_word' id='word_1_22' title='bbox 265 469 522 503; x_wconf 82' lang='lat' dir='ltr'>conversae</span> <span class='ocrx_word' id='word_1_23' title='bbox 560 456 711 502; x_wconf 87' lang='lat' dir='ltr'>acies:</span> <span class='ocrx_word' id='word_1_24' title='bbox 763 469 900 501; x_wconf 89' lang='lat' dir='ltr'>more</span> <span class='ocrx_word' id='word_1_25' title='bbox 947 469 1037 502; x_wconf 92' lang='lat' dir='ltr'>suo</span> <span class='ocrx_word' id='word_1_26' title='bbox 1087 453 1226 502; x_wconf 92' lang='lat' dir='ltr'>misit</span> <span class='ocrx_word' id='word_1_27' title='bbox 1271 454 1670 517; x_wconf 85' lang='lat' dir='ltr'>generalitatem,</span> <span class='ocrx_word' id='word_1_28' title='bbox 1721 472 1782 503; x_wconf 91' lang='lat' dir='ltr'>ne</span> <span class='ocrx_word' id='word_1_29' title='bbox 1830 455 1960 504; x_wconf 89' lang='lat' dir='ltr'>solos</span> 
     </span>
     <span class='ocr_line' id='line_1_5' title="bbox 264 527 1960 591; baseline 0.001 -14"><span class='ocrx_word' id='word_1_30' title='bbox 264 530 469 578; x_wconf 84' lang='lat' dir='ltr'>Aenean</span> <span class='ocrx_word' id='word_1_31' title='bbox 493 531 543 577; x_wconf 89' lang='lat' dir='ltr'>et</span> <span class='ocrx_word' id='word_1_32' title='bbox 566 529 789 576; x_wconf 85' lang='lat' dir='ltr'>Turnum</span> <span class='ocrx_word' id='word_1_33' title='bbox 811 527 1036 591; x_wconf 85' lang='lat' dir='ltr'>fugantis</span> <span class='ocrx_word' id='word_1_34' title='bbox 1066 528 1342 576; x_wconf 74' lang='lat' dir='ltr'>induceret:</span> <span class='ocrx_word' id='word_1_35' title='bbox 1382 528 1454 576; x_wconf 91' lang='lat' dir='ltr'>ait</span> <span class='ocrx_word' id='word_1_36' title='bbox 1485 528 1615 577; x_wconf 84' lang='lat' dir='ltr'>enim</span> <span class='ocrx_word' id='word_1_37' title='bbox 1647 529 1782 591; x_wconf 91' lang='lat' dir='ltr'>quod</span> <span class='ocrx_word' id='word_1_38' title='bbox 1812 529 1960 578; x_wconf 84' lang='lat' dir='ltr'>facie·</span> 
     </span>
     <span class='ocr_line' id='line_1_6' title="bbox 263 601 1963 664; baseline -0.001 -12"><span class='ocrx_word' id='word_1_39' title='bbox 263 603 388 652; x_wconf 92' lang='lat' dir='ltr'>bant</span> <span class='ocrx_word' id='word_1_40' title='bbox 426 602 523 650; x_wconf 86' lang='lat' dir='ltr'>duo</span> <span class='ocrx_word' id='word_1_41' title='bbox 570 602 822 650; x_wconf 72' lang='lat' dir='ltr'>faciebant</span> <span class='ocrx_word' id='word_1_42' title='bbox 867 601 1018 650; x_wconf 89' lang='lat' dir='ltr'>etiam</span> <span class='ocrx_word' id='word_1_43' title='bbox 1069 602 1219 650; x_wconf 80' lang='lat' dir='ltr'>ceteri</span> <span class='ocrx_word' id='word_1_44' title='bbox 1263 618 1352 650; x_wconf 89' lang='lat' dir='ltr'>nec</span> <span class='ocrx_word' id='word_1_45' title='bbox 1399 603 1580 664; x_wconf 90' lang='lat' dir='ltr'>aliquis</span> <span class='ocrx_word' id='word_1_46' title='bbox 1627 603 1725 652; x_wconf 79' lang='lat' dir='ltr'>fuit</span> <span class='ocrx_word' id='word_1_47' title='bbox 1771 620 1801 651; x_wconf 90' lang='lat' dir='ltr'>a</span> <span class='ocrx_word' id='word_1_48' title='bbox 1847 603 1963 652; x_wconf 76' lang='lat' dir='ltr'>beni</span> 
     </span>
     <span class='ocr_line' id='line_1_7' title="bbox 265 676 1960 736; baseline -0.001 -10"><span class='ocrx_word' id='word_1_49' title='bbox 265 679 532 726; x_wconf 86' lang='lat' dir='ltr'>certamine</span> <span class='ocrx_word' id='word_1_50' title='bbox 586 692 789 725; x_wconf 84' lang='lat' dir='ltr'>vacuus.</span> <span class='ocrx_word' id='word_1_51' title='bbox 856 690 1110 736; x_wconf 87' lang='lat' dir='ltr'>omnesque</span> <span class='ocrx_word' id='word_1_52' title='bbox 1158 676 1354 733; x_wconf 90' lang='lat' dir='ltr'>Latini,</span> <span class='ocrx_word' id='word_1_53' title='bbox 1410 691 1573 725; x_wconf 88' lang='lat' dir='ltr'>omnes</span> <span class='ocrx_word' id='word_1_54' title='bbox 1617 677 1960 734; x_wconf 74' lang='lat' dir='ltr'>Dardanidae,</span> 
     </span>
    </p>
   </div>
   <div class='ocr_carea' id='block_1_3' title="bbox 163 749 1964 811">
    <p class='ocr_par' dir='ltr' id='par_1_3' title="bbox 163 749 1964 811">
     <span class='ocr_line' id='line_1_8' title="bbox 163 749 1964 811; baseline -0.001 -10"><span class='ocrx_word' id='word_1_55' title='bbox 163 761 248 807; x_wconf 85' lang='grc'>550</span> <span class='ocrx_word' id='word_1_56' title='bbox 265 751 548 800; x_wconf 73' lang='lat' dir='ltr'>Mnestheus</span> <span class='ocrx_word' id='word_1_57' title='bbox 587 764 789 810; x_wconf 77' lang='lat' dir='ltr'>acerque</span> <span class='ocrx_word' id='word_1_58' title='bbox 826 749 1045 798; x_wconf 77' lang='lat' dir='ltr'>Serestus</span> <span class='ocrx_word' id='word_1_59' title='bbox 1085 754 1127 797; x_wconf 89' lang='lat' dir='ltr'>et</span> <span class='ocrx_word' id='word_1_60' title='bbox 1163 751 1432 811; x_wconf 77' lang='lat' dir='ltr'>Messapus</span> <span class='ocrx_word' id='word_1_61' title='bbox 1471 765 1641 811; x_wconf 85' lang='lat' dir='ltr'>eqwum</span> <span class='ocrx_word' id='word_1_62' title='bbox 1682 752 1886 800; x_wconf 88' lang='lat' dir='ltr'>domitor</span> <span class='ocrx_word' id='word_1_63' title='bbox 1921 755 1964 799; x_wconf 89' lang='lat' dir='ltr'>et</span> 
     </span>
    </p>
   </div>
   <div class='ocr_carea' id='block_1_4' title="bbox 263 822 1967 1855">
    <p class='ocr_par' dir='ltr' id='par_1_4' title="bbox 263 822 1967 1555">
     <span class='ocr_line' id='line_1_9' title="bbox 263 822 1962 886; baseline 0 -12"><span class='ocrx_word' id='word_1_64' title='bbox 263 826 405 886; x_wconf 80' lang='lat' dir='ltr'>fortis</span> <span class='ocrx_word' id='word_1_65' title='bbox 420 824 594 873; x_wconf 84' lang='lat' dir='ltr'>Asilas</span> <span class='ocrx_word' id='word_1_66' title='bbox 611 825 972 884; x_wconf 78' lang='lat' dir='ltr'>Tuscorumque</span> <span class='ocrx_word' id='word_1_67' title='bbox 989 825 1213 884; x_wconf 74' lang='lat' dir='ltr'>phalanx</span> <span class='ocrx_word' id='word_1_68' title='bbox 1236 825 1562 886; x_wconf 82' lang='lat' dir='ltr'>Euandrique</span> <span class='ocrx_word' id='word_1_69' title='bbox 1585 822 1805 874; x_wconf 83' lang='lat' dir='ltr'>Arcades</span> <span class='ocrx_word' id='word_1_70' title='bbox 1829 826 1962 874; x_wconf 82' lang='lat' dir='ltr'>alae:</span> 
     </span>
     <span class='ocr_line' id='line_1_10' title="bbox 265 899 1962 962; baseline 0.001 -15"><span class='ocrx_word' id='word_1_71' title='bbox 265 915 379 948; x_wconf 91' lang='lat' dir='ltr'>cum</span> <span class='ocrx_word' id='word_1_72' title='bbox 409 900 579 962; x_wconf 90' lang='lat' dir='ltr'>posset</span> <span class='ocrx_word' id='word_1_73' title='bbox 609 899 831 947; x_wconf 83' lang='lat' dir='ltr'>sufficere</span> <span class='ocrx_word' id='word_1_74' title='bbox 869 900 1007 947; x_wconf 86' lang='lat' dir='ltr'>totae</span> <span class='ocrx_word' id='word_1_75' title='bbox 1048 899 1170 947; x_wconf 93' lang='lat' dir='ltr'>adeo</span> <span class='ocrx_word' id='word_1_76' title='bbox 1203 914 1468 948; x_wconf 89' lang='lat' dir='ltr'>conversae</span> <span class='ocrx_word' id='word_1_77' title='bbox 1500 900 1652 960; x_wconf 88' lang='lat' dir='ltr'>acies,</span> <span class='ocrx_word' id='word_1_78' title='bbox 1693 899 1962 948; x_wconf 72' lang='lat' dir='ltr'>ambitione</span> 
     </span>
     <span class='ocr_line' id='line_1_11' title="bbox 265 972 1963 1038; baseline 0.001 -17"><span class='ocrx_word' id='word_1_79' title='bbox 265 973 460 1022; x_wconf 90' lang='lat' dir='ltr'>dicendi</span> <span class='ocrx_word' id='word_1_80' title='bbox 498 974 676 1022; x_wconf 88' lang='lat' dir='ltr'>ductus</span> <span class='ocrx_word' id='word_1_81' title='bbox 715 972 811 1022; x_wconf 85' lang='lat' dir='ltr'>ivit</span> <span class='ocrx_word' id='word_1_82' title='bbox 847 989 936 1035; x_wconf 88' lang='lat' dir='ltr'>per</span> <span class='ocrx_word' id='word_1_83' title='bbox 982 973 1167 1035; x_wconf 90' lang='lat' dir='ltr'>species</span> <span class='ocrx_word' id='word_1_84' title='bbox 1205 974 1429 1022; x_wconf 88' lang='lat' dir='ltr'>homines</span> <span class='ocrx_word' id='word_1_85' title='bbox 1478 974 1672 1036; x_wconf 86' lang='lat' dir='ltr'>aliquos</span> <span class='ocrx_word' id='word_1_86' title='bbox 1713 977 1763 1022; x_wconf 88' lang='lat' dir='ltr'>et</span> <span class='ocrx_word' id='word_1_87' title='bbox 1801 975 1963 1038; x_wconf 87' lang='lat' dir='ltr'>gentis</span> 
     </span>
     <span class='ocr_line' id='line_1_12' title="bbox 265 1048 1964 1108; baseline -0.001 -12"><span class='ocrx_word' id='word_1_88' title='bbox 265 1063 573 1096; x_wconf 84' lang='lat' dir='ltr'>enumerans.</span> <span class='ocrx_word' id='word_1_89' title='bbox 628 1062 720 1108; x_wconf 76' lang='lat' dir='ltr'>pro</span> <span class='ocrx_word' id='word_1_90' title='bbox 757 1061 808 1095; x_wconf 91' lang='lat' dir='ltr'>se</span> <span class='ocrx_word' id='word_1_91' title='bbox 847 1049 1045 1108; x_wconf 92' lang='lat' dir='ltr'>quisque</span> <span class='ocrx_word' id='word_1_92' title='bbox 1081 1048 1179 1095; x_wconf 81' lang='lat' dir='ltr'>viri</span> <span class='ocrx_word' id='word_1_93' title='bbox 1216 1062 1410 1095; x_wconf 88' lang='lat' dir='ltr'>summa</span> <span class='ocrx_word' id='word_1_94' title='bbox 1446 1049 1670 1096; x_wconf 88' lang='lat' dir='ltr'>nituntur</span> <span class='ocrx_word' id='word_1_95' title='bbox 1707 1062 1854 1108; x_wconf 76' lang='lat' dir='ltr'>opum</span> <span class='ocrx_word' id='word_1_96' title='bbox 1890 1049 1964 1096; x_wconf 81' lang='lat' dir='ltr'>vi:</span> 
     </span>
     <span class='ocr_line' id='line_1_13' title="bbox 263 1121 1964 1185; baseline 0 -15"><span class='ocrx_word' id='word_1_97' title='bbox 263 1123 317 1170; x_wconf 92' lang='lat' dir='ltr'>in</span> <span class='ocrx_word' id='word_1_98' title='bbox 353 1122 484 1171; x_wconf 89' lang='lat' dir='ltr'>bello</span> <span class='ocrx_word' id='word_1_99' title='bbox 525 1123 657 1169; x_wconf 91' lang='lat' dir='ltr'>enim</span> <span class='ocrx_word' id='word_1_100' title='bbox 694 1137 795 1169; x_wconf 91' lang='lat' dir='ltr'>non</span> <span class='ocrx_word' id='word_1_101' title='bbox 834 1124 978 1170; x_wconf 86' lang='lat' dir='ltr'>curat</span> <span class='ocrx_word' id='word_1_102' title='bbox 1021 1123 1363 1185; x_wconf 88' lang='lat' dir='ltr'>unusquisque</span> <span class='ocrx_word' id='word_1_103' title='bbox 1408 1121 1507 1170; x_wconf 88' lang='lat' dir='ltr'>nisi</span> <span class='ocrx_word' id='word_1_104' title='bbox 1545 1123 1964 1185; x_wconf 87' lang='lat' dir='ltr'>quemadmodum</span> 
     </span>
     <span class='ocr_line' id='line_1_14' title="bbox 264 1195 1963 1259; baseline 0 -16"><span class='ocrx_word' id='word_1_105' title='bbox 264 1196 481 1259; x_wconf 90' lang='lat' dir='ltr'>primum</span> <span class='ocrx_word' id='word_1_106' title='bbox 520 1195 678 1245; x_wconf 84' lang='lat' dir='ltr'>vitam</span> <span class='ocrx_word' id='word_1_107' title='bbox 716 1211 858 1245; x_wconf 90' lang='lat' dir='ltr'>suam</span> <span class='ocrx_word' id='word_1_108' title='bbox 896 1196 1206 1258; x_wconf 68' lang='lat' dir='ltr'>salutemque</span> <span class='ocrx_word' id='word_1_109' title='bbox 1236 1198 1458 1258; x_wconf 85' lang='lat' dir='ltr'>tueatur,</span> <span class='ocrx_word' id='word_1_110' title='bbox 1498 1198 1616 1245; x_wconf 89' lang='lat' dir='ltr'>tunc</span> <span class='ocrx_word' id='word_1_111' title='bbox 1650 1196 1802 1245; x_wconf 83' lang='lat' dir='ltr'>etiam</span> <span class='ocrx_word' id='word_1_112' title='bbox 1842 1195 1963 1245; x_wconf 89' lang='lat' dir='ltr'>soci-</span> 
     </span>
     <span class='ocr_line' id='line_1_15' title="bbox 265 1271 1966 1331; baseline 0 -13"><span class='ocrx_word' id='word_1_113' title='bbox 265 1286 419 1318; x_wconf 87' lang='lat' dir='ltr'>orum.</span> <span class='ocrx_word' id='word_1_114' title='bbox 473 1284 560 1318; x_wconf 91' lang='lat' dir='ltr'>nec</span> <span class='ocrx_word' id='word_1_115' title='bbox 595 1284 736 1318; x_wconf 90' lang='lat' dir='ltr'>mora</span> <span class='ocrx_word' id='word_1_116' title='bbox 775 1284 862 1318; x_wconf 89' lang='lat' dir='ltr'>nec</span> <span class='ocrx_word' id='word_1_117' title='bbox 902 1271 1115 1331; x_wconf 75' lang='lat' dir='ltr'>requies,</span> <span class='ocrx_word' id='word_1_118' title='bbox 1155 1273 1290 1318; x_wconf 82' lang='lat' dir='ltr'>vasto</span> <span class='ocrx_word' id='word_1_119' title='bbox 1327 1271 1586 1319; x_wconf 78' lang='lat' dir='ltr'>certamine</span> <span class='ocrx_word' id='word_1_120' title='bbox 1615 1271 1839 1318; x_wconf 79' lang='lat' dir='ltr'>tendunt:</span> <span class='ocrx_word' id='word_1_121' title='bbox 1875 1285 1966 1318; x_wconf 88' lang='lat' dir='ltr'>nec</span> 
     </span>
     <span class='ocr_line' id='line_1_16' title="bbox 264 1344 1967 1407; baseline 0 -15"><span class='ocrx_word' id='word_1_122' title='bbox 264 1360 405 1394; x_wconf 88' lang='lat' dir='ltr'>mora</span> <span class='ocrx_word' id='word_1_123' title='bbox 444 1344 701 1393; x_wconf 78' lang='lat' dir='ltr'>certamini</span> <span class='ocrx_word' id='word_1_124' title='bbox 734 1344 948 1392; x_wconf 91' lang='lat' dir='ltr'>dabatur</span> <span class='ocrx_word' id='word_1_125' title='bbox 981 1360 1070 1393; x_wconf 90' lang='lat' dir='ltr'>nec</span> <span class='ocrx_word' id='word_1_126' title='bbox 1101 1345 1295 1407; x_wconf 87' lang='lat' dir='ltr'>requies</span> <span class='ocrx_word' id='word_1_127' title='bbox 1326 1344 1508 1406; x_wconf 85' lang='lat' dir='ltr'>labori,</span> <span class='ocrx_word' id='word_1_128' title='bbox 1545 1345 1837 1394; x_wconf 90' lang='lat' dir='ltr'>continuum</span> <span class='ocrx_word' id='word_1_129' title='bbox 1866 1345 1967 1392; x_wconf 82' lang='lat' dir='ltr'>fuit</span> 
     </span>
     <span class='ocr_line' id='line_1_17' title="bbox 266 1418 1963 1483; baseline 0.001 -17"><span class='ocrx_word' id='word_1_130' title='bbox 266 1418 504 1482; x_wconf 89' lang='lat' dir='ltr'>quicquid</span> <span class='ocrx_word' id='word_1_131' title='bbox 542 1418 647 1466; x_wconf 92' lang='lat' dir='ltr'>illic</span> <span class='ocrx_word' id='word_1_132' title='bbox 685 1418 971 1482; x_wconf 84' lang='lat' dir='ltr'>gerebatur3</span> <span class='ocrx_word' id='word_1_133' title='bbox 1022 1419 1115 1467; x_wconf 90' lang='lat' dir='ltr'>hoc</span> <span class='ocrx_word' id='word_1_134' title='bbox 1155 1418 1287 1467; x_wconf 89' lang='lat' dir='ltr'>enim</span> <span class='ocrx_word' id='word_1_135' title='bbox 1325 1418 1554 1483; x_wconf 86' lang='lat' dir='ltr'>exigebat</span> <span class='ocrx_word' id='word_1_136' title='bbox 1591 1420 1764 1483; x_wconf 87' lang='lat' dir='ltr'>magni</span> <span class='ocrx_word' id='word_1_137' title='bbox 1802 1418 1963 1482; x_wconf 86' lang='lat' dir='ltr'>operis</span> 
     </span>
     <span class='ocr_line' id='line_1_18' title="bbox 264 1492 1063 1555; baseline 0 -14"><span class='ocrx_word' id='word_1_138' title='bbox 264 1494 393 1541; x_wconf 87' lang='lat' dir='ltr'>ratio</span> <span class='ocrx_word' id='word_1_139' title='bbox 434 1493 783 1555; x_wconf 75' lang='lat' dir='ltr'>cupiditasque</span> <span class='ocrx_word' id='word_1_140' title='bbox 823 1492 1063 1542; x_wconf 86' lang='lat' dir='ltr'>vincendi.</span> 
     </span>
    </p>

    <p class='ocr_par' dir='ltr' id='par_1_5' title="bbox 266 1564 1966 1855">
     <span class='ocr_line' id='line_1_19' title="bbox 384 1564 1965 1627; baseline 0 -13"><span class='ocrx_word' id='word_1_141' title='bbox 384 1567 485 1615; x_wconf 89' lang='lat' dir='ltr'>Hic</span> <span class='ocrx_word' id='word_1_142' title='bbox 532 1570 735 1615; x_wconf 86' lang='lat' dir='ltr'>mentem</span> <span class='ocrx_word' id='word_1_143' title='bbox 780 1564 976 1615; x_wconf 77' lang='lat' dir='ltr'>Aeneae</span> <span class='ocrx_word' id='word_1_144' title='bbox 1021 1567 1238 1627; x_wconf 79' lang='lat' dir='ltr'>qenetriae</span> <span class='ocrx_word' id='word_1_145' title='bbox 1279 1567 1609 1627; x_wconf 79' lang='lat' dir='ltr'>pulcherrima</span> <span class='ocrx_word' id='word_1_146' title='bbox 1657 1568 1813 1615; x_wconf 88' lang='lat' dir='ltr'>misit:</span> <span class='ocrx_word' id='word_1_147' title='bbox 1865 1582 1965 1614; x_wconf 93' lang='lat' dir='ltr'>non</span> 
     </span>
     <span class='ocr_line' id='line_1_20' title="bbox 267 1640 1966 1704; baseline -0.001 -15"><span class='ocrx_word' id='word_1_148' title='bbox 267 1656 470 1704; x_wconf 87' lang='lat' dir='ltr'>corpore</span> <span class='ocrx_word' id='word_1_149' title='bbox 501 1641 721 1690; x_wconf 88' lang='lat' dir='ltr'>formosa</span> <span class='ocrx_word' id='word_1_150' title='bbox 756 1641 956 1702; x_wconf 88' lang='lat' dir='ltr'>mulier,</span> <span class='ocrx_word' id='word_1_151' title='bbox 995 1641 1080 1689; x_wconf 91' lang='lat' dir='ltr'>sed</span> <span class='ocrx_word' id='word_1_152' title='bbox 1110 1642 1271 1689; x_wconf 88' lang='lat' dir='ltr'>mater</span> <span class='ocrx_word' id='word_1_153' title='bbox 1300 1641 1622 1704; x_wconf 87' lang='lat' dir='ltr'>pulcherrimi</span> <span class='ocrx_word' id='word_1_154' title='bbox 1653 1640 1875 1690; x_wconf 86' lang='lat' dir='ltr'>adfectus</span> <span class='ocrx_word' id='word_1_155' title='bbox 1915 1643 1966 1689; x_wconf 89' lang='grc'>613</span> 
     </span>
     <span class='ocr_line' id='line_1_21' title="bbox 266 1714 1966 1779; baseline -0.001 -15"><span class='ocrx_word' id='word_1_156' title='bbox 266 1731 356 1779; x_wconf 90' lang='lat' dir='ltr'>pro</span> <span class='ocrx_word' id='word_1_157' title='bbox 404 1715 566 1764; x_wconf 91' lang='lat' dir='ltr'>salute</span> <span class='ocrx_word' id='word_1_158' title='bbox 612 1715 686 1762; x_wconf 91' lang='lat' dir='ltr'>fili</span> <span class='ocrx_word' id='word_1_159' title='bbox 731 1715 1073 1777; x_wconf 90' lang='lat' dir='ltr'>pulcherrima.</span> <span class='ocrx_word' id='word_1_160' title='bbox 1140 1714 1278 1764; x_wconf 82' lang='lat' dir='ltr'>misit</span> <span class='ocrx_word' id='word_1_161' title='bbox 1323 1717 1538 1763; x_wconf 90' lang='lat' dir='ltr'>mentem</span> <span class='ocrx_word' id='word_1_162' title='bbox 1587 1717 1705 1763; x_wconf 89' lang='lat' dir='ltr'>nato</span> <span class='ocrx_word' id='word_1_163' title='bbox 1751 1716 1844 1764; x_wconf 91' lang='lat' dir='ltr'>hoc</span> <span class='ocrx_word' id='word_1_164' title='bbox 1891 1717 1966 1764; x_wconf 87' lang='lat' dir='ltr'>est</span> 
     </span>
     <span class='ocr_line' id='line_1_22' title="bbox 268 1782 1966 1855; baseline 0 -17"><span class='ocrx_word' id='word_1_165' title='bbox 268 1789 543 1838; x_wconf 88' lang='lat' dir='ltr'>consilium.</span> <span class='ocrx_word' id='word_1_166' title='bbox 599 1790 669 1837; x_wconf 89' lang='lat' dir='ltr'>sic</span> <span class='ocrx_word' id='word_1_167' title='bbox 708 1791 758 1836; x_wconf 89' lang='grc'>613</span> <span class='ocrx_word' id='word_1_168' title='bbox 787 1791 839 1837; x_wconf 86' lang='grc'>111</span> <span class='ocrx_word' id='word_1_169' title='bbox 870 1790 1031 1852; x_wconf 89' lang='lat' dir='ltr'>primo</span> <span class='ocrx_word' id='word_1_170' title='bbox 1068 1789 1195 1838; x_wconf 91' lang='lat' dir='ltr'>libro</span> <span class='ocrx_word' id='word_1_171' title='bbox 1237 1790 1308 1837; x_wconf 87' lang='lat' dir='ltr'>ait</span> <span class='ocrx_word' id='word_1_172' title='bbox 1347 1782 1439 1855; x_wconf 87' lang='lat'>(67</span> <span class='ocrx_word' id='word_1_173' title='bbox 1449 1783 1504 1854; x_wconf 88' lang='grc'>6)</span> <span class='ocrx_word' id='word_1_174' title='bbox 1545 1791 1803 1850; x_wconf 85' lang='lat' dir='ltr'>„nostram</span> <span class='ocrx_word' id='word_1_175' title='bbox 1833 1805 1966 1838; x_wconf 89' lang='lat' dir='ltr'>nunc</span> 
     </span>
    </p>
   </div>
   <div class='ocr_carea' id='block_1_5' title="bbox 166 1862 1967 1926">
    <p class='ocr_par' dir='ltr' id='par_1_6' title="bbox 166 1862 1967 1926">
     <span class='ocr_line' id='line_1_23' title="bbox 166 1862 1967 1926; baseline 0.001 -16"><span class='ocrx_word' id='word_1_176' title='bbox 166 1871 251 1911; x_wconf 83' lang='lat'>555</span> <span class='ocrx_word' id='word_1_177' title='bbox 269 1865 435 1926; x_wconf 86' lang='lat' dir='ltr'>accipe</span> <span class='ocrx_word' id='word_1_178' title='bbox 465 1865 682 1912; x_wconf 90' lang='lat' dir='ltr'>mentem</span> <span class='ocrx_word' id='word_1_179' title='bbox 691 1862 718 1886; x_wconf 76' lang='lat'>‘⁴</span> <span class='ocrx_word' id='word_1_180' title='bbox 742 1864 835 1912; x_wconf 90' lang='grc'>1106</span> <span class='ocrx_word' id='word_1_181' title='bbox 867 1866 942 1912; x_wconf 89' lang='grc'>661</span> <span class='ocrx_word' id='word_1_182' title='bbox 966 1863 1242 1912; x_wconf 88' lang='grc'>6011611111111.</span> <span class='ocrx_word' id='word_1_183' title='bbox 1295 1864 1386 1911; x_wconf 90' lang='lat' dir='ltr'>iret</span> <span class='ocrx_word' id='word_1_184' title='bbox 1407 1866 1462 1911; x_wconf 90' lang='lat' dir='ltr'>ut</span> <span class='ocrx_word' id='word_1_185' title='bbox 1484 1863 1551 1911; x_wconf 89' lang='lat' dir='ltr'>ad</span> <span class='ocrx_word' id='word_1_186' title='bbox 1572 1878 1738 1911; x_wconf 86' lang='lat' dir='ltr'>muros</span> <span class='ocrx_word' id='word_1_187' title='bbox 1763 1864 1967 1923; x_wconf 83' lang='lat' dir='ltr'>urbique</span> 
     </span>
    </p>
   </div>
   <div class='ocr_carea' id='block_1_6' title="bbox 268 1937 1968 2666">
    <p class='ocr_par' dir='ltr' id='par_1_7' title="bbox 268 1937 1968 2666">
     <span class='ocr_line' id='line_1_24' title="bbox 269 1937 1967 2001; baseline -0.001 -15"><span class='ocrx_word' id='word_1_188' title='bbox 269 1938 534 1986; x_wconf 81' lang='lat' dir='ltr'>adverteret</span> <span class='ocrx_word' id='word_1_189' title='bbox 571 1952 743 1999; x_wconf 82' lang='lat' dir='ltr'>aqmen</span> <span class='ocrx_word' id='word_1_190' title='bbox 781 1939 937 1986; x_wconf 91' lang='lat' dir='ltr'>ocius:</span> <span class='ocrx_word' id='word_1_191' title='bbox 982 1953 1081 1986; x_wconf 92' lang='grc'>11011</span> <span class='ocrx_word' id='word_1_192' title='bbox 1116 1939 1314 1985; x_wconf 87' lang='lat' dir='ltr'>tantum</span> <span class='ocrx_word' id='word_1_193' title='bbox 1352 1938 1449 1986; x_wconf 89' lang='lat' dir='ltr'>iret</span> <span class='ocrx_word' id='word_1_194' title='bbox 1487 1953 1598 1986; x_wconf 91' lang='lat' dir='ltr'>cum</span> <span class='ocrx_word' id='word_1_195' title='bbox 1637 1938 1834 2001; x_wconf 87' lang='lat' dir='ltr'>agmine</span> <span class='ocrx_word' id='word_1_196' title='bbox 1881 1937 1967 1986; x_wconf 92' lang='lat' dir='ltr'>sed</span> 
     </span>
     <span class='ocr_line' id='line_1_25' title="bbox 270 2011 1968 2075; baseline 0 -16"><span class='ocrx_word' id='word_1_197' title='bbox 270 2014 320 2060; x_wconf 86' lang='lat' dir='ltr'>et</span> <span class='ocrx_word' id='word_1_198' title='bbox 358 2012 493 2060; x_wconf 91' lang='lat' dir='ltr'>ocius</span> <span class='ocrx_word' id='word_1_199' title='bbox 531 2011 584 2059; x_wconf 93' lang='lat' dir='ltr'>id</span> <span class='ocrx_word' id='word_1_200' title='bbox 615 2012 813 2060; x_wconf 88' lang='lat' dir='ltr'>faceret.</span> <span class='ocrx_word' id='word_1_201' title='bbox 868 2013 1070 2075; x_wconf 86' lang='lat' dir='ltr'>exponit</span> <span class='ocrx_word' id='word_1_202' title='bbox 1101 2028 1255 2074; x_wconf 86' lang='lat' dir='ltr'>quare</span> <span class='ocrx_word' id='word_1_203' title='bbox 1288 2012 1447 2060; x_wconf 89' lang='lat' dir='ltr'>ocius:</span> <span class='ocrx_word' id='word_1_204' title='bbox 1487 2015 1531 2059; x_wconf 88' lang='lat' dir='ltr'>et</span> <span class='ocrx_word' id='word_1_205' title='bbox 1559 2012 1721 2059; x_wconf 88' lang='lat' dir='ltr'>subita</span> <span class='ocrx_word' id='word_1_206' title='bbox 1752 2012 1968 2060; x_wconf 86' lang='lat' dir='ltr'>turbaret</span> 
     </span>
     <span class='ocr_line' id='line_1_26' title="bbox 269 2085 1968 2149; baseline 0 -15"><span class='ocrx_word' id='word_1_207' title='bbox 269 2086 404 2134; x_wconf 83' lang='lat' dir='ltr'>clade</span> <span class='ocrx_word' id='word_1_208' title='bbox 442 2086 664 2133; x_wconf 89' lang='lat' dir='ltr'>Latinos.</span> <span class='ocrx_word' id='word_1_209' title='bbox 734 2088 936 2149; x_wconf 85' lang='lat' dir='ltr'>gravius</span> <span class='ocrx_word' id='word_1_210' title='bbox 983 2088 1059 2135; x_wconf 89' lang='lat' dir='ltr'>est</span> <span class='ocrx_word' id='word_1_211' title='bbox 1104 2088 1235 2134; x_wconf 89' lang='lat' dir='ltr'>enim</span> <span class='ocrx_word' id='word_1_212' title='bbox 1279 2086 1466 2134; x_wconf 86' lang='lat' dir='ltr'>malum</span> <span class='ocrx_word' id='word_1_213' title='bbox 1504 2087 1554 2133; x_wconf 90' lang='lat' dir='ltr'>et</span> <span class='ocrx_word' id='word_1_214' title='bbox 1591 2085 1736 2134; x_wconf 90' lang='lat' dir='ltr'>citius</span> <span class='ocrx_word' id='word_1_215' title='bbox 1777 2085 1968 2134; x_wconf 85' lang='lat' dir='ltr'>obtinet</span> 
     </span>
     <span class='ocr_line' id='line_1_27' title="bbox 271 2159 1967 2223; baseline 0.001 -16"><span class='ocrx_word' id='word_1_216' title='bbox 271 2159 402 2222; x_wconf 91' lang='lat' dir='ltr'>quod</span> <span class='ocrx_word' id='word_1_217' title='bbox 447 2159 755 2223; x_wconf 72' lang='lat' dir='ltr'>inopinantis</span> <span class='ocrx_word' id='word_1_218' title='bbox 805 2159 1117 2223; x_wconf 81' lang='lat' dir='ltr'>oppresserit.</span> <span class='ocrx_word' id='word_1_219' title='bbox 1194 2159 1354 2208; x_wconf 88' lang='lat' dir='ltr'>securi</span> <span class='ocrx_word' id='word_1_220' title='bbox 1404 2160 1535 2208; x_wconf 84' lang='lat' dir='ltr'>enim</span> <span class='ocrx_word' id='word_1_221' title='bbox 1585 2160 1784 2207; x_wconf 89' lang='lat' dir='ltr'>fuerant</span> <span class='ocrx_word' id='word_1_222' title='bbox 1832 2161 1967 2208; x_wconf 88' lang='lat' dir='ltr'>intra</span> 
     </span>
     <span class='ocr_line' id='line_1_28' title="bbox 270 2233 1967 2296; baseline -0.001 -14"><span class='ocrx_word' id='word_1_223' title='bbox 270 2233 526 2282; x_wconf 86' lang='lat' dir='ltr'>civitatem</span> <span class='ocrx_word' id='word_1_224' title='bbox 576 2234 835 2282; x_wconf 87' lang='lat' dir='ltr'>constituti</span> <span class='ocrx_word' id='word_1_225' title='bbox 885 2234 997 2283; x_wconf 90' lang='lat' dir='ltr'>aliis</span> <span class='ocrx_word' id='word_1_226' title='bbox 1047 2235 1100 2282; x_wconf 90' lang='lat' dir='ltr'>in</span> <span class='ocrx_word' id='word_1_227' title='bbox 1151 2249 1325 2296; x_wconf 90' lang='lat' dir='ltr'>campo</span> <span class='ocrx_word' id='word_1_228' title='bbox 1375 2233 1696 2282; x_wconf 87' lang='lat' dir='ltr'>certantibus.</span> <span class='ocrx_word' id='word_1_229' title='bbox 1772 2234 1873 2290; x_wconf 80' lang='lat' dir='ltr'>ille,</span> <span class='ocrx_word' id='word_1_230' title='bbox 1912 2236 1967 2280; x_wconf 88' lang='lat' dir='ltr'>ut</span> 
     </span>
     <span class='ocr_line' id='line_1_29' title="bbox 268 2307 1967 2369; baseline 0 -14"><span class='ocrx_word' id='word_1_231' title='bbox 268 2309 512 2369; x_wconf 77' lang='lat' dir='ltr'>vestiqans</span> <span class='ocrx_word' id='word_1_232' title='bbox 551 2307 745 2355; x_wconf 84' lang='lat' dir='ltr'>diversa</span> <span class='ocrx_word' id='word_1_233' title='bbox 775 2322 868 2367; x_wconf 75' lang='lat' dir='ltr'>per</span> <span class='ocrx_word' id='word_1_234' title='bbox 906 2309 1106 2369; x_wconf 79' lang='lat' dir='ltr'>aqmina</span> <span class='ocrx_word' id='word_1_235' title='bbox 1139 2309 1363 2356; x_wconf 84' lang='lat' dir='ltr'>Turnum</span> <span class='ocrx_word' id='word_1_236' title='bbox 1400 2308 1491 2356; x_wconf 82' lang='lat' dir='ltr'>huc</span> <span class='ocrx_word' id='word_1_237' title='bbox 1530 2312 1670 2368; x_wconf 88' lang='lat' dir='ltr'>atque</span> <span class='ocrx_word' id='word_1_238' title='bbox 1707 2308 1800 2355; x_wconf 80' lang='lat' dir='ltr'>huc</span> <span class='ocrx_word' id='word_1_239' title='bbox 1838 2308 1967 2355; x_wconf 90' lang='lat' dir='ltr'>acics</span> 
     </span>
     <span class='ocr_line' id='line_1_30' title="bbox 270 2382 1967 2444; baseline -0.001 -14"><span class='ocrx_word' id='word_1_240' title='bbox 270 2382 579 2438; x_wconf 79' lang='lat' dir='ltr'>circumtulit,</span> <span class='ocrx_word' id='word_1_241' title='bbox 613 2382 787 2442; x_wconf 83' lang='lat' dir='ltr'>aspicit</span> <span class='ocrx_word' id='word_1_242' title='bbox 822 2383 990 2429; x_wconf 89' lang='lat' dir='ltr'>urbem</span> <span class='ocrx_word' id='word_1_243' title='bbox 1027 2383 1275 2430; x_wconf 87' lang='lat' dir='ltr'>inmunem</span> <span class='ocrx_word' id='word_1_244' title='bbox 1315 2382 1439 2429; x_wconf 87' lang='lat' dir='ltr'>tanti</span> <span class='ocrx_word' id='word_1_245' title='bbox 1474 2382 1583 2429; x_wconf 83' lang='lat' dir='ltr'>belli</span> <span class='ocrx_word' id='word_1_246' title='bbox 1613 2385 1767 2444; x_wconf 25' lang='lat' dir='ltr'>atque·</span> <span class='ocrx_word' id='word_1_247' title='bbox 1783 2382 1967 2441; x_wconf 80' lang='lat' dir='ltr'>inpune</span> 
     </span>
     <span class='ocr_line' id='line_1_31' title="bbox 271 2455 1967 2518; baseline 0 -16"><span class='ocrx_word' id='word_1_248' title='bbox 271 2457 504 2515; x_wconf 87' lang='lat' dir='ltr'>quietam:</span> <span class='ocrx_word' id='word_1_249' title='bbox 543 2455 660 2503; x_wconf 93' lang='lat' dir='ltr'>dum</span> <span class='ocrx_word' id='word_1_250' title='bbox 689 2455 811 2503; x_wconf 91' lang='grc'>111116</span> <span class='ocrx_word' id='word_1_251' title='bbox 843 2458 991 2517; x_wconf 89' lang='lat' dir='ltr'>atque</span> <span class='ocrx_word' id='word_1_252' title='bbox 1027 2456 1145 2504; x_wconf 88' lang='lat' dir='ltr'>illuc</span> <span class='ocrx_word' id='word_1_253' title='bbox 1177 2456 1345 2504; x_wconf 90' lang='lat' dir='ltr'>oculos</span> <span class='ocrx_word' id='word_1_254' title='bbox 1369 2455 1531 2504; x_wconf 89' lang='lat' dir='ltr'>tendit</span> <span class='ocrx_word' id='word_1_255' title='bbox 1562 2455 1846 2518; x_wconf 85' lang='lat' dir='ltr'>quaeritans</span> <span class='ocrx_word' id='word_1_256' title='bbox 1877 2470 1967 2517; x_wconf 92' lang='lat' dir='ltr'>per</span> 
     </span>
     <span class='ocr_line' id='line_1_32' title="bbox 271 2527 1964 2592; baseline -0.001 -15"><span class='ocrx_word' id='word_1_257' title='bbox 271 2529 490 2579; x_wconf 88' lang='lat' dir='ltr'>diversas</span> <span class='ocrx_word' id='word_1_258' title='bbox 531 2529 658 2579; x_wconf 89' lang='lat' dir='ltr'>acies</span> <span class='ocrx_word' id='word_1_259' title='bbox 691 2529 935 2589; x_wconf 79' lang='lat' dir='ltr'>Turnum,</span> <span class='ocrx_word' id='word_1_260' title='bbox 974 2531 1191 2592; x_wconf 86' lang='lat' dir='ltr'>respexit</span> <span class='ocrx_word' id='word_1_261' title='bbox 1227 2529 1399 2577; x_wconf 86' lang='lat' dir='ltr'>urbem</span> <span class='ocrx_word' id='word_1_262' title='bbox 1431 2529 1500 2578; x_wconf 91' lang='lat' dir='ltr'>sic</span> <span class='ocrx_word' id='word_1_263' title='bbox 1530 2531 1782 2577; x_wconf 92' lang='lat' dir='ltr'>inmunem</span> <span class='ocrx_word' id='word_1_264' title='bbox 1814 2527 1964 2576; x_wconf 91' lang='lat' dir='ltr'>cladi-</span> 
     </span>
     <span class='ocr_line' id='line_1_33' title="bbox 269 2603 1963 2666; baseline -0.001 -15"><span class='ocrx_word' id='word_1_265' title='bbox 269 2603 360 2652; x_wconf 90' lang='lat' dir='ltr'>bus</span> <span class='ocrx_word' id='word_1_266' title='bbox 406 2604 546 2666; x_wconf 79' lang='lat' dir='ltr'>belli,</span> <span class='ocrx_word' id='word_1_267' title='bbox 600 2606 657 2652; x_wconf 91' lang='lat' dir='ltr'>ut</span> <span class='ocrx_word' id='word_1_268' title='bbox 706 2604 864 2652; x_wconf 90' lang='lat' dir='ltr'>omnis</span> <span class='ocrx_word' id='word_1_269' title='bbox 913 2603 1017 2652; x_wconf 88' lang='lat' dir='ltr'>illic</span> <span class='ocrx_word' id='word_1_270' title='bbox 1065 2605 1202 2665; x_wconf 80' lang='lat' dir='ltr'>quies</span> <span class='ocrx_word' id='word_1_271' title='bbox 1250 2605 1378 2652; x_wconf 88' lang='lat' dir='ltr'>esset</span> <span class='ocrx_word' id='word_1_272' title='bbox 1431 2605 1481 2651; x_wconf 86' lang='lat' dir='ltr'>et</span> <span class='ocrx_word' id='word_1_273' title='bbox 1526 2603 1764 2652; x_wconf 88' lang='lat' dir='ltr'>securitas</span> <span class='ocrx_word' id='word_1_274' title='bbox 1802 2603 1963 2665; x_wconf 90' lang='lat' dir='ltr'>plena,</span> 
     </span>
    </p>
   </div>
   <div class='ocr_carea' id='block_1_7' title="bbox 169 2677 1965 2741">
    <p class='ocr_par' dir='ltr' id='par_1_8' title="bbox 169 2677 1965 2741">
     <span class='ocr_line' id='line_1_34' title="bbox 169 2677 1965 2741; baseline -0.002 -15"><span class='ocrx_word' id='word_1_275' title='bbox 169 2687 254 2726; x_wconf 90' lang='grc'>560</span> <span class='ocrx_word' id='word_1_276' title='bbox 272 2677 416 2740; x_wconf 88' lang='lat' dir='ltr'>quasi</span> <span class='ocrx_word' id='word_1_277' title='bbox 454 2677 579 2725; x_wconf 90' lang='lat' dir='ltr'>nihil</span> <span class='ocrx_word' id='word_1_278' title='bbox 617 2677 759 2726; x_wconf 86' lang='lat' dir='ltr'>triste</span> <span class='ocrx_word' id='word_1_279' title='bbox 797 2678 928 2725; x_wconf 89' lang='lat' dir='ltr'>inter</span> <span class='ocrx_word' id='word_1_280' title='bbox 967 2679 1151 2726; x_wconf 87' lang='lat' dir='ltr'>ceteros</span> <span class='ocrx_word' id='word_1_281' title='bbox 1192 2678 1453 2741; x_wconf 90' lang='lat' dir='ltr'>gereretur.</span> <span class='ocrx_word' id='word_1_282' title='bbox 1513 2678 1735 2725; x_wconf 90' lang='lat' dir='ltr'>continuo</span> <span class='ocrx_word' id='word_1_283' title='bbox 1764 2690 1965 2736; x_wconf 76' lang='lat' dir='ltr'>puqnae</span> 
     </span>
    </p>
   </div>
   <div class='ocr_carea' id='block_1_8' title="bbox 275 2764 630 2768">
    <p class='ocr_par' dir='ltr' id='par_1_9' title="bbox 275 2764 630 2768">
     <span class='ocr_line' id='line_1_35' title="bbox 275 2764 630 2768; baseline 0 0"><span class='ocrx_word' id='word_1_284' title='bbox 275 2764 630 2768; x_wconf 95' lang='lat' dir='ltr'> </span> 
     </span>
    </p>
   </div>
   <div class='ocr_carea' id='block_1_9' title="bbox 272 2801 1964 3024">
    <p class='ocr_par' dir='ltr' id='par_1_10' title="bbox 272 2801 1964 3024">
     <span class='ocr_line' id='line_1_36' title="bbox 390 2801 1963 2859; baseline -0.001 -13"><span class='ocrx_word' id='word_1_285' title='bbox 390 2807 417 2846; x_wconf 85' lang='lat'>4</span> <span class='ocrx_word' id='word_1_286' title='bbox 460 2817 547 2859; x_wconf 94' lang='lat' dir='ltr'>quo</span> <span class='ocrx_word' id='word_1_287' title='bbox 581 2803 622 2847; x_wconf 90' lang='lat' dir='ltr'><strong>V</strong></span> <span class='ocrx_word' id='word_1_288' title='bbox 661 2803 781 2859; x_wconf 91' lang='lat' dir='ltr'>quod</span> <span class='ocrx_word' id='word_1_289' title='bbox 824 2803 894 2847; x_wconf 88' lang='lat' dir='ltr'>ed.</span> <span class='ocrx_word' id='word_1_290' title='bbox 1019 2807 1044 2846; x_wconf 84' lang='lat'>5</span> <span class='ocrx_word' id='word_1_291' title='bbox 1084 2804 1220 2847; x_wconf 88' lang='lat' dir='ltr'>etiam</span> <span class='ocrx_word' id='word_1_292' title='bbox 1255 2802 1297 2845; x_wconf 94' lang='lat' dir='ltr'><strong>V</strong></span> <span class='ocrx_word' id='word_1_293' title='bbox 1335 2808 1376 2847; x_wconf 88' lang='lat' dir='ltr'>et</span> <span class='ocrx_word' id='word_1_294' title='bbox 1415 2803 1486 2846; x_wconf 86' lang='lat' dir='ltr'>ed.</span> <span class='ocrx_word' id='word_1_295' title='bbox 1609 2807 1635 2846; x_wconf 90' lang='lat'>8</span> <span class='ocrx_word' id='word_1_296' title='bbox 1674 2802 1892 2847; x_wconf 82' lang='lat' dir='ltr'>archades</span> <span class='ocrx_word' id='word_1_297' title='bbox 1922 2801 1963 2844; x_wconf 91' lang='lat' dir='ltr'><strong>V</strong></span> 
     </span>
     <span class='ocr_line' id='line_1_37' title="bbox 272 2860 1961 2919; baseline -0.002 -13"><span class='ocrx_word' id='word_1_298' title='bbox 272 2863 473 2906; x_wconf 84' lang='lat' dir='ltr'>Arcadis</span> <span class='ocrx_word' id='word_1_299' title='bbox 504 2862 575 2905; x_wconf 90' lang='lat' dir='ltr'>ed.</span> <span class='ocrx_word' id='word_1_300' title='bbox 691 2866 716 2905; x_wconf 83' lang='lat'>9</span> <span class='ocrx_word' id='word_1_301' title='bbox 742 2863 891 2918; x_wconf 78' lang='lat' dir='ltr'>possit</span> <span class='ocrx_word' id='word_1_302' title='bbox 921 2862 991 2905; x_wconf 89' lang='lat' dir='ltr'>ed.</span> <span class='ocrx_word' id='word_1_303' title='bbox 1112 2866 1166 2905; x_wconf 84' lang='lat'>23</span> <span class='ocrx_word' id='word_1_304' title='bbox 1200 2876 1302 2907; x_wconf 88' lang='lat' dir='ltr'>cum</span> <span class='ocrx_word' id='word_1_305' title='bbox 1332 2864 1512 2919; x_wconf 81' lang='lat' dir='ltr'>aqminc</span> <span class='ocrx_word' id='word_1_306' title='bbox 1535 2861 1576 2904; x_wconf 90' lang='lat' dir='ltr'><strong>V</strong></span> <span class='ocrx_word' id='word_1_307' title='bbox 1608 2862 1671 2906; x_wconf 86' lang='lat' dir='ltr'>ad</span> <span class='ocrx_word' id='word_1_308' title='bbox 1699 2874 1860 2917; x_wconf 78' lang='lat' dir='ltr'>aymcn</span> <span class='ocrx_word' id='word_1_309' title='bbox 1891 2860 1961 2904; x_wconf 88' lang='lat' dir='ltr'>ed.</span> 
     </span>
     <span class='ocr_line' id='line_1_38' title="bbox 273 2920 1964 3024; baseline -0.002 -59"><span class='ocrx_word' id='word_1_310' title='bbox 273 2922 649 3024; x_wconf 40' lang='lat' dir='ltr'>{giesopxgsoinantis</span> <span class='ocrx_word' id='word_1_311' title='bbox 680 2920 721 2964; x_wconf 94' lang='lat' dir='ltr'><strong>V</strong></span> <span class='ocrx_word' id='word_1_312' title='bbox 759 2922 1047 2977; x_wconf 79' lang='lat' dir='ltr'>inopinantis</span> <span class='ocrx_word' id='word_1_313' title='bbox 1085 2921 1155 2965; x_wconf 88' lang='lat' dir='ltr'>ed.</span> <span class='ocrx_word' id='word_1_314' title='bbox 1302 2925 1358 2964; x_wconf 83' lang='lat'>28</span> <span class='ocrx_word' id='word_1_315' title='bbox 1403 2922 1491 2965; x_wconf 81' lang='lat' dir='ltr'>huc</span> <span class='ocrx_word' id='word_1_316' title='bbox 1536 2922 1653 2965; x_wconf 87' lang='lat' dir='ltr'>acics</span> <span class='ocrx_word' id='word_1_317' title='bbox 1699 2925 1832 2976; x_wconf 90' lang='lat' dir='ltr'>atque</span> <span class='ocrx_word' id='word_1_318' title='bbox 1876 2920 1964 2963; x_wconf 86' lang='lat' dir='ltr'>huc</span> 
     </span>
    </p>
   </div>
   <div class='ocr_carea' id='block_1_10' title="bbox 1996 991 2038 1022">
    <p class='ocr_par' dir='ltr' id='par_1_11' title="bbox 1996 991 2038 1022">
     <span class='ocr_line' id='line_1_39' title="bbox 1996 991 2038 1022; baseline 0 0"><span class='ocrx_word' id='word_1_319' title='bbox 1996 991 2038 1022; x_wconf 88' lang='grc'>10</span> 
     </span>
    </p>
   </div>
   <div class='ocr_carea' id='block_1_11' title="bbox 1997 1360 2038 1393">
    <p class='ocr_par' dir='ltr' id='par_1_12' title="bbox 1997 1360 2038 1393">
     <span class='ocr_line' id='line_1_40' title="bbox 1997 1360 2038 1393; baseline 0 0"><span class='ocrx_word' id='word_1_320' title='bbox 1997 1360 2038 1393; x_wconf 82' lang='lat'>15</span> 
     </span>
    </p>
   </div>
   <div class='ocr_carea' id='block_1_12' title="bbox 1995 1731 2039 1764">
    <p class='ocr_par' dir='ltr' id='par_1_13' title="bbox 1995 1731 2039 1764">
     <span class='ocr_line' id='line_1_41' title="bbox 1995 1731 2039 1764; baseline 0.023 -1"><span class='ocrx_word' id='word_1_321' title='bbox 1995 1731 2039 1764; x_wconf 77' lang='lat'>20</span> 
     </span>
    </p>
   </div>
   <div class='ocr_carea' id='block_1_13' title="bbox 1996 2099 2038 2132">
    <p class='ocr_par' dir='ltr' id='par_1_14' title="bbox 1996 2099 2038 2132">
     <span class='ocr_line' id='line_1_42' title="bbox 1996 2099 2038 2132; baseline 0 0"><span class='ocrx_word' id='word_1_322' title='bbox 1996 2099 2038 2132; x_wconf 76' lang='lat'>25</span> 
     </span>
    </p>
   </div>
   <div class='ocr_carea' id='block_1_14' title="bbox 1996 2467 2039 2500">
    <p class='ocr_par' dir='ltr' id='par_1_15' title="bbox 1996 2467 2039 2500">
     <span class='ocr_line' id='line_1_43' title="bbox 1996 2467 2039 2500; baseline 0 0"><span class='ocrx_word' id='word_1_323' title='bbox 1996 2467 2039 2500; x_wconf 77' lang='lat'>30</span> 
     </span>
    </p>
   </div>
  </div>
 </body>
</html>
