<?xml version="1.0" encoding="UTF-8"?>
<!DOCTYPE html PUBLIC "-//W3C//DTD XHTML 1.0 Transitional//EN"
    "http://www.w3.org/TR/xhtml1/DTD/xhtml1-transitional.dtd">
<html xmlns="http://www.w3.org/1999/xhtml" xml:lang="en" lang="en">
 <head>
  <title>
</title>
<meta http-equiv="Content-Type" content="text/html;charset=utf-8" />
  <meta name='ocr-system' content='tesseract 3.04.00' />
  <meta name='ocr-capabilities' content='ocr_page ocr_carea ocr_par ocr_line ocrx_word'/>
</head>
<body>
  <div class='ocr_page' id='page_1' title='image "./interpretationes02donauoft_0495.png"; bbox 0 0 2050 3226; ppageno 0'>
   <div class='ocr_carea' id='block_1_1' title="bbox 101 973 144 1006">
    <p class='ocr_par' dir='ltr' id='par_1_1' title="bbox 101 973 144 1006">
     <span class='ocr_line' id='line_1_1' title="bbox 101 973 144 1006; baseline 0 0"><span class='ocrx_word' id='word_1_1' title='bbox 101 973 144 1006; x_wconf 87' lang='lat'>10</span> 
     </span>
    </p>
   </div>
   <div class='ocr_carea' id='block_1_2' title="bbox 102 1343 143 1376">
    <p class='ocr_par' dir='ltr' id='par_1_2' title="bbox 102 1343 143 1376">
     <span class='ocr_line' id='line_1_2' title="bbox 102 1343 143 1376; baseline 0 0"><span class='ocrx_word' id='word_1_2' title='bbox 102 1343 143 1376; x_wconf 80' lang='lat'>15</span> 
     </span>
    </p>
   </div>
   <div class='ocr_carea' id='block_1_3' title="bbox 102 1714 146 1746">
    <p class='ocr_par' dir='ltr' id='par_1_3' title="bbox 102 1714 146 1746">
     <span class='ocr_line' id='line_1_3' title="bbox 102 1714 146 1746; baseline 0 0"><span class='ocrx_word' id='word_1_3' title='bbox 102 1714 146 1746; x_wconf 78' lang='lat'>20</span> 
     </span>
    </p>
   </div>
   <div class='ocr_carea' id='block_1_4' title="bbox 105 2083 147 2116">
    <p class='ocr_par' dir='ltr' id='par_1_4' title="bbox 105 2083 147 2116">
     <span class='ocr_line' id='line_1_4' title="bbox 105 2083 147 2116; baseline 0 0"><span class='ocrx_word' id='word_1_4' title='bbox 105 2083 147 2116; x_wconf 78' lang='lat'>25</span> 
     </span>
    </p>
   </div>
   <div class='ocr_carea' id='block_1_5' title="bbox 820 147 1865 205">
    <p class='ocr_par' dir='ltr' id='par_1_5' title="bbox 820 147 1865 205">
     <span class='ocr_line' id='line_1_5' title="bbox 820 147 1865 205; baseline 0.011 -11"><span class='ocrx_word' id='word_1_5' title='bbox 820 147 1125 194; x_wconf 79' lang='lat' dir='ltr'>AENELDOS</span> <span class='ocrx_word' id='word_1_6' title='bbox 1157 147 1220 193; x_wconf 91' lang='lat' dir='ltr'>XI</span> <span class='ocrx_word' id='word_1_7' title='bbox 1760 151 1865 205; x_wconf 89' lang='lat'>491</span> 
     </span>
    </p>
   </div>
   <div class='ocr_carea' id='block_1_6' title="bbox 173 288 1878 1689">
    <p class='ocr_par' dir='ltr' id='par_1_6' title="bbox 173 288 1878 1689">
     <span class='ocr_line' id='line_1_6' title="bbox 174 288 1871 353; baseline 0.001 -17"><span class='ocrx_word' id='word_1_8' title='bbox 174 293 278 337; x_wconf 81' lang='lat' dir='ltr'>tare</span> <span class='ocrx_word' id='word_1_9' title='bbox 310 288 534 350; x_wconf 76' lang='lat' dir='ltr'>pericula</span> <span class='ocrx_word' id='word_1_10' title='bbox 573 289 707 337; x_wconf 84' lang='lat' dir='ltr'>belli:</span> <span class='ocrx_word' id='word_1_11' title='bbox 745 291 979 353; x_wconf 87' lang='lat' dir='ltr'>permitte</span> <span class='ocrx_word' id='word_1_12' title='bbox 1015 291 1074 338; x_wconf 92' lang='lat' dir='ltr'>ut</span> <span class='ocrx_word' id='word_1_13' title='bbox 1111 304 1203 353; x_wconf 88' lang='lat' dir='ltr'>ego</span> <span class='ocrx_word' id='word_1_14' title='bbox 1235 289 1423 352; x_wconf 91' lang='lat' dir='ltr'>primas</span> <span class='ocrx_word' id='word_1_15' title='bbox 1453 288 1572 338; x_wconf 92' lang='lat' dir='ltr'>belli</span> <span class='ocrx_word' id='word_1_16' title='bbox 1601 291 1759 352; x_wconf 89' lang='lat' dir='ltr'>partis</span> <span class='ocrx_word' id='word_1_17' title='bbox 1792 306 1871 338; x_wconf 84' lang='lat' dir='ltr'>ex·</span> 
     </span>
     <span class='ocr_line' id='line_1_7' title="bbox 175 363 1873 426; baseline 0.001 -15"><span class='ocrx_word' id='word_1_18' title='bbox 175 364 370 426; x_wconf 88' lang='lat' dir='ltr'>cipiam.</span> <span class='ocrx_word' id='word_1_19' title='bbox 432 366 486 411; x_wconf 79' lang='lat' dir='ltr'>tu</span> <span class='ocrx_word' id='word_1_20' title='bbox 515 363 666 423; x_wconf 79' lang='lat' dir='ltr'>pedes</span> <span class='ocrx_word' id='word_1_21' title='bbox 705 364 771 411; x_wconf 86' lang='lat' dir='ltr'>ad</span> <span class='ocrx_word' id='word_1_22' title='bbox 814 378 981 412; x_wconf 80' lang='lat' dir='ltr'>muros</span> <span class='ocrx_word' id='word_1_23' title='bbox 1025 364 1232 412; x_wconf 79' lang='lat' dir='ltr'><strong><em>subsiste</em></strong></span> <span class='ocrx_word' id='word_1_24' title='bbox 1273 366 1317 411; x_wconf 88' lang='lat' dir='ltr'>et</span> <span class='ocrx_word' id='word_1_25' title='bbox 1351 363 1545 412; x_wconf 82' lang='lat' dir='ltr'>moenia</span> <span class='ocrx_word' id='word_1_26' title='bbox 1581 378 1748 412; x_wconf 80' lang='lat' dir='ltr'>serva:</span> <span class='ocrx_word' id='word_1_27' title='bbox 1791 365 1873 413; x_wconf 91' lang='lat' dir='ltr'>vel</span> 
     </span>
     <span class='ocr_line' id='line_1_8' title="bbox 175 436 1871 500; baseline 0.001 -15"><span class='ocrx_word' id='word_1_28' title='bbox 175 437 294 500; x_wconf 84' lang='lat' dir='ltr'>quia</span> <span class='ocrx_word' id='word_1_29' title='bbox 331 452 447 500; x_wconf 91' lang='lat' dir='ltr'>pars</span> <span class='ocrx_word' id='word_1_30' title='bbox 487 439 563 486; x_wconf 89' lang='lat' dir='ltr'>est</span> <span class='ocrx_word' id='word_1_31' title='bbox 594 437 856 500; x_wconf 92' lang='lat' dir='ltr'>aliquanta</span> <span class='ocrx_word' id='word_1_32' title='bbox 886 438 1127 487; x_wconf 87' lang='lat' dir='ltr'>victoriae</span> <span class='ocrx_word' id='word_1_33' title='bbox 1160 436 1214 485; x_wconf 90' lang='lat' dir='ltr'>in</span> <span class='ocrx_word' id='word_1_34' title='bbox 1245 437 1620 487; x_wconf 73' lang='lat' dir='ltr'>conservatione</span> <span class='ocrx_word' id='word_1_35' title='bbox 1654 437 1871 486; x_wconf 89' lang='lat' dir='ltr'>civitatis</span> 
     </span>
     <span class='ocr_line' id='line_1_9' title="bbox 174 511 1871 575; baseline -0.001 -15"><span class='ocrx_word' id='word_1_36' title='bbox 174 512 254 560; x_wconf 92' lang='lat' dir='ltr'>vel</span> <span class='ocrx_word' id='word_1_37' title='bbox 286 511 405 575; x_wconf 91' lang='lat' dir='ltr'>quia</span> <span class='ocrx_word' id='word_1_38' title='bbox 434 512 570 559; x_wconf 90' lang='lat' dir='ltr'>intra</span> <span class='ocrx_word' id='word_1_39' title='bbox 599 512 763 574; x_wconf 86' lang='lat' dir='ltr'>ipsam</span> <span class='ocrx_word' id='word_1_40' title='bbox 794 511 1005 561; x_wconf 88' lang='lat' dir='ltr'>Lavinia</span> <span class='ocrx_word' id='word_1_41' title='bbox 1036 514 1086 559; x_wconf 93' lang='lat' dir='ltr'>et</span> <span class='ocrx_word' id='word_1_42' title='bbox 1117 513 1272 561; x_wconf 90' lang='lat' dir='ltr'>soceri</span> <span class='ocrx_word' id='word_1_43' title='bbox 1303 512 1527 573; x_wconf 86' lang='lat' dir='ltr'>fuerunt,</span> <span class='ocrx_word' id='word_1_44' title='bbox 1559 511 1730 560; x_wconf 90' lang='lat' dir='ltr'>debuit</span> <span class='ocrx_word' id='word_1_45' title='bbox 1760 511 1871 559; x_wconf 93' lang='lat' dir='ltr'>dili-</span> 
     </span>
     <span class='ocr_line' id='line_1_10' title="bbox 174 585 1871 650; baseline -0.001 -16"><span class='ocrx_word' id='word_1_46' title='bbox 174 586 371 649; x_wconf 88' lang='lat' dir='ltr'>gentius</span> <span class='ocrx_word' id='word_1_47' title='bbox 404 587 456 634; x_wconf 93' lang='lat' dir='ltr'>et</span> <span class='ocrx_word' id='word_1_48' title='bbox 485 586 682 634; x_wconf 90' lang='lat' dir='ltr'>cautius</span> <span class='ocrx_word' id='word_1_49' title='bbox 715 586 975 636; x_wconf 88' lang='lat' dir='ltr'>defensari.</span> <span class='ocrx_word' id='word_1_50' title='bbox 1029 587 1131 635; x_wconf 89' lang='lat' dir='ltr'>fuit</span> <span class='ocrx_word' id='word_1_51' title='bbox 1158 585 1316 650; x_wconf 85' lang='lat' dir='ltr'>igitur</span> <span class='ocrx_word' id='word_1_52' title='bbox 1340 602 1580 650; x_wconf 88' lang='lat' dir='ltr'>magnum</span> <span class='ocrx_word' id='word_1_53' title='bbox 1611 585 1871 635; x_wconf 89' lang='lat' dir='ltr'>consilium</span> 
     </span>
     <span class='ocr_line' id='line_1_11' title="bbox 173 659 1872 724; baseline 0 -17"><span class='ocrx_word' id='word_1_54' title='bbox 173 659 387 708; x_wconf 87' lang='lat' dir='ltr'>feminae</span> <span class='ocrx_word' id='word_1_55' title='bbox 430 661 490 707; x_wconf 90' lang='lat' dir='ltr'>ut</span> <span class='ocrx_word' id='word_1_56' title='bbox 535 662 789 723; x_wconf 87' lang='lat' dir='ltr'>separaret</span> <span class='ocrx_word' id='word_1_57' title='bbox 831 661 944 724; x_wconf 88' lang='lat' dir='ltr'>ipsa</span> <span class='ocrx_word' id='word_1_58' title='bbox 989 660 1293 724; x_wconf 83' lang='lat' dir='ltr'>Tyrrhenos;</span> <span class='ocrx_word' id='word_1_59' title='bbox 1347 660 1498 710; x_wconf 83' lang='lat' dir='ltr'><strong><em>Troes</em></strong></span> <span class='ocrx_word' id='word_1_60' title='bbox 1545 676 1657 709; x_wconf 91' lang='lat' dir='ltr'>cum</span> <span class='ocrx_word' id='word_1_61' title='bbox 1702 659 1872 708; x_wconf 83' lang='lat' dir='ltr'><strong>Aenea</strong></span> 
     </span>
     <span class='ocr_line' id='line_1_12' title="bbox 175 733 1872 796; baseline 0.001 -15"><span class='ocrx_word' id='word_1_62' title='bbox 175 736 327 796; x_wconf 91' lang='lat' dir='ltr'>atque</span> <span class='ocrx_word' id='word_1_63' title='bbox 366 733 585 782; x_wconf 84' lang='lat' dir='ltr'>Arcades</span> <span class='ocrx_word' id='word_1_64' title='bbox 633 737 827 796; x_wconf 84' lang='lat' dir='ltr'>contra,</span> <span class='ocrx_word' id='word_1_65' title='bbox 878 733 921 784; x_wconf 92' lang='lat' dir='ltr'>si</span> <span class='ocrx_word' id='word_1_66' title='bbox 964 734 1028 783; x_wconf 92' lang='lat' dir='ltr'>ad</span> <span class='ocrx_word' id='word_1_67' title='bbox 1074 750 1242 783; x_wconf 89' lang='lat' dir='ltr'>muros</span> <span class='ocrx_word' id='word_1_68' title='bbox 1290 734 1599 796; x_wconf 87' lang='lat' dir='ltr'>accederent,</span> <span class='ocrx_word' id='word_1_69' title='bbox 1649 734 1872 782; x_wconf 86' lang='lat' dir='ltr'>Turnum</span> 
     </span>
     <span class='ocr_line' id='line_1_13' title="bbox 173 807 1875 871; baseline 0.001 -16"><span class='ocrx_word' id='word_1_70' title='bbox 173 807 457 856; x_wconf 75' lang='lat' dir='ltr'>invenirent</span> <span class='ocrx_word' id='word_1_71' title='bbox 500 811 826 871; x_wconf 78' lang='lat' dir='ltr'>praesentem.</span> <span class='ocrx_word' id='word_1_72' title='bbox 904 809 1105 857; x_wconf 78' lang='lat' dir='ltr'>Turnus</span> <span class='ocrx_word' id='word_1_73' title='bbox 1151 809 1218 857; x_wconf 83' lang='lat' dir='ltr'>ad</span> <span class='ocrx_word' id='word_1_74' title='bbox 1262 809 1380 858; x_wconf 77' lang='lat' dir='ltr'>haec</span> <span class='ocrx_word' id='word_1_75' title='bbox 1423 809 1585 858; x_wconf 78' lang='lat' dir='ltr'>oculos</span> <span class='ocrx_word' id='word_1_76' title='bbox 1629 809 1875 856; x_wconf 81' lang='lat' dir='ltr'>horrenda</span> 
     </span>
     <span class='ocr_line' id='line_1_14' title="bbox 173 881 1875 946; baseline 0.001 -17"><span class='ocrx_word' id='word_1_77' title='bbox 173 883 228 929; x_wconf 91' lang='lat' dir='ltr'>in</span> <span class='ocrx_word' id='word_1_78' title='bbox 257 881 446 943; x_wconf 73' lang='lat' dir='ltr'>viryine</span> <span class='ocrx_word' id='word_1_79' title='bbox 467 884 624 942; x_wconf 69' lang='lat' dir='ltr'>fixus:</span> <span class='ocrx_word' id='word_1_80' title='bbox 653 883 950 932; x_wconf 86' lang='lat' dir='ltr'>horrendam</span> <span class='ocrx_word' id='word_1_81' title='bbox 975 883 1101 932; x_wconf 84' lang='lat' dir='ltr'>dixit</span> <span class='ocrx_word' id='word_1_82' title='bbox 1123 898 1254 946; x_wconf 88' lang='lat' dir='ltr'>quae</span> <span class='ocrx_word' id='word_1_83' title='bbox 1285 883 1391 932; x_wconf 87' lang='lat' dir='ltr'>sine</span> <span class='ocrx_word' id='word_1_84' title='bbox 1413 882 1692 933; x_wconf 87' lang='lat' dir='ltr'>reverentia</span> <span class='ocrx_word' id='word_1_85' title='bbox 1714 882 1875 932; x_wconf 91' lang='lat' dir='ltr'>videri</span> 
     </span>
     <span class='ocr_line' id='line_1_15' title="bbox 175 956 1874 1021; baseline 0 -17"><span class='ocrx_word' id='word_1_86' title='bbox 175 971 274 1004; x_wconf 93' lang='lat' dir='ltr'>non</span> <span class='ocrx_word' id='word_1_87' title='bbox 311 958 493 1019; x_wconf 92' lang='lat' dir='ltr'>posset.</span> <span class='ocrx_word' id='word_1_88' title='bbox 558 972 690 1019; x_wconf 90' lang='lat' dir='ltr'>cum,</span> <span class='ocrx_word' id='word_1_89' title='bbox 728 957 918 1021; x_wconf 88' lang='lat' dir='ltr'>inquit,</span> <span class='ocrx_word' id='word_1_90' title='bbox 957 957 1076 1006; x_wconf 88' lang='lat' dir='ltr'>talis</span> <span class='ocrx_word' id='word_1_91' title='bbox 1116 959 1308 1006; x_wconf 90' lang='lat' dir='ltr'>animos</span> <span class='ocrx_word' id='word_1_92' title='bbox 1342 958 1539 1006; x_wconf 88' lang='lat' dir='ltr'>Turnus</span> <span class='ocrx_word' id='word_1_93' title='bbox 1577 957 1784 1006; x_wconf 89' lang='lat' dir='ltr'>vidisset</span> <span class='ocrx_word' id='word_1_94' title='bbox 1820 956 1874 1004; x_wconf 87' lang='lat' dir='ltr'>in</span> 
     </span>
     <span class='ocr_line' id='line_1_16' title="bbox 174 1030 1874 1094; baseline 0 -15"><span class='ocrx_word' id='word_1_95' title='bbox 174 1030 388 1094; x_wconf 89' lang='lat' dir='ltr'>virgine,</span> <span class='ocrx_word' id='word_1_96' title='bbox 428 1032 570 1079; x_wconf 89' lang='lat' dir='ltr'>stetit</span> <span class='ocrx_word' id='word_1_97' title='bbox 608 1031 762 1080; x_wconf 85' lang='lat' dir='ltr'>oculis</span> <span class='ocrx_word' id='word_1_98' title='bbox 793 1031 926 1094; x_wconf 84' lang='lat' dir='ltr'>fixis;</span> <span class='ocrx_word' id='word_1_99' title='bbox 964 1031 1195 1094; x_wconf 76' lang='lat' dir='ltr'>placebat</span> <span class='ocrx_word' id='word_1_100' title='bbox 1233 1032 1365 1080; x_wconf 88' lang='lat' dir='ltr'>enim</span> <span class='ocrx_word' id='word_1_101' title='bbox 1399 1048 1499 1081; x_wconf 93' lang='lat' dir='ltr'>non</span> <span class='ocrx_word' id='word_1_102' title='bbox 1529 1033 1728 1080; x_wconf 90' lang='lat' dir='ltr'>tantum</span> <span class='ocrx_word' id='word_1_103' title='bbox 1760 1047 1874 1080; x_wconf 89' lang='lat' dir='ltr'>con·</span> 
     </span>
     <span class='ocr_line' id='line_1_17' title="bbox 175 1104 1874 1170; baseline 0.001 -18"><span class='ocrx_word' id='word_1_104' title='bbox 175 1104 346 1153; x_wconf 89' lang='lat' dir='ltr'>silium</span> <span class='ocrx_word' id='word_1_105' title='bbox 384 1106 488 1154; x_wconf 91' lang='lat' dir='ltr'>eius</span> <span class='ocrx_word' id='word_1_106' title='bbox 527 1122 700 1154; x_wconf 90' lang='lat' dir='ltr'>verum</span> <span class='ocrx_word' id='word_1_107' title='bbox 731 1106 884 1154; x_wconf 89' lang='lat' dir='ltr'>etiam</span> <span class='ocrx_word' id='word_1_108' title='bbox 913 1105 1108 1170; x_wconf 87' lang='lat' dir='ltr'>insigne</span> <span class='ocrx_word' id='word_1_109' title='bbox 1140 1106 1462 1154; x_wconf 84' lang='lat' dir='ltr'>constantiae.</span> <span class='ocrx_word' id='word_1_110' title='bbox 1517 1105 1582 1154; x_wconf 92' lang='lat' dir='ltr'>ad</span> <span class='ocrx_word' id='word_1_111' title='bbox 1604 1107 1728 1154; x_wconf 90' lang='lat' dir='ltr'>haec</span> <span class='ocrx_word' id='word_1_112' title='bbox 1758 1120 1874 1170; x_wconf 89' lang='lat' dir='ltr'>ergo</span> 
     </span>
     <span class='ocr_line' id='line_1_18' title="bbox 177 1179 1877 1243; baseline 0.001 -16"><span class='ocrx_word' id='word_1_113' title='bbox 177 1195 305 1241; x_wconf 90' lang='lat' dir='ltr'>quae</span> <span class='ocrx_word' id='word_1_114' title='bbox 342 1179 434 1228; x_wconf 88' lang='lat' dir='ltr'>illa</span> <span class='ocrx_word' id='word_1_115' title='bbox 481 1179 674 1228; x_wconf 84' lang='lat' dir='ltr'>dixerat</span> <span class='ocrx_word' id='word_1_116' title='bbox 711 1180 782 1229; x_wconf 89' lang='lat' dir='ltr'>sic</span> <span class='ocrx_word' id='word_1_117' title='bbox 811 1180 918 1243; x_wconf 89' lang='lat' dir='ltr'>ipse</span> <span class='ocrx_word' id='word_1_118' title='bbox 957 1179 1179 1229; x_wconf 77' lang='lat' dir='ltr'>instituit</span> <span class='ocrx_word' id='word_1_119' title='bbox 1216 1181 1369 1243; x_wconf 92' lang='lat' dir='ltr'>loqui.</span> <span class='ocrx_word' id='word_1_120' title='bbox 1447 1195 1473 1228; x_wconf 94' lang='lat' dir='ltr'>o</span> <span class='ocrx_word' id='word_1_121' title='bbox 1513 1180 1657 1228; x_wconf 76' lang='lat' dir='ltr'>decas</span> <span class='ocrx_word' id='word_1_122' title='bbox 1694 1180 1877 1228; x_wconf 84' lang='lat' dir='ltr'>Italiae</span> 
     </span>
     <span class='ocr_line' id='line_1_19' title="bbox 174 1253 1875 1316; baseline 0.001 -16"><span class='ocrx_word' id='word_1_123' title='bbox 174 1254 331 1314; x_wconf 74' lang='lat' dir='ltr'>viryo,</span> <span class='ocrx_word' id='word_1_124' title='bbox 365 1268 489 1313; x_wconf 79' lang='lat' dir='ltr'>quas</span> <span class='ocrx_word' id='word_1_125' title='bbox 526 1254 683 1302; x_wconf 80' lang='lat' dir='ltr'>dicere</span> <span class='ocrx_word' id='word_1_126' title='bbox 716 1258 880 1316; x_wconf 74' lang='lat' dir='ltr'>yrates</span> <span class='ocrx_word' id='word_1_127' title='bbox 911 1268 1090 1315; x_wconf 74' lang='lat' dir='ltr'>quasve</span> <span class='ocrx_word' id='word_1_128' title='bbox 1126 1256 1309 1315; x_wconf 83' lang='lat' dir='ltr'>referre</span> <span class='ocrx_word' id='word_1_129' title='bbox 1335 1255 1541 1315; x_wconf 75' lang='lat' dir='ltr'>parem?</span> <span class='ocrx_word' id='word_1_130' title='bbox 1584 1270 1692 1303; x_wconf 88' lang='lat' dir='ltr'>ecce</span> <span class='ocrx_word' id='word_1_131' title='bbox 1724 1253 1875 1303; x_wconf 87' lang='lat' dir='ltr'>dictio</span> 
     </span>
     <span class='ocr_line' id='line_1_20' title="bbox 175 1327 1875 1390; baseline 0.001 -15"><span class='ocrx_word' id='word_1_132' title='bbox 175 1328 374 1390; x_wconf 89' lang='lat' dir='ltr'>prolata</span> <span class='ocrx_word' id='word_1_133' title='bbox 420 1328 473 1376; x_wconf 91' lang='lat' dir='ltr'>in</span> <span class='ocrx_word' id='word_1_134' title='bbox 518 1327 812 1377; x_wconf 88' lang='lat' dir='ltr'>necessitate</span> <span class='ocrx_word' id='word_1_135' title='bbox 858 1327 1000 1376; x_wconf 90' lang='lat' dir='ltr'>belli:</span> <span class='ocrx_word' id='word_1_136' title='bbox 1049 1345 1150 1378; x_wconf 91' lang='lat' dir='ltr'>uno</span> <span class='ocrx_word' id='word_1_137' title='bbox 1202 1329 1335 1377; x_wconf 91' lang='lat' dir='ltr'>enim</span> <span class='ocrx_word' id='word_1_138' title='bbox 1380 1344 1529 1378; x_wconf 87' lang='lat' dir='ltr'>versu</span> <span class='ocrx_word' id='word_1_139' title='bbox 1574 1331 1625 1377; x_wconf 90' lang='lat' dir='ltr'>et</span> <span class='ocrx_word' id='word_1_140' title='bbox 1669 1327 1875 1376; x_wconf 86' lang='lat' dir='ltr'>dimidio</span> 
     </span>
     <span class='ocr_line' id='line_1_21' title="bbox 175 1401 1878 1467; baseline 0.001 -18"><span class='ocrx_word' id='word_1_141' title='bbox 175 1401 376 1450; x_wconf 92' lang='lat' dir='ltr'>laudem</span> <span class='ocrx_word' id='word_1_142' title='bbox 412 1404 706 1465; x_wconf 88' lang='lat' dir='ltr'>prosecutus</span> <span class='ocrx_word' id='word_1_143' title='bbox 746 1405 823 1452; x_wconf 87' lang='lat' dir='ltr'>est</span> <span class='ocrx_word' id='word_1_144' title='bbox 859 1402 1069 1467; x_wconf 87' lang='lat' dir='ltr'>virginis</span> <span class='ocrx_word' id='word_1_145' title='bbox 1112 1402 1342 1452; x_wconf 87' lang='lat' dir='ltr'>adserens</span> <span class='ocrx_word' id='word_1_146' title='bbox 1381 1419 1491 1452; x_wconf 90' lang='lat' dir='ltr'>eam</span> <span class='ocrx_word' id='word_1_147' title='bbox 1530 1405 1878 1451; x_wconf 86' lang='lat' dir='ltr'>ornamentum</span> 
     </span>
     <span class='ocr_line' id='line_1_22' title="bbox 177 1476 1875 1541; baseline 0.001 -17"><span class='ocrx_word' id='word_1_148' title='bbox 177 1491 282 1524; x_wconf 91' lang='lat' dir='ltr'>esse</span> <span class='ocrx_word' id='word_1_149' title='bbox 319 1477 476 1525; x_wconf 89' lang='lat' dir='ltr'>totius</span> <span class='ocrx_word' id='word_1_150' title='bbox 514 1476 694 1525; x_wconf 88' lang='lat' dir='ltr'>Italiae</span> <span class='ocrx_word' id='word_1_151' title='bbox 738 1479 789 1526; x_wconf 90' lang='lat' dir='ltr'>et</span> <span class='ocrx_word' id='word_1_152' title='bbox 833 1477 1022 1541; x_wconf 82' lang='lat' dir='ltr'>gratias</span> <span class='ocrx_word' id='word_1_153' title='bbox 1067 1477 1120 1525; x_wconf 92' lang='lat' dir='ltr'>in</span> <span class='ocrx_word' id='word_1_154' title='bbox 1167 1478 1419 1540; x_wconf 89' lang='lat' dir='ltr'>praesenti</span> <span class='ocrx_word' id='word_1_155' title='bbox 1457 1478 1567 1541; x_wconf 87' lang='lat' dir='ltr'>agit</span> <span class='ocrx_word' id='word_1_156' title='bbox 1605 1479 1756 1540; x_wconf 89' lang='lat' dir='ltr'>atque</span> <span class='ocrx_word' id='word_1_157' title='bbox 1796 1493 1875 1526; x_wconf 92' lang='lat' dir='ltr'>ac-</span> 
     </span>
     <span class='ocr_line' id='line_1_23' title="bbox 174 1551 1875 1616; baseline 0.001 -18"><span class='ocrx_word' id='word_1_158' title='bbox 174 1552 348 1598; x_wconf 90' lang='lat' dir='ltr'>turum</span> <span class='ocrx_word' id='word_1_159' title='bbox 394 1566 498 1600; x_wconf 88' lang='lat' dir='ltr'>sese</span> <span class='ocrx_word' id='word_1_160' title='bbox 546 1551 758 1614; x_wconf 89' lang='lat' dir='ltr'>spondet</span> <span class='ocrx_word' id='word_1_161' title='bbox 802 1553 854 1600; x_wconf 90' lang='lat' dir='ltr'>et</span> <span class='ocrx_word' id='word_1_162' title='bbox 897 1553 952 1599; x_wconf 91' lang='lat' dir='ltr'>in</span> <span class='ocrx_word' id='word_1_163' title='bbox 997 1552 1325 1616; x_wconf 88' lang='lat' dir='ltr'>generalitate</span> <span class='ocrx_word' id='word_1_164' title='bbox 1371 1551 1512 1601; x_wconf 90' lang='lat' dir='ltr'>brevi</span> <span class='ocrx_word' id='word_1_165' title='bbox 1553 1553 1716 1600; x_wconf 88' lang='lat' dir='ltr'>totum</span> <span class='ocrx_word' id='word_1_166' title='bbox 1763 1566 1875 1600; x_wconf 91' lang='lat' dir='ltr'>con-</span> 
     </span>
     <span class='ocr_line' id='line_1_24' title="bbox 175 1624 1875 1689; baseline 0.001 -18"><span class='ocrx_word' id='word_1_167' title='bbox 175 1624 349 1687; x_wconf 83' lang='lat' dir='ltr'>plexus</span> <span class='ocrx_word' id='word_1_168' title='bbox 395 1627 472 1674; x_wconf 88' lang='lat' dir='ltr'>est</span> <span class='ocrx_word' id='word_1_169' title='bbox 518 1625 758 1689; x_wconf 86' lang='lat' dir='ltr'>quicquid</span> <span class='ocrx_word' id='word_1_170' title='bbox 803 1626 986 1675; x_wconf 88' lang='lat' dir='ltr'>sentire</span> <span class='ocrx_word' id='word_1_171' title='bbox 1036 1626 1320 1675; x_wconf 87' lang='lat' dir='ltr'>aestimatio</span> <span class='ocrx_word' id='word_1_172' title='bbox 1370 1627 1540 1688; x_wconf 91' lang='lat' dir='ltr'>posset</span> <span class='ocrx_word' id='word_1_173' title='bbox 1588 1627 1677 1674; x_wconf 91' lang='lat' dir='ltr'>aut</span> <span class='ocrx_word' id='word_1_174' title='bbox 1719 1624 1875 1688; x_wconf 90' lang='lat' dir='ltr'>loqui.</span> 
     </span>
    </p>
   </div>
   <div class='ocr_carea' id='block_1_7' title="bbox 176 1699 1979 1761">
    <p class='ocr_par' dir='ltr' id='par_1_7' title="bbox 176 1699 1979 1761">
     <span class='ocr_line' id='line_1_25' title="bbox 176 1699 1979 1761; baseline -0.001 -15"><span class='ocrx_word' id='word_1_175' title='bbox 176 1699 262 1747; x_wconf 82' lang='lat' dir='ltr'>sed</span> <span class='ocrx_word' id='word_1_176' title='bbox 289 1714 435 1756; x_wconf 81' lang='lat' dir='ltr'>nnnc,</span> <span class='ocrx_word' id='word_1_177' title='bbox 469 1702 538 1748; x_wconf 86' lang='lat' dir='ltr'>est</span> <span class='ocrx_word' id='word_1_178' title='bbox 566 1701 731 1749; x_wconf 85' lang='lat' dir='ltr'>omnia</span> <span class='ocrx_word' id='word_1_179' title='bbox 763 1701 958 1761; x_wconf 78' lang='lat' dir='ltr'>qnando</span> <span class='ocrx_word' id='word_1_180' title='bbox 987 1701 1077 1748; x_wconf 91' lang='lat' dir='ltr'>iste</span> <span class='ocrx_word' id='word_1_181' title='bbox 1104 1701 1301 1748; x_wconf 80' lang='lat' dir='ltr'>animus</span> <span class='ocrx_word' id='word_1_182' title='bbox 1323 1715 1503 1760; x_wconf 76' lang='lat' dir='ltr'>snpra:</span> <span class='ocrx_word' id='word_1_183' title='bbox 1532 1700 1680 1749; x_wconf 90' lang='lat' dir='ltr'>huius</span> <span class='ocrx_word' id='word_1_184' title='bbox 1704 1714 1874 1748; x_wconf 87' lang='lat' dir='ltr'>versus</span> <span class='ocrx_word' id='word_1_185' title='bbox 1893 1705 1979 1745; x_wconf 86' lang='lat'>510</span> 
     </span>
    </p>
   </div>
   <div class='ocr_carea' id='block_1_8' title="bbox 178 1773 1877 2430">
    <p class='ocr_par' dir='ltr' id='par_1_8' title="bbox 178 1773 1877 2430">
     <span class='ocr_line' id='line_1_26' title="bbox 178 1773 1876 1837; baseline 0.001 -16"><span class='ocrx_word' id='word_1_186' title='bbox 178 1773 426 1823; x_wconf 88' lang='lat' dir='ltr'>ordinatio</span> <span class='ocrx_word' id='word_1_187' title='bbox 456 1774 576 1822; x_wconf 84' lang='lat' dir='ltr'>talis</span> <span class='ocrx_word' id='word_1_188' title='bbox 608 1776 705 1824; x_wconf 86' lang='lat' dir='ltr'>est:</span> <span class='ocrx_word' id='word_1_189' title='bbox 744 1774 831 1823; x_wconf 92' lang='lat' dir='ltr'>sed</span> <span class='ocrx_word' id='word_1_190' title='bbox 868 1790 1021 1836; x_wconf 87' lang='lat' dir='ltr'>nunc,</span> <span class='ocrx_word' id='word_1_191' title='bbox 1061 1774 1261 1837; x_wconf 92' lang='lat' dir='ltr'>quando</span> <span class='ocrx_word' id='word_1_192' title='bbox 1293 1790 1442 1836; x_wconf 90' lang='lat' dir='ltr'>super</span> <span class='ocrx_word' id='word_1_193' title='bbox 1476 1775 1644 1822; x_wconf 91' lang='lat' dir='ltr'>omnia</span> <span class='ocrx_word' id='word_1_194' title='bbox 1675 1776 1752 1822; x_wconf 90' lang='lat' dir='ltr'>est</span> <span class='ocrx_word' id='word_1_195' title='bbox 1780 1773 1876 1822; x_wconf 89' lang='lat' dir='ltr'>iste</span> 
     </span>
     <span class='ocr_line' id='line_1_27' title="bbox 179 1847 1876 1911; baseline -0.001 -15"><span class='ocrx_word' id='word_1_196' title='bbox 179 1848 388 1898; x_wconf 81' lang='lat' dir='ltr'>animus,</span> <span class='ocrx_word' id='word_1_197' title='bbox 462 1862 649 1896; x_wconf 77' lang='lat' dir='ltr'>mecum</span> <span class='ocrx_word' id='word_1_198' title='bbox 687 1849 878 1910; x_wconf 78' lang='lat' dir='ltr'>partire</span> <span class='ocrx_word' id='word_1_199' title='bbox 921 1849 1158 1897; x_wconf 86' lang='lat' dir='ltr'>laborem:</span> <span class='ocrx_word' id='word_1_200' title='bbox 1207 1848 1327 1910; x_wconf 89' lang='lat' dir='ltr'>quia</span> <span class='ocrx_word' id='word_1_201' title='bbox 1375 1848 1521 1897; x_wconf 90' lang='lat' dir='ltr'>video</span> <span class='ocrx_word' id='word_1_202' title='bbox 1571 1849 1644 1910; x_wconf 92' lang='lat' dir='ltr'>te,</span> <span class='ocrx_word' id='word_1_203' title='bbox 1692 1847 1876 1911; x_wconf 83' lang='lat' dir='ltr'>inquit,</span> 
     </span>
     <span class='ocr_line' id='line_1_28' title="bbox 178 1921 1876 1986; baseline 0.001 -18"><span class='ocrx_word' id='word_1_204' title='bbox 178 1921 335 1969; x_wconf 87' lang='lat' dir='ltr'>animi</span> <span class='ocrx_word' id='word_1_205' title='bbox 370 1921 558 1971; x_wconf 89' lang='lat' dir='ltr'>virtute</span> <span class='ocrx_word' id='word_1_206' title='bbox 597 1924 766 1971; x_wconf 90' lang='lat' dir='ltr'>omnia</span> <span class='ocrx_word' id='word_1_207' title='bbox 805 1939 1059 1986; x_wconf 82' lang='lat' dir='ltr'>superare,</span> <span class='ocrx_word' id='word_1_208' title='bbox 1108 1923 1224 1971; x_wconf 94' lang='lat' dir='ltr'>nolo</span> <span class='ocrx_word' id='word_1_209' title='bbox 1263 1938 1460 1970; x_wconf 91' lang='lat' dir='ltr'>omnem</span> <span class='ocrx_word' id='word_1_210' title='bbox 1496 1921 1740 1984; x_wconf 87' lang='lat' dir='ltr'>laborem,</span> <span class='ocrx_word' id='word_1_211' title='bbox 1790 1922 1876 1971; x_wconf 87' lang='lat' dir='ltr'>sed</span> 
     </span>
     <span class='ocr_line' id='line_1_29' title="bbox 178 1996 1875 2060; baseline 0.001 -17"><span class='ocrx_word' id='word_1_212' title='bbox 178 1996 283 2044; x_wconf 89' lang='lat' dir='ltr'>eius</span> <span class='ocrx_word' id='word_1_213' title='bbox 323 1997 519 2058; x_wconf 89' lang='lat' dir='ltr'>partem</span> <span class='ocrx_word' id='word_1_214' title='bbox 563 1997 678 2046; x_wconf 90' lang='lat' dir='ltr'>volo</span> <span class='ocrx_word' id='word_1_215' title='bbox 725 1997 991 2060; x_wconf 85' lang='lat' dir='ltr'>suscipias,</span> <span class='ocrx_word' id='word_1_216' title='bbox 1036 1998 1130 2045; x_wconf 88' lang='lat' dir='ltr'>hoc</span> <span class='ocrx_word' id='word_1_217' title='bbox 1176 1996 1287 2044; x_wconf 89' lang='lat' dir='ltr'>ideo</span> <span class='ocrx_word' id='word_1_218' title='bbox 1335 1997 1452 2059; x_wconf 91' lang='lat' dir='ltr'>quia</span> <span class='ocrx_word' id='word_1_219' title='bbox 1498 1997 1763 2046; x_wconf 87' lang='lat' dir='ltr'>audentem</span> <span class='ocrx_word' id='word_1_220' title='bbox 1800 1996 1875 2044; x_wconf 92' lang='lat' dir='ltr'>in·</span> 
     </span>
     <span class='ocr_line' id='line_1_30' title="bbox 179 2069 1877 2135; baseline 0 -17"><span class='ocrx_word' id='word_1_221' title='bbox 179 2070 348 2133; x_wconf 88' lang='lat' dir='ltr'>gentia</span> <span class='ocrx_word' id='word_1_222' title='bbox 385 2085 485 2118; x_wconf 90' lang='lat' dir='ltr'>non</span> <span class='ocrx_word' id='word_1_223' title='bbox 524 2069 696 2119; x_wconf 89' lang='lat' dir='ltr'>debuit</span> <span class='ocrx_word' id='word_1_224' title='bbox 733 2087 937 2120; x_wconf 88' lang='lat' dir='ltr'>onerare</span> <span class='ocrx_word' id='word_1_225' title='bbox 978 2087 1130 2135; x_wconf 91' lang='lat' dir='ltr'>quam</span> <span class='ocrx_word' id='word_1_226' title='bbox 1159 2070 1402 2133; x_wconf 90' lang='lat' dir='ltr'>plurimis.</span> <span class='ocrx_word' id='word_1_227' title='bbox 1459 2071 1570 2120; x_wconf 91' lang='lat' dir='ltr'>laus</span> <span class='ocrx_word' id='word_1_228' title='bbox 1608 2071 1762 2120; x_wconf 89' lang='lat' dir='ltr'>missa</span> <span class='ocrx_word' id='word_1_229' title='bbox 1801 2073 1877 2119; x_wconf 92' lang='lat' dir='ltr'>est</span> 
     </span>
     <span class='ocr_line' id='line_1_31' title="bbox 178 2145 1876 2208; baseline 0 -16"><span class='ocrx_word' id='word_1_230' title='bbox 178 2160 268 2206; x_wconf 92' lang='lat' dir='ltr'>pro</span> <span class='ocrx_word' id='word_1_231' title='bbox 319 2160 531 2206; x_wconf 90' lang='lat' dir='ltr'>persona</span> <span class='ocrx_word' id='word_1_232' title='bbox 578 2147 629 2193; x_wconf 92' lang='lat' dir='ltr'>et</span> <span class='ocrx_word' id='word_1_233' title='bbox 677 2161 818 2194; x_wconf 86' lang='lat' dir='ltr'>sexu:</span> <span class='ocrx_word' id='word_1_234' title='bbox 869 2146 991 2208; x_wconf 91' lang='lat' dir='ltr'>quia</span> <span class='ocrx_word' id='word_1_235' title='bbox 1038 2146 1389 2194; x_wconf 86' lang='lat' dir='ltr'>inconveniens</span> <span class='ocrx_word' id='word_1_236' title='bbox 1438 2145 1538 2194; x_wconf 89' lang='lat' dir='ltr'>fuit</span> <span class='ocrx_word' id='word_1_237' title='bbox 1586 2147 1639 2193; x_wconf 92' lang='lat' dir='ltr'>in</span> <span class='ocrx_word' id='word_1_238' title='bbox 1690 2145 1876 2193; x_wconf 87' lang='lat' dir='ltr'>femina</span> 
     </span>
     <span class='ocr_line' id='line_1_32' title="bbox 179 2218 1874 2281; baseline -0.001 -14"><span class='ocrx_word' id='word_1_239' title='bbox 179 2219 399 2281; x_wconf 90' lang='lat' dir='ltr'>corporis</span> <span class='ocrx_word' id='word_1_240' title='bbox 430 2218 635 2268; x_wconf 90' lang='lat' dir='ltr'>laudare</span> <span class='ocrx_word' id='word_1_241' title='bbox 665 2220 922 2281; x_wconf 84' lang='lat' dir='ltr'>virtutem,</span> <span class='ocrx_word' id='word_1_242' title='bbox 953 2219 1293 2268; x_wconf 87' lang='lat' dir='ltr'>laudationem</span> <span class='ocrx_word' id='word_1_243' title='bbox 1325 2220 1432 2269; x_wconf 91' lang='lat' dir='ltr'>eius</span> <span class='ocrx_word' id='word_1_244' title='bbox 1465 2219 1529 2268; x_wconf 91' lang='lat' dir='ltr'>ad</span> <span class='ocrx_word' id='word_1_245' title='bbox 1561 2218 1716 2268; x_wconf 87' lang='lat' dir='ltr'>animi</span> <span class='ocrx_word' id='word_1_246' title='bbox 1743 2219 1874 2267; x_wconf 89' lang='lat' dir='ltr'>bona</span> 
     </span>
     <span class='ocr_line' id='line_1_33' title="bbox 180 2293 1874 2357; baseline 0 -17"><span class='ocrx_word' id='word_1_247' title='bbox 180 2293 453 2341; x_wconf 89' lang='lat' dir='ltr'>consultius</span> <span class='ocrx_word' id='word_1_248' title='bbox 491 2294 765 2356; x_wconf 87' lang='lat' dir='ltr'>revocavit,</span> <span class='ocrx_word' id='word_1_249' title='bbox 805 2310 904 2357; x_wconf 89' lang='lat' dir='ltr'>quo</span> <span class='ocrx_word' id='word_1_250' title='bbox 944 2294 1166 2342; x_wconf 88' lang='lat' dir='ltr'>virorum</span> <span class='ocrx_word' id='word_1_251' title='bbox 1207 2294 1415 2342; x_wconf 88' lang='lat' dir='ltr'>fortium</span> <span class='ocrx_word' id='word_1_252' title='bbox 1452 2294 1677 2356; x_wconf 85' lang='lat' dir='ltr'>exempla</span> <span class='ocrx_word' id='word_1_253' title='bbox 1713 2295 1874 2341; x_wconf 86' lang='lat' dir='ltr'>trans-</span> 
     </span>
     <span class='ocr_line' id='line_1_34' title="bbox 178 2366 1874 2430; baseline 0 -16"><span class='ocrx_word' id='word_1_254' title='bbox 178 2367 320 2415; x_wconf 90' lang='lat' dir='ltr'>ierat.</span> <span class='ocrx_word' id='word_1_255' title='bbox 397 2366 576 2430; x_wconf 91' lang='lat' dir='ltr'>incipit</span> <span class='ocrx_word' id='word_1_256' title='bbox 623 2368 725 2415; x_wconf 88' lang='lat' dir='ltr'>iam</span> <span class='ocrx_word' id='word_1_257' title='bbox 773 2367 879 2430; x_wconf 92' lang='lat' dir='ltr'>ipse</span> <span class='ocrx_word' id='word_1_258' title='bbox 925 2367 1084 2416; x_wconf 88' lang='lat' dir='ltr'>dicere</span> <span class='ocrx_word' id='word_1_259' title='bbox 1132 2368 1341 2417; x_wconf 89' lang='lat' dir='ltr'>consilia</span> <span class='ocrx_word' id='word_1_260' title='bbox 1386 2383 1480 2416; x_wconf 89' lang='lat' dir='ltr'>sua</span> <span class='ocrx_word' id='word_1_261' title='bbox 1526 2370 1576 2416; x_wconf 93' lang='lat' dir='ltr'>et</span> <span class='ocrx_word' id='word_1_262' title='bbox 1613 2367 1874 2415; x_wconf 88' lang='lat' dir='ltr'>audentem</span> 
     </span>
    </p>
   </div>
   <div class='ocr_carea' id='block_1_9' title="bbox 107 2440 1876 2502">
    <p class='ocr_par' dir='ltr' id='par_1_9' title="bbox 107 2440 1876 2502">
     <span class='ocr_line' id='line_1_35' title="bbox 107 2440 1876 2502; baseline 0.001 -16"><span class='ocrx_word' id='word_1_263' title='bbox 107 2454 150 2486; x_wconf 78' lang='lat' dir='ltr'>so</span> <span class='ocrx_word' id='word_1_264' title='bbox 179 2442 437 2491; x_wconf 89' lang='lat' dir='ltr'>instruere.</span> <span class='ocrx_word' id='word_1_265' title='bbox 512 2440 730 2498; x_wconf 81' lang='lat' dir='ltr'>Aeneas,</span> <span class='ocrx_word' id='word_1_266' title='bbox 776 2446 830 2489; x_wconf 82' lang='lat' dir='ltr'>ut</span> <span class='ocrx_word' id='word_1_267' title='bbox 870 2444 1011 2502; x_wconf 83' lang='lat' dir='ltr'>fama</span> <span class='ocrx_word' id='word_1_268' title='bbox 1047 2442 1195 2501; x_wconf 78' lang='lat' dir='ltr'>fidem</span> <span class='ocrx_word' id='word_1_269' title='bbox 1238 2443 1470 2502; x_wconf 78' lang='lat' dir='ltr'>missique</span> <span class='ocrx_word' id='word_1_270' title='bbox 1513 2444 1762 2501; x_wconf 76' lang='lat' dir='ltr'>reportant</span> <span class='ocrx_word' id='word_1_271' title='bbox 1798 2455 1876 2489; x_wconf 75' lang='lat' dir='ltr'>ex-</span> 
     </span>
    </p>
   </div>
   <div class='ocr_carea' id='block_1_10' title="bbox 175 2514 1875 2577">
    <p class='ocr_par' dir='ltr' id='par_1_10' title="bbox 175 2514 1875 2577">
     <span class='ocr_line' id='line_1_36' title="bbox 175 2514 1875 2577; baseline 0.001 -15"><span class='ocrx_word' id='word_1_272' title='bbox 175 2515 471 2575; x_wconf 76' lang='lat' dir='ltr'>ploratores:</span> <span class='ocrx_word' id='word_1_273' title='bbox 492 2515 579 2563; x_wconf 91' lang='lat' dir='ltr'>ubi</span> <span class='ocrx_word' id='word_1_274' title='bbox 601 2516 730 2564; x_wconf 89' lang='lat' dir='ltr'>hanc</span> <span class='ocrx_word' id='word_1_275' title='bbox 753 2515 881 2564; x_wconf 88' lang='lat' dir='ltr'>vidit</span> <span class='ocrx_word' id='word_1_276' title='bbox 904 2516 1100 2565; x_wconf 87' lang='lat' dir='ltr'>Turnus</span> <span class='ocrx_word' id='word_1_277' title='bbox 1123 2517 1269 2565; x_wconf 85' lang='lat' dir='ltr'>tanta</span> <span class='ocrx_word' id='word_1_278' title='bbox 1294 2516 1447 2565; x_wconf 90' lang='lat' dir='ltr'>animi</span> <span class='ocrx_word' id='word_1_279' title='bbox 1470 2515 1657 2564; x_wconf 87' lang='lat' dir='ltr'>fervere</span> <span class='ocrx_word' id='word_1_280' title='bbox 1674 2514 1875 2577; x_wconf 71' lang='lat' dir='ltr'>virtute,</span> 
     </span>
    </p>
   </div>
   <div class='ocr_carea' id='block_1_11' title="bbox 181 2609 537 2615">
    <p class='ocr_par' dir='ltr' id='par_1_11' title="bbox 181 2609 537 2615">
     <span class='ocr_line' id='line_1_37' title="bbox 181 2609 537 2615; baseline 0 0"><span class='ocrx_word' id='word_1_281' title='bbox 181 2609 537 2615; x_wconf 95' lang='lat' dir='ltr'> </span> 
     </span>
    </p>
   </div>
   <div class='ocr_carea' id='block_1_12' title="bbox 184 2669 1875 3023">
    <p class='ocr_par' dir='ltr' id='par_1_12' title="bbox 184 2669 1875 3023">
     <span class='ocr_line' id='line_1_38' title="bbox 300 2669 1875 2730; baseline -0.001 -14"><span class='ocrx_word' id='word_1_282' title='bbox 300 2677 328 2715; x_wconf 83' lang='lat'>4</span> <span class='ocrx_word' id='word_1_283' title='bbox 359 2685 483 2716; x_wconf 82' lang='lat' dir='ltr'>socer</span> <span class='ocrx_word' id='word_1_284' title='bbox 513 2671 585 2715; x_wconf 90' lang='lat' dir='ltr'>ed.</span> <span class='ocrx_word' id='word_1_285' title='bbox 709 2675 733 2714; x_wconf 88' lang='lat'>6</span> <span class='ocrx_word' id='word_1_286' title='bbox 764 2677 999 2728; x_wconf 81' lang='lat' dir='ltr'>superaret</span> <span class='ocrx_word' id='word_1_287' title='bbox 1029 2672 1100 2716; x_wconf 89' lang='lat' dir='ltr'>ed.</span> <span class='ocrx_word' id='word_1_288' title='bbox 1148 2672 1153 2730; x_wconf 91' lang='grc'>1</span> <span class='ocrx_word' id='word_1_289' title='bbox 1206 2674 1318 2717; x_wconf 86' lang='lat' dir='ltr'>Tros</span> <span class='ocrx_word' id='word_1_290' title='bbox 1348 2670 1390 2714; x_wconf 88' lang='lat' dir='ltr'>V</span> <span class='ocrx_word' id='word_1_291' title='bbox 1422 2671 1493 2714; x_wconf 91' lang='lat' dir='ltr'>ed.</span> <span class='ocrx_word' id='word_1_292' title='bbox 1621 2675 1644 2713; x_wconf 84' lang='lat'><strong>7</strong></span> <span class='ocrx_word' id='word_1_293' title='bbox 1677 2684 1732 2714; x_wconf 85' lang='lat' dir='ltr'>ae</span> <span class='ocrx_word' id='word_1_294' title='bbox 1761 2671 1804 2714; x_wconf 84' lang='lat' dir='ltr'>si</span> <span class='ocrx_word' id='word_1_295' title='bbox 1833 2669 1875 2714; x_wconf 89' lang='lat' dir='ltr'><strong>V</strong></span> 
     </span>
     <span class='ocr_line' id='line_1_39' title="bbox 184 2729 1873 2787; baseline -0.001 -12"><span class='ocrx_word' id='word_1_296' title='bbox 184 2731 254 2775; x_wconf 90' lang='lat' dir='ltr'>ed.</span> <span class='ocrx_word' id='word_1_297' title='bbox 288 2730 508 2775; x_wconf 84' lang='lat' dir='ltr'>absurde:</span> <span class='ocrx_word' id='word_1_298' title='bbox 553 2735 711 2775; x_wconf 84' lang='lat' dir='ltr'>eontra</span> <span class='ocrx_word' id='word_1_299' title='bbox 740 2732 799 2775; x_wconf 63' lang='lat' dir='ltr'>si&gt;</span> <span class='ocrx_word' id='word_1_300' title='bbox 821 2731 1062 2775; x_wconf 87' lang='lat' dir='ltr'>emendavi</span> <span class='ocrx_word' id='word_1_301' title='bbox 1105 2732 1279 2787; x_wconf 86' lang='lat' dir='ltr'>(potest</span> <span class='ocrx_word' id='word_1_302' title='bbox 1316 2731 1365 2774; x_wconf 88' lang='lat' dir='ltr'>in</span> <span class='ocrx_word' id='word_1_303' title='bbox 1406 2729 1568 2774; x_wconf 89' lang='lat' dir='ltr'>archet</span> <span class='ocrx_word' id='word_1_304' title='bbox 1606 2735 1658 2774; x_wconf 79' lang='grc' dir='ltr'>οδ</span> <span class='ocrx_word' id='word_1_305' title='bbox 1698 2729 1873 2786; x_wconf 87' lang='lat' dir='ltr'>fuisse).</span> 
     </span>
     <span class='ocr_line' id='line_1_40' title="bbox 186 2788 1873 2845; baseline -0.001 -11"><span class='ocrx_word' id='word_1_306' title='bbox 186 2795 239 2833; x_wconf 81' lang='lat'>12</span> <span class='ocrx_word' id='word_1_307' title='bbox 274 2791 372 2834; x_wconf 81' lang='lat' dir='ltr'>eius</span> <span class='ocrx_word' id='word_1_308' title='bbox 401 2789 444 2834; x_wconf 92' lang='lat' dir='ltr'><strong>V</strong></span> <span class='ocrx_word' id='word_1_309' title='bbox 481 2804 615 2834; x_wconf 80' lang='lat' dir='ltr'>suum</span> <span class='ocrx_word' id='word_1_310' title='bbox 653 2789 722 2833; x_wconf 88' lang='lat' dir='ltr'>ed.</span> <span class='ocrx_word' id='word_1_311' title='bbox 849 2794 902 2834; x_wconf 78' lang='lat'>17</span> <span class='ocrx_word' id='word_1_312' title='bbox 941 2796 1151 2836; x_wconf 83' lang='lat' dir='ltr'>acturum</span> <span class='ocrx_word' id='word_1_313' title='bbox 1186 2790 1228 2833; x_wconf 91' lang='lat' dir='ltr'><strong>V</strong></span> <span class='ocrx_word' id='word_1_314' title='bbox 1269 2790 1520 2834; x_wconf 80' lang='lat' dir='ltr'>relaturum</span> <span class='ocrx_word' id='word_1_315' title='bbox 1560 2790 1759 2845; x_wconf 71' lang='lat' dir='ltr'>qratiam</span> <span class='ocrx_word' id='word_1_316' title='bbox 1802 2788 1873 2833; x_wconf 88' lang='lat' dir='ltr'>ed.</span> 
     </span>
     <span class='ocr_line' id='line_1_41' title="bbox 186 2847 1874 2906; baseline -0.001 -13"><span class='ocrx_word' id='word_1_317' title='bbox 186 2853 240 2892; x_wconf 89' lang='lat'>18</span> <span class='ocrx_word' id='word_1_318' title='bbox 282 2850 529 2905; x_wconf 77' lang='lat' dir='ltr'>conplexus</span> <span class='ocrx_word' id='word_1_319' title='bbox 566 2848 606 2892; x_wconf 92' lang='lat' dir='ltr'><strong>V</strong></span> <span class='ocrx_word' id='word_1_320' title='bbox 650 2849 1010 2904; x_wconf 78' lang='lat' dir='ltr'>comprehensum</span> <span class='ocrx_word' id='word_1_321' title='bbox 1053 2850 1124 2894; x_wconf 87' lang='lat' dir='ltr'>ed.</span> <span class='ocrx_word' id='word_1_322' title='bbox 1250 2853 1302 2892; x_wconf 87' lang='grc'>19</span> <span class='ocrx_word' id='word_1_323' title='bbox 1341 2849 1507 2906; x_wconf 86' lang='lat' dir='ltr'>sentire</span> <span class='ocrx_word' id='word_1_324' title='bbox 1546 2849 1798 2892; x_wconf 81' lang='lat' dir='ltr'>aestimatio</span> <span class='ocrx_word' id='word_1_325' title='bbox 1832 2847 1874 2891; x_wconf 94' lang='lat' dir='ltr'><strong>V</strong></span> 
     </span>
     <span class='ocr_line' id='line_1_42' title="bbox 184 2907 1872 2963; baseline -0.001 -11"><span class='ocrx_word' id='word_1_326' title='bbox 184 2909 439 2953; x_wconf 80' lang='lat' dir='ltr'>existimari</span> <span class='ocrx_word' id='word_1_327' title='bbox 477 2908 547 2952; x_wconf 90' lang='lat' dir='ltr'>ed.</span> <span class='ocrx_word' id='word_1_328' title='bbox 671 2913 727 2951; x_wconf 83' lang='lat'>24</span> <span class='ocrx_word' id='word_1_329' title='bbox 765 2909 865 2952; x_wconf 82' lang='lat' dir='ltr'>ideo</span> <span class='ocrx_word' id='word_1_330' title='bbox 895 2907 938 2952; x_wconf 94' lang='lat' dir='ltr'><strong>V</strong></span> <span class='ocrx_word' id='word_1_331' title='bbox 975 2910 1006 2953; x_wconf 89' lang='lat' dir='ltr'>i.</span> <span class='ocrx_word' id='word_1_332' title='bbox 1039 2909 1161 2953; x_wconf 75' lang='lat' dir='ltr'>dixit</span> <span class='ocrx_word' id='word_1_333' title='bbox 1194 2908 1266 2952; x_wconf 88' lang='lat' dir='ltr'>ed.</span> <span class='ocrx_word' id='word_1_334' title='bbox 1389 2911 1445 2951; x_wconf 85' lang='lat'>28</span> <span class='ocrx_word' id='word_1_335' title='bbox 1476 2908 1726 2951; x_wconf 79' lang='lat' dir='ltr'>transierat</span> <span class='ocrx_word' id='word_1_336' title='bbox 1755 2907 1800 2963; x_wconf 92' lang='lat' dir='ltr'>(i.</span> <span class='ocrx_word' id='word_1_337' title='bbox 1835 2919 1872 2951; x_wconf 92' lang='lat' dir='ltr'>e.</span> 
     </span>
     <span class='ocr_line' id='line_1_43' title="bbox 187 2965 1362 3023; baseline -0.001 -13"><span class='ocrx_word' id='word_1_338' title='bbox 187 2965 398 3023; x_wconf 85' lang='lat' dir='ltr'>Camilla)</span> <span class='ocrx_word' id='word_1_339' title='bbox 423 2966 467 3010; x_wconf 94' lang='lat' dir='ltr'><strong>V</strong></span> <span class='ocrx_word' id='word_1_340' title='bbox 497 2967 748 3021; x_wconf 83' lang='lat' dir='ltr'>transferat</span> <span class='ocrx_word' id='word_1_341' title='bbox 778 2967 849 3011; x_wconf 88' lang='lat' dir='ltr'>ed.</span> <span class='ocrx_word' id='word_1_342' title='bbox 972 2971 1027 3012; x_wconf 81' lang='lat'>29</span> <span class='ocrx_word' id='word_1_343' title='bbox 1059 2982 1146 3012; x_wconf 82' lang='lat' dir='ltr'>sua</span> <span class='ocrx_word' id='word_1_344' title='bbox 1177 2981 1264 3011; x_wconf 88' lang='lat' dir='ltr'>om.</span> <span class='ocrx_word' id='word_1_345' title='bbox 1291 2966 1362 3010; x_wconf 87' lang='lat' dir='ltr'>ed.</span> 
     </span>
    </p>
   </div>
  </div>
 </body>
</html>
