2050 3226
212 185 283 239 26
685 181 918 227 DONATI
947 181 1014 226 IN
1015 181 1228 227 TERPR.
1252 181 1430 227 VERG.

211 322 480 373 nuntiabat
516 336 600 371 eos
645 337 750 372 esse
787 323 922 370 ultra
957 322 1230 370 humanam
1267 323 1501 383 formam,
1540 337 1597 369 eo
1638 321 1903 371 accedebat

214 399 265 446 et
299 400 460 446 terror
505 413 564 444 ex
600 397 819 446 vestium
855 396 1017 458 specie
1054 396 1230 460 ignota
1269 396 1581 445 descendens.
1649 396 1731 444 ille
1766 397 1902 444 intra

211 474 332 520 tecta
375 472 542 520 vocari
577 471 786 531 imperat
829 473 872 518 et
915 471 1035 519 solio
1079 471 1269 518 medius
1307 470 1518 518 consedit
1555 470 1707 518 avito:
1774 470 1902 518 sedit

210 546 350 610 regio
387 561 522 594 more
562 546 613 592 et
650 560 734 593 eos
769 546 902 593 tecta
938 544 1085 593 iussit
1119 545 1322 593 intrare.

110 630 219 670 170-
333 620 529 677 Tectum
581 622 864 679 auyustum,
914 619 1106 679 inqenS,
1162 622 1350 667 centum
1401 619 1605 667 sublime
1665 618 1902 666 colwmnis

212 695 330 742 urbe
359 694 456 753 fuit
492 706 708 749 summa,
755 693 1025 741 Laurentis
1068 693 1206 753 reyia
1249 693 1376 755 Pici,
1425 693 1721 741 horrendum
1763 693 1903 740 silvis

214 771 257 816 et
291 768 522 828 reliyione
551 770 840 827 parentwm:
885 765 1180 814 describitur
1213 767 1388 815 domus
1426 765 1618 828 Laffini,
1657 769 1716 814 ut
1751 765 1806 814 in
1844 781 1904 814 ea

214 842 505 890 ostendatur
544 856 701 905 genus
742 841 848 889 eius
888 839 1160 888 cucurrisse
1199 856 1288 903 per
1327 856 1492 904 reges,
1538 843 1598 888 ut
1642 841 1754 889 laus
1791 840 1904 902 ipsa

213 915 410 963 Aeneae
447 915 730 964 laudationi
767 914 1008 977 proficiat.
1058 915 1111 962 in
1140 914 1266 977 ipsa,
1295 917 1354 962 ut
1385 914 1574 964 dictum
1606 917 1695 975 est,
1727 915 1903 963 domus

214 989 540 1053 descriptione
609 988 823 1037 adicitur
881 988 1092 1036 felicitas
1150 989 1367 1052 generis,
1435 990 1556 1036 dum
1611 988 1902 1052 imaginum,

214 1065 330 1112 dum
362 1065 644 1112 statuarum
675 1063 824 1111 series
853 1065 1148 1111 recensetur.
1218 1063 1391 1110 domus
1421 1063 1580 1126 igitur
1609 1063 1710 1110 fuit
1747 1063 1901 1110 admi-

212 1138 362 1186 rabili
383 1137 743 1202 magnitudine,
765 1136 1133 1200 pulchritudine
1158 1137 1279 1185 satis
1305 1138 1520 1200 egregia,
1545 1136 1659 1184 urbi
1681 1151 1903 1184 summae

214 1214 264 1260 et
293 1212 452 1276 regali
475 1211 714 1275 dignitati
735 1210 1043 1259 conveniens.
1085 1211 1232 1259 huius
1257 1211 1404 1259 decus
1430 1210 1646 1275 augebat
1668 1226 1902 1259 numerus

215 1287 555 1335 columnarum
578 1287 790 1346 centum,
823 1284 1001 1347 quibus
1034 1287 1196 1333 erecta
1224 1285 1278 1332 in
1302 1285 1622 1333 altitudinem
1647 1284 1905 1333 sublimior

214 1359 477 1410 ferebatur.
544 1358 810 1408 Laurentis
855 1360 993 1422 regia
1038 1359 1166 1407 Pici:
1218 1360 1328 1407 laus
1376 1359 1595 1408 eiusdem
1641 1360 1815 1407 domus
1855 1362 1906 1407 et

215 1450 245 1482 a
281 1449 494 1496 persona
532 1433 719 1482 domini
756 1434 935 1481 veteris
975 1432 1202 1481 sumebat
1240 1435 1583 1497 augmentum,
1634 1434 1732 1480 fuit
1773 1433 1905 1480 enim

213 1507 321 1556 Pici
358 1507 638 1556 Laurentis.
713 1523 814 1555 non
860 1508 1047 1555 frustra
1095 1508 1343 1555 adiectum
1389 1508 1464 1555 est
1508 1507 1796 1568 Laurentis,
1842 1523 1904 1555 ne

212 1583 340 1630 forte
402 1581 632 1630 existeret
691 1581 800 1629 Pici
861 1581 1064 1629 alterius
1124 1597 1301 1628 nomen
1356 1583 1406 1628 et
1459 1597 1517 1628 ex
1577 1581 1904 1629 similitudine

213 1656 469 1704 nominum
523 1655 746 1703 confusio
793 1657 1099 1715 nasceretur,
1153 1656 1212 1702 ut
1257 1656 1309 1702 in
1355 1655 1516 1716 primo
1562 1655 1690 1704 libro
1746 1649 1902 1721 (650)

124 1782 130 1789 ἶ
213 1730 435 1792 positum
473 1730 654 1777 scimus
686 1731 926 1790 „ornatus
965 1728 1184 1792 Argivae
1223 1727 1497 1790 Helenae“,
1535 1731 1613 1790 ut,
1659 1729 1703 1777 si
1741 1731 1905 1777 essent

214 1804 364 1865 aliae,
414 1804 756 1852 ostenderetur
803 1802 914 1865 ipsa
966 1804 1184 1865 regionis
1239 1804 1381 1866 signo
1440 1806 1490 1851 et
1542 1804 1904 1852 monstraretur

213 1893 343 1939 quae
389 1879 530 1925 esset.
607 1892 720 1925 cum
770 1879 938 1924 autem
990 1876 1217 1924 nominat
1260 1878 1470 1936 tectum,
1515 1877 1904 1941 intellegendum

214 1954 290 2000 est
339 1952 502 1999 solum
546 1951 746 1999 interim
796 1950 1007 1999 describi
1059 1950 1383 2012 vestibulum,
1436 1952 1496 1999 ut
1546 1968 1603 1999 ex
1657 1952 1902 2014 qualitate

212 2025 532 2088 triumphalis
571 2024 821 2088 ingressus
862 2025 1033 2087 qualia
1070 2025 1260 2072 fuerint
1295 2025 1490 2087 reliqua
1521 2026 1691 2089 colligi
1720 2028 1902 2088 posset.

211 2099 318 2147 illic
347 2115 448 2147 non
478 2098 703 2161 picturae
735 2099 938 2146 fuerunt
966 2099 1190 2160 turpium
1221 2099 1507 2147 fabularum
1538 2115 1627 2147 nec
1659 2099 1904 2148 adulteria

215 2174 293 2222 vel
323 2172 503 2220 inliciti
535 2188 727 2221 amores
756 2172 983 2234 inpressi,
1014 2188 1113 2220 non
1145 2173 1336 2220 alienae
1367 2174 1564 2236 pafflae
1588 2174 1669 2222 vel
1700 2173 1902 2237 gloriae.

213 2247 513 2295 horrendum
551 2247 691 2294 silvis
723 2248 773 2294 et
802 2246 1038 2309 religione
1073 2249 1359 2308 parentum:
1399 2247 1638 2296 silvarum
1669 2248 1903 2308 densitas,

213 2321 391 2368 umbra
439 2335 697 2367 nemorum
747 2322 798 2368 et
847 2320 1164 2384 originalium
1215 2324 1478 2383 parentum
1526 2321 1770 2384 imagines
1821 2321 1901 2368 ad-

216 2394 399 2443 debant
428 2396 690 2442 tremorem
719 2394 843 2454 loc0‚
881 2397 941 2442 ut
972 2394 1075 2442 sine
1105 2396 1383 2443 reverentia
1405 2394 1563 2443 videri
1592 2410 1690 2442 non
1722 2397 1902 2458 posset.

215 2469 291 2516 hic
328 2472 517 2527 sceptra
554 2469 768 2528 accipere
807 2471 848 2515 et
878 2470 1067 2527 primos
1106 2470 1317 2517 attollere
1353 2470 1513 2529 fasces
1542 2470 1735 2530 reqibus
1766 2483 1904 2516 omen

116 2552 198 2590 175
217 2546 339 2598 erat,
380 2543 466 2590 hoc
501 2542 601 2589 illis
640 2542 779 2589 curia
817 2543 1063 2601 templum,
1104 2544 1221 2591 haec
1257 2544 1414 2591 sacris
1447 2543 1582 2591 sedes
1621 2543 1789 2602 epuli&
1828 2543 1905 2590 hic

336 2702 360 2742 7
392 2698 612 2754 releyione
650 2699 718 2752 (ut
751 2696 1041 2754 plerumque)
1072 2698 1127 2743 V.
1252 2703 1306 2742 12
1338 2699 1682 2755 pulchritudine
1712 2697 1754 2740 V
1785 2703 1827 2742 et
1852 2712 1902 2753 p.

217 2757 288 2800 ed.
383 2762 437 2800 14
468 2761 593 2801 vecta
623 2755 665 2799 V
697 2756 768 2799 ed.
799 2762 942 2800 erecta
973 2771 1069 2799 nos.
1170 2762 1224 2800 17
1257 2758 1678 2802 non—Laurentis
1709 2770 1795 2799 om.
1830 2757 1901 2800 ed.

217 2820 274 2859 20
305 2821 440 2859 ornat
469 2829 552 2870 pro
583 2820 772 2859 ornatus
802 2814 856 2858 V.
901 2815 905 2872 Ι
953 2822 1096 2860 essent
1126 2818 1247 2860 aliae
1276 2816 1319 2859 V
1349 2817 1463 2859 mut.
1496 2816 1566 2859 ed.
1673 2820 1727 2858 21
1761 2819 1903 2859 osten-

217 2875 430 2918 derentwr
459 2874 501 2917 V
533 2888 646 2918 corr.
679 2874 750 2917 ed.
872 2879 927 2917 23
968 2875 1179 2919 describit
1215 2889 1322 2918 cum
1351 2874 1469 2918 falsa
1500 2873 1800 2917 distinctione
1830 2873 1901 2917 ed.

218 2938 273 2976 25
305 2935 494 2988 fuerunt
522 2933 564 2975 V
596 2938 730 2977 -rant
760 2932 830 2976 ed.
925 2937 977 2976 31
1010 2935 1118 2978 haec
1149 2933 1190 2976 V
1220 2936 1305 2978 hae
1336 2934 1405 2978 ed.
1454 2934 1457 2989 Ι
1505 2947 1662 2978 sacrae
1687 2932 1730 2976 V
1760 2933 1905 2977 sacris

218 2992 288 3036 ed.
323 2992 447 3047 quod
477 3006 621 3035 unum
653 2992 1030 3047 interpretationi
1062 2993 1288 3036 convenit.

1933 1001 1976 1033 10

1935 1369 1976 1402 15

1935 1743 1978 1774 20

1934 2113 1976 2146 25

1934 2482 1977 2513 30
