2050 3226
245 141 350 195 162
714 138 948 184 DONATI
975 138 1042 183 IN
1043 138 1256 184 TERPR.
1281 138 1461 184 VERG.

242 278 512 340 venissent,
561 278 774 328 felicitas
823 294 1020 327 morum
1069 278 1217 327 simul
1267 293 1382 327 cum
1428 278 1626 328 nomine
1675 279 1932 343 praecipui

240 354 446 402 rectoris
487 368 724 416 oppressa
763 355 838 402 est
877 356 927 402 et
963 352 1188 401 Ausonia
1226 352 1437 402 vocitari
1475 354 1636 416 coepit
1674 370 1802 416 quae
1843 353 1930 403 Sa-

139 435 224 476 330
237 426 410 476 turnia
470 427 738 476 dicebatur.
836 431 938 475 tam
997 441 1131 487 reyes
1191 441 1426 488 asperque
1483 428 1676 476 inmani
1734 441 1931 488 corpore

243 501 464 563 Thybris,
505 516 538 549 a
576 515 667 561 qao
699 504 812 562 post
839 501 962 549 Itali
998 501 1205 558 flavium
1236 502 1512 562 coynomine
1543 502 1776 563 Thybrim
1806 502 1931 550 dixi-

241 590 374 623 mus.-
413 574 588 623 deinde
629 577 917 637 coeperunt,
956 574 1142 636 inquit,
1187 590 1330 639 reges
1369 575 1648 637 succedere,
1694 576 1931 630 successit

241 651 292 698 et
330 649 542 711 Thybris
574 650 775 713 grandis
822 664 1024 711 corpore
1071 651 1221 711 atque
1268 648 1433 697 animo
1479 649 1636 711 ferus,
1687 666 1745 697 ex
1791 650 1930 699 cuius

241 724 439 771 nomine
487 723 672 772 fluvius
723 723 883 771 dictus
934 725 1008 771 est
1057 722 1286 785 Thybris.
1374 723 1540 771 amisit
1582 738 1751 772 verwm
1795 727 1931 772 vetus

154 843 159 846 ,
241 796 428 845 Albula
465 811 662 845 nomen:
712 800 763 844 et
802 798 983 845 amisso
1021 795 1238 844 Albulae
1277 798 1474 846 nomine
1513 797 1727 860 Thybris
1768 799 1932 860 coepit

241 870 464 920 vocitari.
538 885 615 918 me
651 871 856 930 pulsam
890 871 1066 930 patria
1105 871 1362 931 pelayique
1406 874 1618 920 extrema
1661 875 1932 931 sequentem

139 952 224 992 335
239 947 442 1006 fortuna
480 945 778 1004 omnipotens
817 949 860 993 et
894 945 1199 992 ineluctabile
1235 945 1396 1004 fatam
1432 946 1508 993 his
1549 960 1754 1006 posuere
1793 946 1931 994 loeis:

242 1020 395 1067 etiam
440 1034 490 1068 se
537 1022 782 1067 memorat
830 1035 934 1067 esse
979 1018 1320 1083 peregrinum,
1370 1018 1474 1068 vim
1521 1020 1785 1082 pertulisse
1830 1035 1931 1068 non

240 1093 520 1154 hominum,
559 1093 646 1141 sed
682 1093 779 1141 fati
819 1095 969 1156 atque
1008 1093 1260 1154 fortunae,
1306 1095 1366 1141 ut
1404 1094 1672 1157 genitalem
1711 1095 1932 1156 patriam

242 1167 553 1230 perdidisset,
585 1182 657 1228 ac,
687 1183 749 1215 ne
781 1170 909 1215 esset
931 1166 1112 1215 vitium
1140 1167 1194 1214 in
1219 1182 1275 1215 eo
1301 1167 1434 1229 quod
1466 1167 1591 1215 dixit
1620 1183 1698 1215 me
1728 1168 1932 1230 pulsum

240 1243 407 1304 patria
445 1233 612 1307 (nemo
652 1242 783 1288 enim
820 1243 998 1303 patriis
1037 1243 1183 1289 terris
1220 1240 1379 1289 bonus
1419 1235 1721 1308 excluditur)
1760 1242 1840 1291 vel
1869 1258 1931 1290 ne

242 1317 562 1378 quaereretur
583 1315 880 1377 praecedens
906 1330 1077 1376 causa,
1109 1331 1224 1364 mox
1248 1315 1458 1363 subiecit
1480 1316 1735 1364 fortunam
1757 1315 1931 1364 fecisse

242 1390 425 1450 omnia,
455 1390 514 1437 ut
542 1391 762 1437 mutaret
790 1391 948 1437 terras
981 1391 1030 1437 et
1058 1388 1111 1436 in
1135 1389 1380 1437 Arcadiae
1410 1389 1637 1451 partibus
1667 1391 1930 1438 locaretur.

243 1462 438 1511 addidit
483 1462 871 1526 omnipotentem
912 1463 1168 1512 fortunam
1206 1466 1256 1511 et
1293 1463 1456 1511 fatum
1494 1463 1835 1525 ineluctabile,
1873 1466 1932 1512 ut

242 1537 522 1586 ostenderet
567 1552 617 1584 se
667 1553 756 1586 nec
805 1538 1057 1585 fortunam
1105 1537 1290 1586 virtute
1343 1553 1434 1585 nec
1482 1538 1645 1586 fatum
1693 1537 1930 1586 luctando

242 1627 473 1674 superare
510 1610 734 1673 potuisse
772 1612 1071 1674 perindeque
1118 1613 1419 1660 consensisse
1464 1611 1752 1673 potioribus.
1827 1627 1932 1660 ma-

241 1686 421 1745 trisque
467 1699 598 1746 eyere
635 1686 883 1733 tremenda
925 1683 1196 1733 Carmentis
1234 1686 1474 1746 nymphae
1510 1687 1695 1733 monita
1734 1689 1777 1733 et
1814 1686 1932 1734 eleas

243 1763 409 1807 auctor
431 1757 634 1820 Apollo:
665 1775 723 1807 ex
747 1760 1000 1807 occasione
1034 1759 1136 1807 alia
1167 1758 1480 1807 commendat
1511 1760 1752 1823 originem
1775 1775 1931 1821 suam,

243 1833 375 1896 quod
407 1832 498 1881 dea
530 1834 596 1881 sit
633 1835 790 1881 matre
829 1834 1141 1896 progenitus,
1174 1835 1223 1880 et
1253 1833 1381 1881 hanc
1413 1834 1658 1896 exaequat
1688 1833 1926 1896 Apollini.

243 1907 307 1954 ad
359 1907 501 1967 haec,
562 1908 750 1969 inquit,
811 1907 922 1955 loca
977 1907 1245 1969 perductus
1301 1923 1409 1955 sum
1462 1910 1578 1970 post
1630 1908 1929 1970 expulsionis

242 1981 453 2041 factum,
500 1996 611 2028 cum
660 1981 864 2028 fortuna
912 1981 1192 2042 inpelleret,
1239 1982 1464 2029 truderet
1513 1982 1697 2043 fatum,
1747 1981 1929 2045 Apollo

241 2056 571 2117 praeciperet,
616 2057 776 2102 mater
811 2056 1025 2118 urgeret.
1101 2056 1154 2102 in
1192 2055 1433 2103 vocabulo
1472 2055 1647 2104 matris
1688 2057 1931 2118 quantum

242 2128 434 2191 pondus
475 2129 569 2177 est!
645 2128 852 2176 iubebat
896 2130 1078 2189 mater,
1130 2131 1178 2177 et
1229 2129 1321 2177 dea
1369 2131 1550 2191 mater,
1602 2145 1728 2193 quae
1773 2129 1931 2177 filium

245 2204 417 2250 contra
455 2202 655 2264 pietatis
695 2203 928 2250 meritum
966 2218 1164 2251 monere
1195 2219 1294 2251 non
1326 2206 1515 2266 posset:
1554 2205 1714 2252 mater
1743 2203 1929 2251 habens

243 2292 426 2324 numen
457 2278 507 2324 et
536 2275 896 2338 pronuntiandi
937 2276 1270 2325 substantiam
1302 2276 1530 2338 accessit,
1570 2277 1663 2338 ait,
1703 2277 1928 2325 omnibus

245 2353 294 2398 et
332 2349 696 2398 dubitationem
737 2366 864 2413 quae
905 2352 1110 2398 existere
1150 2352 1319 2413 potuit
1355 2351 1656 2399 horrendum
1693 2351 1930 2398 iudicium

243 2425 417 2472 matris
458 2423 671 2486 abrupit.
740 2425 822 2471 vix
862 2438 919 2472 ea
958 2425 1107 2481 dicta,
1155 2426 1324 2472 dehinc
1363 2439 1651 2485 proyressas
1695 2428 1932 2472 monstrat

245 2501 288 2545 et
335 2513 478 2546 aram
528 2501 570 2545 et
622 2496 977 2546 Carmentalem
1025 2499 1241 2547 Romani
1297 2500 1489 2546 nomine
1535 2494 1734 2558 portam
1785 2513 1930 2558 qaam

365 2657 390 2696 9
422 2654 614 2697 vocitari
634 2651 677 2695 V
703 2654 936 2697 nominari
963 2653 1034 2697 ed.
1129 2658 1182 2697 11
1216 2654 1393 2698 etiamsi
1415 2652 1458 2695 V
1482 2666 1595 2696 corr.
1622 2653 1692 2696 ed.
1731 2652 1735 2710 Ι
1769 2654 1928 2697 vim—-

248 2717 301 2755 12
333 2714 547 2766 fortunae
576 2713 751 2756 temere
781 2713 894 2754 mut.
921 2712 990 2755 ed.
1105 2717 1158 2756 16
1191 2713 1408 2757 arcadiae
1431 2711 1472 2755 V
1505 2711 1677 2768 (lapsus
1709 2711 1928 2767 Donati?)

246 2772 413 2815 Italiae
451 2771 522 2814 ed.
645 2775 700 2814 18
731 2772 941 2815 virtutem
964 2770 1005 2813 V
1038 2785 1150 2815 corr.
1185 2771 1255 2816 ed.
1386 2775 1441 2814 24
1471 2771 1644 2825 factum
1674 2770 1864 2824 fortuna
1887 2770 1930 2813 V

247 2844 348 2874 cum
392 2830 612 2885 interpos.
658 2830 728 2874 ed.
865 2834 919 2872 27
967 2836 1108 2874 mater
1148 2832 1316 2875 habens
1356 2843 1518 2874 nomen
1551 2829 1593 2872 V
1637 2843 1804 2873 numen
1845 2843 1928 2872 nos

247 2891 407 2933 matris
429 2890 469 2933 h.
487 2903 650 2934 nomen
673 2889 744 2933 ed.
830 2893 885 2931 28
909 2891 1036 2933 cessit
1052 2889 1093 2932 V
1118 2890 1190 2935 ed.
1215 2890 1400 2934 accessit
1419 2902 1515 2933 noe.
1597 2892 1650 2931 31
1676 2889 1857 2932 romani
1870 2888 1925 2932 V:

248 2961 367 3003 quae
398 2948 537 2992 lectio
571 2949 682 3004 quia
711 2948 1097 3003 interpretatione
1134 2948 1395 2993 confirmari
1423 2948 1627 3002 videtur,
1667 2961 1802 3003 qnam
1839 2962 1928 2991 me-

1961 959 2005 992 10

1962 1327 2003 1360 15

1961 1697 2006 1731 20

1962 2065 2003 2099 25

1961 2435 2004 2467 30
