2050 3226
787 156 1091 202 AENEmos
1122 156 1165 200 x
1714 160 1822 215 335

130 299 242 347 istis
275 313 470 362 quoque
504 312 644 345 arma
674 296 923 356 Herculis,
956 295 1194 346 virtutem
1223 296 1478 360 propriam
1510 299 1562 345 et
1590 298 1824 347 meritum

130 375 394 436 paternum
432 371 664 420 auxiliari
702 372 1000 434 nequivisse.
1076 370 1261 419 idcirco
1302 370 1433 419 enim
1471 370 1702 420 Herculis
1748 372 1824 420 in·

130 447 270 510 signe
309 445 594 510 gestabant,
633 446 756 508 quia
795 462 964 494 eorum
1010 445 1289 509 Melampus
1336 447 1480 508 pater
1523 446 1577 493 in
1624 448 1824 494 tantum

128 520 357 569 Herculis
402 519 657 568 laboribus
703 520 869 567 fuerat
913 520 1135 581 iunctus,
1180 521 1239 568 ut
1286 518 1527 582 quicquid
1570 519 1656 568 ille
1696 523 1825 568 esset

130 595 391 659 adgressus
429 609 702 657 numquam
740 593 835 642 iste
874 594 1098 644 nesciret.
1153 609 1249 656 quo
1282 594 1415 642 facto
1447 593 1825 643 arbitrabantur

127 685 217 731 per
253 667 490 716 meritum
526 667 685 730 patris
724 667 938 716 invictos
979 684 1029 716 se
1061 683 1166 717 esse
1196 683 1456 717 mansuros
1489 670 1540 716 et
1571 667 1635 716 ad
1666 684 1823 716 exem·

50 736 57 802 f
127 742 269 805 plum
318 743 522 791 virtutis
571 742 847 790 Herculeae
897 743 1117 805 periculo
1168 758 1269 790 non
1325 743 1520 791 futuros
1570 741 1822 791 obnoxios,

53 976 97 1009 10

53 1347 95 1380 15

20 1718 94 1751 220

128 830 228 865 ecce
275 817 438 865 Pharo
488 830 623 864 voces
673 816 791 864 dum
839 817 989 865 iactat
1036 817 1226 873 inertis,
1277 816 1558 876 intorquens
1605 817 1824 864 iaculum

127 890 387 940 clamantis
424 890 551 938 sistit
587 891 641 938 in
679 904 784 938 ore:
821 890 1008 951 Pharo,
1046 890 1236 954 inquit,
1274 907 1375 940 non
1412 891 1543 939 ferro
1573 889 1628 938 in
1666 893 1822 939 certa-

125 964 341 1014 minibus
395 963 610 1026 bellicis,
671 964 758 1013 sed
810 964 1106 1014 clamoribus
1159 964 1325 1013 inritis
1375 964 1662 1014 existimans
1717 980 1821 1014 esse

127 1038 439 1101 certandum,
486 1039 605 1086 dum
649 1039 832 1088 inertia
877 1041 1135 1102 personat,
1182 1055 1264 1088 ore
1309 1038 1420 1102 ipso
1465 1038 1625 1088 ictum
1669 1038 1823 1087 iaculi

126 1113 369 1162 venientis
421 1112 626 1176 excepit.
725 1117 777 1161 tu
823 1128 1026 1174 quoque,
1073 1114 1329 1172 flaventem
1372 1114 1545 1173 prima
1591 1114 1823 1174 lanuyine

125 1188 287 1236 malas
325 1189 442 1235 dum
470 1188 685 1247 sequeris
719 1186 949 1249 Clytium,
988 1187 1182 1247 infelix,
1222 1202 1351 1235 nova
1385 1188 1595 1248 yaudia,
1639 1186 1820 1248 Cydon,
1838 1201 1925 1242 325

125 1262 396 1310 Dardania
444 1264 628 1310 stratus
673 1261 864 1318 dextra,
919 1276 1129 1323 securus
1165 1275 1408 1318 amorum,
1459 1261 1544 1321 qui
1592 1262 1823 1309 iuvenum

126 1336 212 1384 tibi
259 1350 446 1396 semper
491 1340 649 1392 erant,
688 1336 986 1393 miserande,
1024 1336 1231 1384 iaceres:
1283 1336 1508 1383 fecerunt
1543 1335 1823 1398 hyperbata

126 1409 500 1472 obscuritatem3
545 1410 708 1458 multa
754 1411 886 1458 enim
931 1410 1097 1459 voluit
1140 1425 1240 1458 uno
1289 1425 1437 1459 sensu
1487 1409 1721 1474 colligere
1772 1413 1823 1458 et

124 1484 203 1533 vel
252 1485 466 1533 maxime
518 1499 576 1532 ea
608 1499 752 1546 quae
803 1485 956 1533 semel
1000 1484 1166 1547 posita
1203 1500 1303 1533 non
1342 1484 1494 1533 semel
1533 1483 1822 1546 accipienda

124 1560 256 1607 sunt.
332 1558 505 1607 scribit
543 1559 675 1607 enim
712 1575 802 1621 per
839 1559 1196 1622 apostropham
1234 1558 1488 1621 Cydonem
1533 1557 1689 1606 occidi
1734 1574 1821 1621 po-

122 1633 275 1682 tuisse
313 1633 510 1681 Aeneae
549 1632 740 1697 gladio,
781 1633 900 1681 dum
938 1648 1130 1682 amores
1169 1633 1484 1695 turpissimos
1517 1635 1820 1695 sequeretur,

124 1706 213 1769 qui
252 1722 356 1756 esse
386 1708 625 1756 iuvenum
663 1707 837 1756 solent.
898 1707 1096 1756 viderat
1134 1708 1266 1755 enim
1306 1707 1666 1756 adolescentem
1707 1705 1819 1769 Gly-

121 1780 251 1830 tium
298 1780 430 1830 flava
479 1781 715 1846 lanugine
764 1782 1032 1843 malarum,
1081 1782 1175 1830 hoc
1222 1783 1297 1830 est
1334 1782 1434 1830 iam
1471 1797 1572 1830 non
1610 1797 1820 1844 puerum

123 1871 213 1904 nec
249 1857 416 1904 tamen
454 1856 683 1906 iuvenem
719 1856 944 1919 plenum:
983 1873 1132 1919 quem
1182 1855 1300 1903 dum
1346 1871 1546 1904 securus
1594 1855 1821 1918 sequitur

122 1930 287 1992 turpis
327 1931 527 1979 amoris*
550 1931 723 1979 ardore
762 1946 1040 1993 possessuS,
1088 1931 1176 1993 qui
1215 1946 1355 1978 amor
1390 1929 1652 1979 iuvenibus
1693 1930 1821 1978 solet

125 2018 228 2052 esse
269 2005 583 2065 conveniens,
615 2005 792 2054 salutis
831 2020 949 2054 suae
991 2006 1234 2053 inmemor
1271 2004 1435 2053 factus
1468 2006 1556 2053 est.
1610 2006 1821 2067 apparet

243 2106 267 2144 2
301 2102 533 2146 auxiliare
562 2102 835 2158 nequivisset
855 2101 953 2147 VR.
1063 2106 1088 2146 5
1121 2102 1435 2147 arbitrabatur
1459 2100 1555 2145 VR.
1664 2106 1687 2144 7
1721 2102 1819 2146 her-

47 2187 50 2202 ,
122 2162 274 2205 culeae
297 2161 504 2217 periculo
528 2160 614 2204 VR
642 2174 689 2205 se
718 2161 940 2217 interpoa
966 2162 1038 2206 ed.
1161 2165 1187 2204 8
1218 2162 1353 2216 faron
1382 2161 1433 2205 in
1462 2160 1684 2205 lemmate
1715 2160 1819 2215 faro

48 2222 51 2242 ³
122 2219 172 2263 in
216 2219 456 2276 interpret.
497 2219 594 2263 VR.
654 2219 660 2279 Ι
716 2221 854 2265 iectat
889 2220 987 2265 VR.
1121 2225 1147 2264 9
1193 2221 1518 2265 clamantisisti
1560 2221 1684 2265 sistit
1719 2218 1815 2262 VR.

125 2284 178 2323 11
202 2280 341 2324 iacoli
363 2279 461 2323 VR.
547 2284 601 2322 12
632 2281 877 2336 flavantem
899 2279 953 2324 R.
1041 2284 1096 2323 14
1126 2285 1305 2324 secutus
1326 2280 1369 2323 R
1398 2284 1612 2336 sequutus
1628 2278 1671 2322 V
1694 2279 1818 2322 infra

122 2352 305 2384 securus
327 2338 425 2383 VR.
471 2339 476 2397 {
517 2339 722 2383 iuvenem
745 2338 842 2383 VR.
938 2343 992 2383 15
1024 2339 1105 2384 ubi
1134 2352 1220 2395 pro
1249 2339 1335 2384 tibi
1357 2338 1412 2383 V.
1457 2341 1462 2398 1
1503 2340 1696 2394 ficerunt
1718 2337 1815 2381 VR.

124 2402 178 2442 17
221 2399 291 2443 vel
332 2411 422 2442 om.
459 2397 529 2442 ed.
655 2402 709 2442 18
742 2399 896 2454 potuit
925 2397 1011 2442 VR
1040 2399 1245 2455 potuisse
1280 2398 1351 2442 ed.
1474 2402 1529 2442 23
1574 2399 1692 2442 turis
1732 2410 1816 2452 pro

123 2458 272 2513 twrpis
294 2456 380 2501 VR
410 2471 497 2501 om.
525 2457 597 2501 ed.
645 2457 650 2516 Ι
694 2471 928 2514 possessus
950 2457 992 2500 V
1018 2471 1256 2514 perpessus
1286 2457 1340 2501 R.
1389 2458 1394 2518 Ι
1444 2459 1524 2514 qui
1558 2470 1708 2501 amore
1745 2457 1817 2499 iu-

121 2517 310 2561 venibus
349 2517 461 2562 solet
501 2530 592 2561 esse
634 2518 901 2561 conveniens
941 2517 1106 2562 salutis
1146 2530 1257 2562 suae
1287 2516 1373 2561 VR
1415 2516 1534 2572 „qui
1573 2529 1703 2559 amor
1741 2528 1817 2558 ex-

124 2574 341 2619 ecrabilis
371 2575 616 2620 iuvenibus
649 2575 988 2620 scelestissimis
1020 2576 1139 2621 solet
1161 2577 1335 2630 inesse,
1360 2590 1451 2632 quo
1476 2575 1595 2619 nihil
1618 2576 1816 2618 naturae

123 2634 273 2691 magis
296 2648 556 2692 repugnare
579 2635 766 2680 videtur
787 2634 998 2691 nihilque
1023 2635 1110 2680 deo
1133 2636 1336 2692 gravius,
1361 2635 1485 2691 quod
1510 2634 1816 2691 plurimorum

123 2692 413 2738 miserabiles
445 2695 596 2739 exitus
628 2694 894 2739 ostendunt.
944 2708 1030 2739 nec
1059 2697 1202 2751 poeta
1233 2694 1362 2739 aliud
1394 2694 1470 2737 hic
1497 2693 1652 2737 innuit
1675 2707 1815 2748 quam

124 2765 201 2797 eos
234 2753 315 2809 qui
346 2753 667 2798 foedissimum
697 2754 786 2797 hoc
818 2756 1076 2810 sequuntur
1104 2754 1271 2798 vitium
1301 2753 1493 2798 tandem
1525 2751 1690 2797 infelix
1712 2751 1816 2807 pati

47 2811 50 2823 '
125 2811 330 2857 exitium.
382 2813 494 2856 dum
526 2813 673 2870 igitur
701 2813 790 2857 hoc
822 2813 1053 2869 sequitur,
1079 2813 1243 2858 salutis
1267 2826 1379 2857 suae
1404 2814 1522 2856 etc.“
1547 2811 1640 2855 ed.:
1672 2811 1816 2854 inter·

122 2870 381 2925 polatorem
411 2871 499 2916 hoc
530 2871 633 2916 loco
661 2872 755 2916 iam
779 2887 818 2915 v.
839 2872 881 2916 d.
899 2871 1088 2917 Hoeven
1112 2873 1333 2917 odoratus
1358 2873 1429 2915 est
1452 2885 1496 2926 p.
1517 2875 1587 2925 34,
1612 2869 1668 2914 cf.
1696 2882 1815 2925 quae

48 2928 53 2963 ἴ
125 2943 208 2973 nos
230 2930 281 2974 in
303 2931 448 2986 praef.
472 2946 517 2987 p.
535 2930 725 2974 XXXIX
749 2931 976 2987 suspicati
1001 2946 1180 2987 sumus;
1205 2930 1385 2975 nullum
1408 2928 1653 2975 verborum
1676 2929 1815 2973 vesti-

125 2987 253 3045 gium
285 2991 415 3034 extat
445 3003 531 3034 nec
562 2990 611 3034 in
635 2990 720 3034 VR.
751 3003 837 3035 nec
868 2990 918 3035 in
948 2990 1088 3035 HOU.
