2050 3226
742 188 1047 233 AENEIDos
1070 188 1180 233 vm
1706 193 1810 246 129

236 332 386 380 Forte
434 332 511 379 die
556 331 833 378 sollemnem
881 329 964 376 illo
1013 343 1100 376 rex
1137 327 1300 377 Areas
1344 330 1571 377 honorem
1608 330 1813 391 Amphi-

119 405 405 467 tryoniadae
452 419 630 466 maqno
680 405 899 464 divisque
946 403 1134 463 ferebat
1187 406 1299 451 ante
1351 405 1521 451 urbem
1572 404 1627 451 in
1681 405 1814 462 luco,-

118 480 290 528 Pallas
327 480 440 527 huic
475 479 612 538 filius
648 493 768 534 una,
806 492 912 525 una
950 491 1114 525 omnes
1150 478 1382 525 iuvenum
1412 478 1568 538 primi
1598 493 1814 538 pauper-
1831 488 1916 528 105

8 607 18 624 Α,
119 568 209 615 que
239 557 438 602 senatus
468 557 582 601 tura
613 553 822 601 dabant.-
855 566 954 599 non
986 553 1062 600 est
1083 551 1266 601 vitium
1297 551 1417 614 quia
1448 552 1573 600 dixit
1602 568 1815 615 pauper-

0 623 22 687 'ff
67 641 87 675 5
121 645 217 692 que
267 629 470 676 senatus
524 627 656 676 dona
707 626 916 688 dabant3
969 641 1070 674 non
1123 625 1255 673 enim
1307 627 1506 674 senatui
1556 627 1817 689 respondit

0 690 21 750 ἱ
118 701 397 765 pluraliter,
428 702 515 750 sed
546 700 772 749 omnibus
805 701 895 763 qui
923 700 1029 748 illic
1058 701 1178 748 tunc
1209 701 1366 760 erant,
1403 703 1464 748 ut
1500 715 1578 748 res
1618 701 1814 749 divinas

119 776 421 839 conplorent.
509 775 791 835 tepidusque
840 789 985 822 cruor
1030 775 1258 834 fumabat
1303 774 1370 822 ad
1415 789 1559 822 aras:
1597 790 1653 822 eo
1692 777 1815 823 tem-

118 866 237 914 pore
277 866 374 912 quo
412 850 607 898 Aeneas
646 850 786 898 venit
832 847 897 896 ad
944 847 1134 896 auxilia
1178 849 1428 910 poscenda
1472 849 1609 897 laeta
1647 850 1816 897 omnia

120 926 272 986 atque
320 924 384 972 ad
430 924 625 972 divinas
671 938 748 972 res
794 923 1098 985 pertinentia
1143 922 1444 986 gerebantur
1487 923 1540 970 in
1588 922 1814 972 Herculis

8 1019 12 1022 ⁷
44 1012 88 1045 10
117 999 246 1060 luco,
279 998 367 1060 qui
398 1000 536 1046 extra
565 998 739 1046 urbem
769 997 936 1045 fuerat
967 997 1284 1045 constitutus.
1338 1013 1456 1044 nam
1485 998 1608 1046 haec
1643 998 1818 1045 eadem

120 1073 198 1121 die
254 1073 392 1121 soliti
440 1072 641 1120 fuerant
689 1071 908 1119 Arcades
957 1070 1299 1120 anniversaria
1351 1074 1471 1119 vota
1520 1072 1814 1134 persolvere.

119 1147 602 1210 Amphitryoniadae
635 1145 776 1207 dixit,
805 1148 865 1193 ut
895 1147 1147 1193 constaret
1177 1144 1236 1193 de
1271 1161 1368 1208 quo
1400 1145 1613 1194 Hercule
1642 1147 1815 1209 loque-

118 1223 272 1282 retur,
312 1222 550 1283 quoniam
587 1221 817 1268 feruntur
853 1220 1005 1268 fuisse
1038 1222 1089 1268 et
1118 1218 1223 1266 alii.
1282 1235 1373 1267 nec
1401 1221 1571 1268 tamen
1600 1220 1678 1267 illi
1708 1220 1816 1282 soli,

119 1296 207 1343 sed
246 1297 296 1343 et
333 1294 507 1344 ceteris
546 1294 641 1343 diis
689 1293 1112 1356 obsequebantur,
1163 1292 1263 1355 ipsi
1306 1295 1475 1342 tamen
1521 1295 1817 1357 specialiter,

46 1382 87 1415 15
121 1370 357 1432 quoniam
385 1370 543 1432 ipsius
576 1368 746 1417 debita
776 1368 1085 1416 sollemnitas
1116 1368 1231 1415 fuit.
1286 1383 1395 1418 ecce
1425 1369 1548 1416 laeti
1577 1369 1817 1431 homines„

119 1459 259 1492 sacer
294 1444 432 1491 locus
473 1442 678 1507 agendis
715 1442 979 1506 religiosis,
1017 1443 1157 1490 lucus
1198 1441 1431 1490 arborum
1461 1444 1816 1491 nemorositate

119 1517 450 1582 gratissimus,
489 1519 761 1566 conventus
794 1517 946 1565 etiam
976 1532 1219 1565 novorum
1248 1517 1509 1565 hominum
1539 1520 1589 1565 et
1618 1517 1816 1582 religio-

120 1607 286 1640 sorum
324 1592 689 1654 pacatissimus.
743 1607 1014 1654 pauperem
1053 1593 1281 1639 senatum
1321 1591 1554 1640 debemus
1596 1593 1815 1654 accipere

120 1669 171 1714 et
206 1682 411 1714 numero
452 1668 503 1714 et
540 1665 732 1729 opibus,
772 1665 1011 1728 quoniam
1049 1668 1100 1713 et
1136 1667 1302 1728 ipsum
1339 1681 1508 1729 regem
1549 1682 1817 1728 pauperem

45 1753 89 1785 so
121 1741 272 1802 dixit3
321 1742 500 1789 volunt
553 1742 722 1788 autem
777 1740 982 1802 quidam
1035 1755 1238 1787 numero
1290 1741 1492 1788 tantum
1544 1755 1818 1803 pauperem

120 1817 348 1863 senatum
371 1814 552 1863 dixisse
574 1814 869 1878 Vergilium,
894 1813 1040 1876 quasi
1061 1814 1168 1862 fieri
1191 1816 1361 1877 posset
1382 1816 1441 1861 ut
1471 1814 1579 1878 regi
1608 1816 1818 1878 pauperi

121 1888 300 1937 divites
341 1888 742 1951 obsequerentur.
811 1889 866 1936 hi
901 1889 1060 1952 igitur
1097 1888 1308 1936 adunati
1343 1888 1433 1936 illo
1474 1888 1552 1936 die
1590 1889 1817 1937 fuerunt:

122 1962 295 2010 aderat
340 1964 390 2010 et
433 1962 604 2011 Pallas
648 1963 783 2010 filius
821 1963 975 2026 regis,
1013 1964 1074 2010 ut
1112 1962 1225 2024 deo,
1264 1962 1404 2011 cuius
1434 1962 1672 2011 beneficia
1710 1979 1818 2011 sen-

122 2038 303 2098 serant,
334 2039 454 2086 vota
484 2037 824 2099 persolverent
854 2052 1021 2085 omnes
1056 2038 1106 2084 et
1144 2037 1320 2085 darent
1357 2039 1496 2099 tura3
1537 2053 1664 2099 quae
1704 2053 1819 2086 cum

46 2122 89 2155 25
119 2111 316 2172 fierent,
367 2110 595 2159 fumabat
641 2110 785 2159 iuxta
835 2126 947 2160 aras
995 2111 1196 2175 tepidus
1247 2126 1411 2172 cruor,
1449 2111 1650 2174 tepidus
1688 2112 1816 2173 ideo,

123 2186 242 2248 quia
278 2185 471 2234 vicinae
511 2185 712 2233 fuerant
750 2201 864 2233 arae
904 2185 1133 2234 ardentes
1178 2188 1266 2233 aut
1306 2186 1425 2248 quia
1455 2185 1509 2233 in
1541 2187 1817 2234 continenti

121 2260 285 2307 fuerat
335 2259 533 2308 effusus.
620 2260 814 2308 interea
864 2261 1055 2321 quanta
1106 2259 1240 2307 dicta
1286 2262 1404 2308 sunt
1439 2260 1493 2307 in
1531 2260 1816 2309 narratione

120 2333 435 2383 brevissima!
508 2349 625 2382 nam
665 2333 872 2381 dicendo
912 2334 1202 2382 sollemnem
1240 2334 1373 2382 diem
1410 2337 1460 2382 et
1496 2336 1694 2397 tempus
1734 2334 1815 2383 de-

123 2407 344 2472 signavit
405 2408 541 2470 quod
602 2407 855 2457 observari
914 2410 1239 2457 consueverat
1300 2411 1350 2456 et
1418 2423 1620 2457 causam
1689 2424 1815 2469 quae

48 2493 91 2525 30
123 2481 511 2530 sollemnitatem
568 2481 731 2545 ipsam
792 2481 991 2531 fecerat.
1082 2499 1169 2530 rex
1216 2482 1395 2530 Arcas:
1451 2485 1501 2530 et
1553 2498 1816 2545 personam

121 2557 253 2620 regis
279 2555 563 2620 designavit
585 2558 635 2604 et
659 2555 820 2620 gentis
844 2572 1023 2604 nomen
1049 2573 1146 2619 qua
1169 2558 1298 2604 esset
1321 2558 1533 2605 exortus.
1579 2557 1815 2604 honorem

122 2630 604 2692 Amphitryoniadae
641 2646 850 2694 magno:
891 2633 941 2678 et
980 2630 1060 2678 dei
1096 2646 1275 2678 nomen
1308 2646 1418 2679 cum
1452 2630 1587 2679 omni
1616 2631 1815 2678 honori-

243 2775 270 2814 5
310 2771 432 2815 dona
462 2770 505 2814 V
537 2771 631 2815 ed.:
675 2771 774 2815 noli
816 2770 1043 2827 suspicari
1084 2770 1319 2815 Donatum
1364 2770 1430 2815 sic
1472 2770 1662 2827 legisse,
1705 2783 1815 2814 nam

123 2829 248 2873 infra
286 2830 450 2875 darent
487 2835 595 2875 tura
637 2830 845 2886 scripsit,
886 2843 996 2887 ergo
1030 2831 1244 2874 variandi
1276 2843 1420 2874 causa
1448 2830 1537 2872 hoc
1566 2829 1725 2884 posuit
1756 2830 1814 2874 cf.

124 2889 272 2944 praef.
308 2889 312 2945 J
351 2895 535 2933 senatus
557 2888 598 2931 V
624 2889 695 2933 ed.
729 2891 826 2933 -tui
857 2903 953 2933 nos.
1047 2893 1103 2932 10
1135 2891 1228 2935 loco
1252 2890 1294 2932 V
1319 2903 1430 2932 corr.
1458 2888 1529 2932 ed.
1625 2893 1678 2932 12
1711 2903 1814 2933 con-

123 2953 264 2993 staret
285 2947 327 2991 V
357 2949 690 3005 intelleyeretwr
719 2949 790 2992 ed.
892 2952 947 2992 13
978 2950 1194 3005 quoniam
1223 2949 1438 3003 feruntur
1459 2947 1502 2990 V
1531 2948 1566 3002 f.
1591 2949 1710 2992 enim
1742 2948 1813 2992 ed.

30 3024 34 3026 ·
129 3010 183 3049 16
214 3008 355 3063 ayelis
377 3006 420 3050 V
450 3008 640 3064 ayendis
670 3021 754 3051 nos
787 3020 874 3051 om.
901 3007 972 3051 ed.
1021 3007 1026 3066 Ι
1075 3008 1277 3064 reliyiosi
1298 3007 1340 3051 V
1371 3008 1460 3052 -sis
1490 3021 1574 3051 nos
1605 3022 1711 3052 -sus
1742 3007 1813 3051 ed.

214 3095 311 3127 Don.
326 3096 483 3135 interpr.
496 3097 609 3137 Verg.
633 3097 709 3129 vol.
725 3097 776 3129 11.
1523 3100 1548 3139 9
