2050 3226
246 163 353 216 336
716 160 949 205 DONATI
979 159 1260 205 INTERPR.
1284 159 1464 206 VERG.

245 302 412 348 autem
448 300 577 348 hunc
616 301 781 348 notari
819 299 1033 364 Vergilii
1070 300 1390 362 carminibus,
1436 317 1535 349 non
1583 300 1700 363 quia
1747 299 1935 350 adoles-

245 373 398 422 centis
450 390 615 422 amore
665 377 894 437 raptatus
946 377 1044 435 est,
1097 373 1232 435 quod
1281 377 1399 422 tunc
1449 375 1639 423 licitum
1692 374 1810 435 fuit,
1850 374 1936 423 sed

245 449 363 510 quia
400 447 489 496 illo
529 449 637 496 1000
671 451 820 510 atque
851 448 938 495 1110
971 450 1191 510 tempore
1224 447 1283 495 de
1315 449 1474 497 salute
1508 448 1554 496 ei
1583 449 1750 511 potius
1784 464 1936 511 quam

244 521 302 570 de
341 522 561 571 libidinis
600 523 772 571 morbo
819 523 985 570 fuerat
1033 521 1354 585 cogitandum
1401 525 1450 571 et
1497 522 1615 586 quia
1659 523 1935 572 iuventutis

244 595 465 644 studium
510 597 810 660 flagitiosum
857 596 910 643 in
959 596 1112 643 aliam
1163 612 1358 658 quoque
1410 598 1625 645 aetatem
1673 597 1937 645 inhonesta

244 671 617 718 continuatione
678 670 990 732 perduxerat.
1099 670 1306 733 denique
1368 671 1449 719 hic
1508 671 1937 733 reprehensionem

242 745 405 806 ipsam
444 744 720 793 evidentius
762 745 977 806 aperuit,
1017 743 1106 791 ubi
1143 745 1314 806 posuit
1351 760 1481 793 nova
1520 744 1706 809 gaudia
1752 747 1802 792 et
1849 744 1938 807 qui

242 819 476 866 iuvenum
516 818 611 866 tibi
650 833 842 881 semper
879 820 1035 866 erant.
1105 834 1291 867 novum
1329 818 1460 866 enim
1498 819 1598 867 fuit
1635 820 1694 866 ut
1730 818 1936 867 maturi-

166 923 170 926 ·
243 892 340 940 oris
390 892 569 941 aetatis
621 891 827 940 auderet
877 891 1011 954 quod
1059 891 1293 940 iuvenum
1338 892 1451 940 fuit.
1525 894 1582 940 tu
1622 895 1810 954 autem,
1850 893 1934 953 ait,

242 967 447 1014 iuventa
483 968 739 1014 transacta
775 967 830 1014 in
869 966 1088 1014 eiusdem
1126 965 1456 1030 turpitudinis
1497 982 1661 1014 amore
1691 967 1935 1015 mansisti.

243 1040 490 1089 ordinatio
528 1040 673 1090 istius
713 1041 810 1088 1001
848 1040 965 1088 talis
1005 1042 1101 1088 est:
1140 1043 1197 1088 tu
1230 1057 1449 1103 quoque,
1484 1039 1655 1103 Cydon
1684 1040 1858 1089 infelix
1889 1043 1939 1089 et

241 1114 540 1175 miserande,
581 1115 700 1162 dum
741 1113 962 1177 Clytium
1000 1115 1265 1163 flaventem
1302 1115 1466 1177 prima
1503 1114 1739 1179 lanugine
1779 1115 1936 1163 malas

242 1203 462 1250 securus,
501 1204 632 1238 nova
672 1205 895 1237 amorum
935 1188 1143 1252 gaudia,
1183 1190 1426 1250 sequeris,
1476 1189 1563 1251 qui
1601 1204 1793 1237 amores
1834 1204 1938 1238 esse

242 1263 478 1311 iuvenum
528 1264 710 1325 solent,
759 1264 956 1324 iaceres,
997 1265 1183 1312 stratus
1233 1262 1489 1311 Dardania
1537 1262 1751 1311 dextera.
1829 1278 1937 1311 ecce

243 1331 424 1384 dicitur
478 1353 564 1385 cur
616 1353 715 1385 non
770 1339 837 1385 sit
891 1337 1102 1385 occisus:
1162 1338 1217 1385 ni
1268 1338 1484 1397 fratrum
1541 1338 1722 1397 stipata
1773 1337 1938 1386 cohors

239 1412 365 1470 foret
401 1412 563 1468 obvia,
611 1412 787 1459 Phorci
824 1413 1093 1472 proyemeS.
1172 1411 1387 1460 ostendit
1429 1410 1700 1472 Cydonem,
1739 1410 1938 1459 libidini

242 1485 395 1533 etiam
425 1487 534 1533 tum
567 1485 790 1534 deditum
822 1501 933 1534 cum
964 1486 1142 1534 salutis
1174 1485 1399 1547 pericula
1429 1487 1787 1547 tractarentur,
1820 1501 1937 1534 casu

240 1558 405 1620 potius
446 1559 641 1608 Aeneae
679 1560 910 1607 manibus
965 1575 1115 1622 quam
1161 1560 1365 1622 propria
1414 1560 1599 1608 virtute
1646 1559 1936 1621 liberatum,

241 1649 357 1681 nam
397 1649 453 1681 eo
493 1636 742 1682 momento
781 1635 1020 1696 temporis
1054 1649 1151 1696 quo
1183 1633 1352 1681 Aenea
1382 1635 1706 1696 persequente
1738 1636 1938 1695 poterat

241 1707 443 1756 interire
475 1723 713 1756 emersere
743 1707 837 1756 filii
859 1707 1038 1756 Phorci
1063 1708 1258 1756 densati
1282 1707 1431 1756 simul
1455 1707 1701 1770 simulque
1726 1707 1936 1756 collecti.

141 1793 225 1833 330
242 1785 419 1841 septem
474 1796 696 1839 numerO,
747 1786 1034 1843 septenaque
1092 1782 1187 1830 tela
1235 1782 1499 1829 coniciunt:
1559 1781 1836 1844 periculum
1883 1781 1938 1830 in

242 1855 319 1903 his
361 1858 410 1904 et
446 1856 790 1919 manifestum3
841 1857 952 1918 quis
1003 1857 1135 1904 enim
1182 1856 1463 1917 unanimes,
1514 1857 1837 1919 congregatos
1887 1858 1937 1904 et

242 1929 374 1977 tanti
411 1931 606 1978 numeri
644 1946 743 1978 non
781 1930 979 1978 timeret
1020 1946 1118 1979 uno
1161 1931 1268 1978 ictu
1309 1931 1498 1992 septem
1535 1930 1637 1978 tela
1674 1928 1936 1978 iacientis?

245 2003 503 2052 consilium
549 2004 706 2067 igitur
750 2004 849 2052 fuit
899 2005 1208 2052 contemnere
1252 2003 1452 2052 interim
1492 2002 1706 2066 Cydonis
1752 2019 1935 2065 necem,

243 2079 302 2124 ut
339 2077 472 2126 hosti
511 2079 715 2126 collecto
754 2079 807 2126 in
839 2080 1090 2127 catervam
1122 2079 1437 2126 resisteretur
1466 2079 1720 2141 primitus,
1751 2079 1805 2126 in
1837 2094 1934 2141 quo

242 2153 401 2199 maior
430 2153 507 2200 vis
538 2152 746 2214 periculi
777 2153 875 2200 fuit
906 2154 968 2214 et,
1001 2154 1045 2200 si
1075 2153 1283 2201 favisset
1313 2155 1532 2213 eventus,
1555 2167 1738 2216 magna
1769 2154 1936 2214 posset

245 2225 302 2272 de
341 2225 566 2287 pluribus
605 2226 814 2274 victoria
853 2227 1126 2289 provenire.
1183 2228 1370 2286 partim
1403 2227 1547 2287 ,qalea
1587 2227 1825 2285 clipeoque
1862 2240 1934 2273 re-

243 2299 428 2347 sultant
463 2300 639 2347 inrita:
678 2301 945 2349 veniebant
984 2300 1185 2363 quidem
1222 2300 1350 2348 ictus
1392 2301 1610 2348 omnium
1652 2300 1705 2347 in
1737 2299 1933 2347 Aeneae

245 2375 439 2421 scutum
478 2376 528 2422 et
566 2375 782 2438 galeam,
822 2375 907 2423 sed
939 2375 1164 2423 laedendi
1194 2374 1412 2437 corporis
1444 2374 1584 2422 nulla
1614 2373 1937 2436 proveniebat

363 2505 388 2543 2
413 2506 600 2556 aptatus
615 2499 699 2543 VR
723 2506 882 2556 captus
907 2501 978 2544 ed.
1065 2506 1089 2544 3
1116 2502 1158 2545 ei
1181 2515 1268 2545 om.
1295 2500 1367 2544 ed.
1451 2505 1479 2543 4
1503 2500 1836 2544 concidandum
1851 2498 1936 2543 VR

243 2560 600 2604 contendendum
624 2559 695 2603 ed.
721 2561 1011 2616 cogitandum
1035 2574 1131 2604 noe.
1233 2565 1257 2603 6
1276 2559 1560 2616 perduxerat
1575 2558 1660 2602 VR
1679 2564 1937 2614 proteaeerat

245 2618 315 2661 ed.
343 2624 609 2674 porrexerat
633 2618 702 2662 ed.
721 2621 839 2674 post.
934 2624 959 2662 8
985 2620 1065 2663 ubi
1080 2619 1164 2662 VR
1188 2622 1346 2675 (supra
1369 2618 1411 2661 R
1433 2619 1548 2674 tibi).
1585 2617 1588 2675 Ι
1634 2623 1732 2662 erat
1753 2617 1839 2661 VR
1863 2617 1934 2662 ed.

246 2681 300 2719 10
325 2691 518 2722 amorem
535 2677 619 2722 VR
644 2691 744 2721 corr
776 2678 847 2722 ed.
936 2683 987 2721 12
1015 2679 1094 2734 qui
1117 2680 1226 2722 dum
1241 2678 1326 2722 VR
1351 2677 1421 2721 ed.
1447 2678 1526 2733 qui
1551 2676 1714 2720 delevi.
1793 2681 1846 2720 13
1870 2691 1936 2721 se-

244 2750 381 2780 curus
403 2736 488 2779 VR
518 2742 732 2793 sequutus
762 2737 832 2780 ed.
871 2737 875 2794 1
912 2739 1079 2782 amoris
1101 2737 1188 2780 VR
1220 2751 1332 2781 corr.
1360 2736 1430 2780 ed.
1529 2741 1583 2779 14
1615 2737 1828 2780 iuvenum
1852 2735 1936 2779 VR

243 2797 523 2840 scelestorum
547 2798 575 2839 i.
596 2796 665 2840 ed.
697 2795 701 2853 Ι
728 2797 890 2840 iaceris
906 2796 991 2839 VR
1008 2810 1120 2841 corr.
1139 2796 1210 2840 ed.
1240 2796 1244 2854 Ι
1273 2797 1434 2840 dextra
1459 2795 1529 2838 ed.
1606 2799 1659 2838 15
1683 2796 1837 2850 sipata
1852 2794 1937 2838 VR

246 2867 358 2897 corr.
376 2870 410 2897 r.
499 2859 552 2898 18
576 2857 786 2900 virtutem
802 2854 887 2898 VR
911 2869 1020 2898 0011.
1043 2855 1112 2900 ed.
1201 2859 1255 2898 20
1278 2855 1390 2910 filiis
1406 2853 1460 2897 V.
1490 2854 1493 2911 Ι
1523 2854 1704 2898 densati
1718 2853 1803 2897 VR
1827 2859 1869 2898 et
1891 2854 1934 2897 d.

246 2913 315 2956 ed.
392 2915 529 2958 simul
544 2914 629 2957 VR
651 2919 760 2959 sunt
783 2914 852 2957 ed.
940 2919 993 2957 22
1025 2915 1096 2958 his
1119 2920 1160 2958 et
1176 2914 1261 2958 VR
1282 2914 1323 2957 h.
1350 2914 1484 2957 etiam
1509 2913 1580 2957 011.
1667 2917 1721 2956 23
1745 2914 1936 2956 iaecien—

246 2977 308 3016 tes
374 2972 427 3017 R.
502 2978 558 3017 26
582 2974 768 3027 favisset
783 2973 867 3016 VR
890 2973 1052 3027 fuisset
1076 2973 1146 3017 ed.
1217 2977 1272 3016 28
1297 2974 1348 3016 in
1372 2985 1461 3017 om.
1479 2971 1534 3016 V.
1598 2975 1652 3015 29
1678 2985 1840 3028 corpus
1864 2971 1934 3015 ed.

1969 981 2011 1012 10

1970 1349 2011 1382 15

1968 1721 2050 1754 20,

1967 2090 2010 2123 25
