2050 3226
219 201 327 253 216
694 198 926 243 DONATI
955 198 1022 242 IN
1024 198 1236 243 TERPR.
1261 198 1440 243 VERG.

220 354 318 386 non
366 354 448 386 ero
494 339 646 387 matri
691 341 807 387 tuae
854 338 1039 387 doloris
1086 354 1257 399 causa,
1303 354 1363 386 ne
1411 339 1616 388 consilia
1654 355 1765 387 mea
1802 339 1908 388 ictu

221 413 485 461 saevientis
535 412 762 461 orbitatis
812 416 1020 460 accuset.
1097 415 1310 460 meretur
1356 413 1446 461 illa
1484 429 1583 462 non
1624 414 1783 476 decipi
1823 414 1907 461 ad-

218 489 372 535 versis
419 487 616 535 casibus
660 488 776 535 tuis.
831 487 970 553 ‚ipsa
1024 488 1099 534 est
1152 487 1292 535 cuius
1340 487 1590 536 adfectum
1635 503 1723 535 nec
1769 489 1906 536 aetas

218 562 402 608 minuit
453 577 542 609 nec
602 561 872 624 longaevus
927 563 1004 608 tot
1059 561 1440 624 navigationum
1500 562 1641 610 labor
1701 561 1908 609 adflixit.

218 637 416 683 tantum
454 635 544 682 illa
583 636 853 697 praecipua
891 634 1066 682 matris
1106 636 1265 697 partis
1304 636 1536 698 inplevit,
1566 638 1626 684 ut
1655 651 1907 684 remanen·
1962 648 1982 681 5

217 708 352 756 tibus
393 709 527 771 apud
565 710 778 757 Acesten
816 711 893 756 tot
930 708 1170 757 matribus
1217 708 1436 757 laborem
1474 709 1768 771 praetulerit
1806 710 1908 759 otio

219 785 269 830 et
328 782 692 831 humanitatem
747 798 804 831 ac
865 782 1149 846 diligentias
1202 784 1334 832 tanti
1382 784 1598 846 hospitis
1652 785 1907 846 spreverit.

162 896 165 899 .
219 872 369 919 quam
406 859 554 920 putas
591 857 692 905 illis
731 856 1038 918 temporibus
1078 857 1184 905 eius
1222 857 1549 906 intentionem
1587 857 1774 907 fuisse?
1836 859 1906 906 la-

217 931 391 979 borare
431 932 604 994 procul
643 931 791 979 dubio
832 933 1004 979 contra
1051 932 1231 980 aetatis
1270 931 1501 980 meritum
1537 933 1720 980 maluit
1758 948 1917 994 quam>

218 1004 388 1053 divelli
428 1021 457 1053 a
497 1005 838 1068 conspectibus
871 1006 987 1053 tuis.
1051 1021 1078 1054 o
1110 1007 1433 1068 praecipuum
1463 1005 1687 1054 studium
1716 1006 1908 1067 matris,
1941 1018 1984 1050 ιο

218 1096 245 1128 o
284 1082 444 1141 pietas
483 1080 537 1127 in
575 1080 777 1143 longam
807 1080 1134 1143 propaganda
1170 1079 1481 1142 memoriam,
1522 1095 1672 1143 quam
1710 1096 1799 1128 nec
1837 1081 1907 1128 la-

217 1153 306 1200 bor
344 1153 523 1202 terruit
560 1169 649 1202 nec
688 1154 988 1202 cessantium
1026 1153 1182 1202 traxit
1227 1156 1316 1202 aut
1353 1155 1570 1203 mutavit
1608 1155 1907 1216 exemplum!

217 1229 407 1290 quanta
441 1227 703 1276 materiam
742 1227 892 1276 istam
932 1228 1231 1289 subtilitate,
1272 1230 1461 1291 quanta
1500 1230 1605 1276 arte
1645 1228 1908 1291 conclusit,

217 1303 437 1350 servavit
476 1305 659 1365 quippe
699 1301 762 1349 ad
800 1303 948 1350 finem
986 1317 1250 1364 personam
1286 1302 1461 1351 matris
1501 1304 1551 1350 et
1587 1302 1766 1351 merita
1804 1302 1907 1351 eius

217 1376 472 1424 evidenter
522 1375 754 1425 ostendit.
831 1376 917 1425 sed
965 1376 1050 1425 ille
1106 1376 1326 1424 animum
1379 1392 1552 1440 gerens
1606 1376 1908 1439 reipublicae
1941 1387 1982 1420 15

216 1450 546 1498 necessarium
576 1449 786 1512 privatis
818 1451 1060 1512 praetulit
1088 1450 1222 1513 quod
1254 1450 1510 1513 publicum
1541 1451 1662 1513 fuit,
1695 1451 1907 1514 denique

113 1535 199 1576 220
217 1539 416 1581 causa-5,
441 1524 628 1586 inquit,
652 1525 971 1584 nequicquam
993 1526 1141 1572 nectis
1165 1525 1333 1572 inanis
1356 1539 1442 1573 nec
1463 1539 1573 1572 mea
1595 1526 1698 1573 iam
1719 1529 1909 1573 mutata

218 1599 315 1646 loco
338 1599 574 1646 sententia
598 1599 742 1646 cedit:
773 1615 924 1660 quam
949 1598 1047 1647 cito
1073 1599 1412 1662 adlegationes
1431 1598 1588 1647 omnis
1606 1599 1719 1648 Nisi
1735 1598 1908 1647 dissol-

215 1673 292 1720 vit
337 1672 543 1720 dicendo
589 1672 752 1720 inanis
800 1688 903 1721 esse
944 1688 1118 1721 causas
1158 1689 1282 1735 quas
1324 1674 1387 1721 ad
1426 1674 1791 1722 excusationem
1830 1675 1908 1722 sui

215 1746 417 1808 putavit
435 1762 537 1795 esse
555 1747 834 1794 nectendas.
867 1746 910 1795 si
927 1747 1055 1795 enim
1071 1763 1244 1795 revera
1261 1746 1647 1808 considerentur,
1662 1747 1906 1809 reperien-
1939 1758 1982 1789 2⁰

214 1823 299 1867 tur
345 1837 513 1869 omnes
551 1821 689 1883 ipsae
729 1836 905 1869 causae
947 1837 976 1868 a
1022 1821 1326 1883 professione
1365 1821 1462 1869 viri
1507 1822 1652 1870 fortis
1700 1821 1906 1870 alienae.

215 1911 471 1957 superesse
511 1896 643 1942 enim
672 1894 946 1958 Euryalum
984 1894 1149 1943 voluit
1187 1911 1245 1943 ea
1275 1894 1506 1944 videlicet
1545 1911 1715 1957 causa,
1755 1913 1815 1944 ne
1854 1898 1907 1943 in

214 1969 388 2030 primis
429 1969 569 2017 annis
610 1969 938 2030 occumberet,
972 1971 1118 2031 quasi
1154 1969 1205 2016 id
1245 1969 1444 2017 demum
1484 1971 1656 2032 optare
1694 1969 1770 2018 vir
1808 1969 1906 2018 for·

213 2044 438 2091 tissimus
479 2044 671 2104 debeat,
711 2044 793 2091 cui
830 2044 1093 2105 pulchrum
1133 2045 1208 2092 est
1244 2045 1297 2091 in
1336 2058 1510 2106 campo
1549 2044 1716 2107 potius
1757 2060 1906 2106 quam

214 2118 266 2164 in
314 2117 494 2165 lectulo
541 2119 681 2165 mori.
760 2117 934 2166 dehinc
982 2118 1267 2179 sepulturae
1315 2117 1578 2166 subnexuit
1616 2118 1768 2166 aliam
1808 2134 1906 2180 qua
1939 2127 1981 2160 25

213 2207 313 2239 non
338 2191 504 2239 decuit
534 2191 722 2239 moveri
745 2191 1033 2253 sapientem.
1089 2191 1286 2254 quando
1319 2193 1451 2239 enim
1475 2193 1698 2240 sentiunt
1720 2194 1907 2240 mortui

214 2266 527 2313 commodum
558 2265 874 2327 sepulturae?
922 2265 1120 2328 quando
1152 2268 1312 2314 terrae
1343 2265 1667 2314 beneficium?
1707 2266 1904 2328 quando

213 2339 507 2387 inferiarum
531 2339 803 2401 superfluas
830 2339 1014 2401 dapes?
1067 2341 1267 2388 tertiam
1299 2341 1470 2402 posuit
1491 2339 1666 2388 matris
1691 2355 1905 2401 causam,

215 2429 365 2475 quam
381 2414 581 2475 putavit
598 2413 956 2462 validissimam
972 2413 1138 2475 Nisus,
1163 2415 1248 2463 sed
1263 2415 1423 2476 ipsam
1440 2429 1635 2477 quoque
1655 2413 1905 2476 Euryalus

213 2487 410 2535 videtur
455 2487 676 2551 tetigisse
725 2490 774 2535 et
818 2487 1150 2537 transmisisse
1195 2505 1285 2550 pro
1332 2487 1443 2536 levi.
1521 2503 1609 2535 cur
1647 2489 1779 2535 enim
1815 2489 1905 2536 illa
1937 2498 1980 2530 3⁰

215 2563 416 2625 gravius
448 2561 521 2609 fili
551 2562 718 2609 luctus
751 2562 1008 2623 exciperet,
1041 2562 1085 2610 si
1114 2563 1260 2610 illum
1290 2563 1342 2609 in
1374 2563 1638 2610 certamine
1662 2562 1904 2624 perderet,

214 2724 342 2762 testes
366 2720 454 2762 eris
469 2718 511 2761 V
535 2718 783 2773 testificerz's
806 2717 876 2760 ed.
952 2723 977 2760 2
1002 2719 1241 2762 saevientis
1256 2717 1298 2760 V
1323 2717 1393 2762 ed.
1417 2718 1651 2761 saeviens?
1725 2722 1750 2761 5
1768 2732 1904 2773 prae-

214 2779 374 2832 cipuas
399 2778 469 2820 ed.
549 2782 572 2820 7
598 2777 882 2833 dili-§tentiam
907 2776 977 2820 ed.
1061 2781 1115 2819 10
1140 2777 1447 2833 conspectibus
1470 2777 1566 2820 eius
1589 2776 1631 2819 V
1655 2791 1691 2821 c.
1716 2779 1808 2821 tuis
1832 2776 1902 2820 ed.

217 2842 270 2878 13
296 2842 514 2892 quantam
538 2837 776 2880 materiam
798 2835 840 2878 V
865 2849 977 2878 corr.
1005 2836 1075 2879 ed.
1170 2840 1223 2879 16
1257 2837 1448 2891 denique
1472 2835 1514 2878 V
1543 2836 1621 2879 ille
1650 2841 1800 2879 autem
1831 2836 1902 2879 ed.

218 2900 270 2938 17
296 2909 461 2939 causae
476 2895 530 2939 V.
560 2896 561 2930 l
591 2896 743 2951 inquit
765 2907 852 2937 om.
873 2895 946 2937 ed.
1007 2900 1061 2937 23
1087 2894 1320 2939 demumV
1344 2896 1394 2939 id
1417 2895 1460 2938 d.
1482 2908 1565 2938 nos
1590 2895 1770 2939 domum
1794 2895 1864 2938 ed.
1895 2895 1899 2951 5

214 2955 510 3008 fortissimum
545 2954 587 2997 V
630 2968 743 2997 corr.
788 2953 858 2996 ed.
981 2958 1035 2996 25
1079 2954 1239 2998 deinde
1281 2954 1351 2998 ed.
1483 2958 1537 2997 26
1580 2955 1827 3009 sapientem
1861 2953 1904 2995 V

209 3015 563 3069 praecipientem
596 3013 666 3058 ed.
790 3016 844 3055 29
872 3014 1038 3068 putavi
1060 3012 1115 3056 V.
1238 3017 1294 3056 30
1324 3014 1605 3057 transmissis
1631 3011 1685 3055 V.
