2050 3226
246 176 355 229 498
718 173 953 218 DONATI
984 173 1266 217 INTERPR.
1291 173 1470 218 VERG.

145 325 229 364 550
245 315 422 362 innare
454 327 648 373 parans
685 315 895 374 infantis
936 327 1100 362 amore
1135 313 1362 361 tardatur
1393 328 1596 375 caroque
1626 315 1762 362 oncri
1792 315 1945 362 timet:

247 404 360 436 cum
398 390 570 436 contra
609 390 917 436 armatorum
966 387 1152 435 civium
1197 387 1488 435 violentiam
1535 389 1697 437 solum
1739 388 1946 437 natandi

247 461 522 510 subsidium
561 465 861 524 superesset,
902 460 1136 509 obstabat
1174 460 1418 509 carissimi
1449 462 1608 511 oneris
1643 478 1783 511 cura:
1824 478 1945 526 quo-

246 536 392 584 modo
440 535 571 583 enim
620 535 775 583 filiam
830 551 949 598 prae
993 549 1043 582 se
1091 535 1264 596 ferret,
1316 551 1426 583 cum
1464 537 1517 583 in
1567 552 1677 584 eam
1726 535 1945 599 corporis

246 612 441 673 partem
477 609 861 658 incumbendum
901 610 1031 657 esset
1063 624 1162 671 qua
1191 609 1359 671 potuit
1388 608 1539 657 ferri?
1590 627 1620 659 a
1651 610 1796 659 dorso
1827 626 1945 660 vero

248 684 515 747 quomodo,
557 699 682 746 quae
722 684 876 731 etiam
913 682 1107 731 modico
1146 683 1331 731 haustu
1369 684 1534 732 necari
1571 685 1821 748 potuisset
1859 687 1947 733 aut

171 808 175 811 ,
245 759 447 820 inpulsu
485 756 771 820 praecipitis
811 756 973 805 undae
1012 758 1235 820 paternis
1266 757 1535 807 visceribus
1574 758 1718 821 rapi?
1781 759 1947 807 omnia

246 847 406 880 secum
430 832 669 879 versanti:
692 831 993 895 generalitas
1016 831 1116 880 ista
1137 830 1451 880 intellectum
1472 832 1772 881 latissimum
1795 835 1948 895 tenet3

245 907 445 955 tantum
492 906 624 953 enim
670 908 814 967 pater
861 905 1140 954 advertitur
1185 922 1275 968 pro
1324 906 1457 955 filiae
1508 907 1668 955 salute
1706 908 1946 955 tractasse

248 981 491 1042 quantum
528 980 869 1043 unusquisque
907 980 1131 1042 potuerit
1177 980 1498 1029 coniectando
1538 981 1783 1045 colligere.
1861 982 1945 1029 ad-

248 1053 377 1101 didit
407 1069 595 1116 secum3
626 1053 679 1101 in
710 1053 832 1103 locis
866 1055 998 1102 enim
1030 1053 1148 1102 solis
1180 1053 1234 1101 id
1265 1056 1340 1102 est
1363 1054 1569 1103 desertis
1594 1071 1743 1118 quem
1766 1055 1946 1103 habere

248 1127 588 1177 consiliarium
625 1127 830 1190 posset?
895 1130 984 1176 aut
1022 1128 1133 1190 quis
1172 1127 1225 1176 in
1263 1127 1358 1176 tali
1396 1144 1547 1177 causa
1577 1130 1720 1191 patre
1753 1130 1948 1178 cautior

246 1202 408 1251 valuit
451 1201 692 1266 reperiri?
757 1203 913 1251 subito
951 1203 1033 1250 vix
1072 1203 1188 1250 hacc
1230 1204 1467 1251 sententia
1503 1203 1652 1251 sedit:
1699 1203 1810 1251 ideo
1850 1203 1946 1264 vix,

249 1278 367 1339 quia
406 1276 731 1324 occurrebant
780 1277 1021 1325 tractanti
1068 1275 1341 1338 contraria,
1390 1277 1501 1325 ideo
1552 1277 1656 1339 vix,
1705 1278 1764 1324 ut
1814 1277 1948 1340 quod

248 1350 531 1399 faciendum
569 1350 832 1400 tractando
871 1353 1159 1414 reppererat
1196 1351 1249 1398 id
1286 1367 1386 1399 non
1421 1352 1699 1413 temeritas,
1739 1351 1825 1400 sed
1862 1368 1944 1399 ne-

248 1424 450 1474 cessitas
490 1426 724 1488 ingruens
773 1425 1002 1473 attulisse
1052 1425 1320 1474 videretur.
1397 1441 1509 1473 cum
1547 1425 1668 1474 dicit
1705 1425 1788 1474 vix
1824 1426 1946 1474 haec

247 1499 492 1548 sententia
547 1499 697 1561 sedit,
765 1500 984 1548 ostendit
1038 1500 1191 1547 etiam
1243 1501 1426 1562 ipsam,
1481 1515 1593 1548 cum
1648 1499 1946 1561 displiceret,

247 1573 483 1636 temporis
515 1575 722 1637 urgente
755 1573 1099 1636 desperatione
1130 1573 1398 1636 placuisse,
1428 1589 1527 1621 non
1553 1590 1650 1636 quo
1683 1575 1812 1622 esset
1833 1575 1946 1622 tuta

249 1650 340 1696 aut
363 1648 484 1696 certi
508 1650 730 1710 eventus,
755 1648 841 1696 sed
866 1648 985 1710 quia
1010 1647 1110 1695 alia
1135 1662 1390 1709 superesse
1413 1648 1719 1710 nequiverat.
1765 1648 1944 1696 melius

249 1721 433 1785 quippe
480 1722 643 1770 fuerat
689 1721 890 1770 incertis
933 1721 1087 1770 filiam
1137 1721 1330 1769 credere
1371 1737 1521 1783 quam
1567 1721 1824 1769 retinendo
1870 1721 1944 1769 in-

247 1797 387 1844 festis
426 1795 654 1844 hostibus
692 1812 966 1858 reservare3
1004 1796 1058 1843 in
1094 1795 1282 1843 incerto
1323 1797 1454 1843 enim
1492 1797 1753 1858 provenire
1793 1796 1945 1844 etiam

247 1886 537 1932 prosperum
567 1872 755 1932 potest,
786 1872 840 1918 in
872 1871 1044 1932 aperto
1073 1885 1188 1918 vero
1214 1869 1496 1918 discrimine
1523 1885 1579 1918 ac
1603 1869 1946 1932 desperatione

249 1944 538 2006 plenissima
587 1944 713 1992 nihil
762 1947 960 2007 praeter
1009 1943 1285 1993 adversum.
1362 1944 1508 1991 telum
1552 1944 1752 1992 inmane
1792 1959 1946 1992 marm

248 2018 438 2074 valida,
479 2019 605 2076 quod
641 2020 764 2078 forte
798 2019 995 2079 yerebat
1032 2018 1254 2066 bellator:
1304 2018 1617 2080 oportunitas
1668 2017 1849 2080 duplex
1888 2033 1945 2066 ac

250 2091 594 2153 praesentibus
619 2092 837 2141 consiliis
864 2107 1159 2156 congruens,
1191 2107 1309 2149 nam
1341 2095 1390 2140 et
1412 2092 1571 2140 telum
1599 2094 1771 2156 magni
1800 2091 1943 2140 robo-

249 2166 317 2214 ris
356 2166 457 2212 fuit
503 2167 552 2213 et
596 2169 826 2228 portator
868 2166 975 2230 ipse
1025 2165 1339 2214 fortissimus.
1416 2182 1516 2215 non
1562 2166 1693 2214 enim
1737 2166 1944 2214 tractari

250 2241 468 2288 maxima
506 2240 691 2301 species
723 2243 911 2302 posset,
951 2241 1048 2288 nisi
1086 2241 1131 2288 ei
1159 2239 1462 2304 'congrueret
1491 2241 1653 2289 virtus
1683 2241 1830 2302 plena
1863 2255 1943 2303 ge-

252 2314 444 2362 stantis.
515 2313 765 2362 obtulerat
803 2317 970 2363 autem
1009 2315 1211 2363 fortuna
1243 2314 1495 2362 aestuanti
1533 2313 1802 2362 subsidium
1844 2330 1942 2375 quo

251 2390 510 2437 inventum
547 2389 792 2450 potuisset
828 2388 1030 2451 inpleri3
1068 2405 1228 2451 neque
1268 2389 1399 2436 enim
1437 2388 1563 2436 illud
1594 2388 1753 2454 telum,
1785 2387 1942 2450 ipsius

251 2462 488 2525 temporis
535 2461 632 2509 fuit
678 2464 765 2509 aut
810 2463 1084 2524 praesentis
1135 2463 1443 2511 necessitatis
1491 2478 1639 2511 causa
1677 2460 1943 2522 ferebatur,

253 2537 338 2584 sed
377 2535 541 2584 studio
581 2535 834 2584 bellatoris
873 2536 1058 2599 iugiter
1102 2539 1251 2598 atque
1292 2552 1349 2584 ex
1387 2551 1521 2584 more
1561 2537 1770 2584 servato.
1831 2536 1942 2583 soli-

253 2611 369 2657 dum
413 2611 555 2658 nodis
598 2613 640 2657 et
683 2611 851 2658 robore
898 2614 1044 2657 cocto:
1096 2611 1254 2672 ipsius
1301 2611 1474 2658 hastae
1524 2610 1753 2658 materies
1800 2609 1943 2658 firma

252 2684 565 2732 naturalibus
604 2683 746 2732 nodis
786 2686 836 2732 et
873 2684 936 2732 ad
968 2684 1313 2732 fortitudinem
1352 2684 1474 2732 artis
1514 2699 1707 2746 quoque
1742 2684 1940 2746 ingenio

374 2815 396 2852 1
437 2811 650 2854 innatare
689 2811 850 2854 contra
889 2811 1087 2853 metrum
1122 2810 1177 2853 V.
1311 2815 1362 2853 11
1408 2811 1518 2855 solis
1554 2809 1605 2853 id
1642 2813 1707 2853 est
1748 2822 1835 2851 om.
1869 2808 1942 2852 ed.

255 2873 308 2910 12
335 2869 435 2924 quis
457 2868 499 2911 V
524 2870 603 2924 qui
626 2869 696 2913 ed.
785 2873 837 2912 13
862 2869 962 2913 ideo
986 2870 1064 2912 via:
1091 2869 1244 2924 priore
1267 2869 1368 2913 loco
1395 2868 1484 2913 del.
1511 2869 1581 2912 ed.
1607 2869 1726 2924 post.
1813 2872 1868 2911 14
1892 2873 1943 2911 ut

253 2927 440 3042 {23⁶1}AE
468 2929 579 3029 {ruia
608 2943 652 2972 u.
678 2942 750 2984 qu.
777 2928 847 2972 ed.
972 2932 1026 2970 18
1065 2942 1157 2972 non
1196 2929 1316 2984 quod
1355 2928 1425 2972 ed.
1549 2931 1604 2970 20
1646 2927 1827 2981 infestis
1868 2926 1941 2969 bis

1979 993 2021 1026 10

1979 1366 2020 1399 15

1977 1737 2020 1769 20

1977 2105 2019 2139 25

1976 2476 2018 2508 30
