2050 3226
259 182 365 236 258
731 179 964 224 DONATI
993 179 1055 223 IN
1062 178 1273 224 TERPR.
1298 178 1478 226 VERG.

257 320 468 368 inimici:
523 319 743 369 obtinuit
791 320 982 368 vallum
1033 324 1104 380 et,
1158 319 1278 381 quia
1328 319 1435 368 sola
1484 321 1742 382 supererat
1792 320 1945 368 turris

258 410 386 458 quae
436 396 565 443 esset
611 393 919 456 occupanda,
972 393 1129 442 scalas
1178 392 1383 455 petebat
1432 393 1611 455 quibus
1650 393 1714 442 ad
1752 408 1948 442 summa

257 469 363 516 eius
403 470 571 532 posset
607 467 869 532 perveniri.
946 469 1134 530 quanto
1174 467 1384 515 istorum
1422 467 1656 516 laudatur
1705 467 1946 516 instantia

254 544 398 591 tanto
444 543 790 606 praeferuntur
836 541 1061 603 Troiani,
1110 556 1232 604 quos
1278 542 1452 605 ingens
1498 557 1674 597 manus
1713 557 1945 605 superare

255 631 354 664 non
393 618 603 679 poterat.
1998 631 2018 670 5

153 701 238 741 525
376 691 492 747 Vos,
547 704 574 738 o
627 688 864 749 Calliope,
912 702 1109 749 precor,
1166 689 1415 750 adspirate
1465 690 1657 738 canenti
1706 703 1829 749 qaas
1877 690 1946 738 ibi

254 767 356 812 tam
384 765 516 824 ferro
547 768 753 825 strayeS,
795 777 918 822 qaae
946 763 1127 823 funera
1159 764 1360 811 Turnus
1392 763 1613 820 ediderit,
1647 778 1786 823 quem
1817 765 1946 823 qais-

254 853 344 898 que
386 839 547 886 viram
594 838 837 886 demiserit
885 835 1005 885 Orco
1045 840 1087 885 et
1122 851 1308 885 mecum
1352 838 1560 898 inqentis
1598 852 1712 886 oras
1751 838 1947 886 evolvite

254 912 391 970 belli,·
448 915 491 960 et
541 912 829 960 meministis
876 912 1024 967 enim,
1084 911 1247 968 divae,
1307 914 1350 959 et
1403 925 1671 960 memorare
1723 913 1946 971 potestis.-

253 986 343 1035 sub
375 986 703 1035 invocationis
737 987 876 1034 textu
901 1001 1028 1048 quae
1060 986 1188 1034 esset
1219 985 1441 1034 dicturus
1467 985 1686 1034 ostendit
1707 986 1944 1035 invocans
1978 1001 2034 1050 19.

252 1061 391 1110 velut
427 1076 579 1108 unam
617 1060 901 1122 specialiter
938 1059 1133 1108 Musam
1172 1062 1222 1107 et
1258 1062 1470 1123 tangens
1517 1060 1816 1123 generaliter
1854 1060 1944 1108 sub
2023 1055 2028 1057 ’

252 1134 436 1197 plurali
486 1149 690 1182 numero
739 1135 1020 1194 universas,
1073 1135 1133 1180 ut
1183 1149 1352 1182 omnes
1405 1136 1613 1197 rogatae
1666 1134 1944 1182 videantur.

254 1207 561 1257 observanda
615 1210 733 1257 sunt
787 1223 902 1272 ergo
951 1207 1195 1268 subiecta,
1245 1210 1304 1256 ut
1349 1207 1518 1272 colligi
1563 1208 1724 1271 possit
1763 1208 1851 1256 ubi
1897 1213 1946 1257 et

254 1282 671 1345 quemadmodum
721 1283 992 1345 propositis
1042 1284 1192 1345 poeta
1241 1282 1566 1345 responderit.
1654 1285 1705 1330 et
1753 1298 1945 1331 mecum

251 1357 468 1421 ingentis
509 1372 620 1405 oras
659 1357 873 1405 evolvite
911 1355 1052 1404 belli:
1102 1372 1202 1404 non
1240 1357 1456 1420 ingentis
1505 1371 1616 1405 oras
1665 1356 1812 1418 dixit,
1859 1356 1946 1405 sed
1977 1370 2020 1417 13

150 1440 236 1480 530
253 1446 366 1479 oras
399 1431 519 1479 belli
549 1431 786 1495 ingentis,
825 1433 883 1478 ut
920 1430 1107 1478 bellum
1146 1430 1212 1479 sit
1241 1431 1429 1495 ingens.
1491 1431 1644 1478 turris
1675 1434 1780 1479 erat
1807 1434 1944 1480 vasto
2018 1423 2021 1427 ⁴

252 1508 476 1565 suspecta
526 1508 569 1553 et
609 1505 841 1566 pontibus
895 1505 1008 1553 altis
1061 1508 1335 1565 opportuna
1384 1505 1506 1553 loco:
1559 1507 1816 1567 suspectus
1869 1507 1946 1553 est

253 1594 426 1627 susum
475 1581 724 1642 aspectus;
777 1578 1014 1641 quicquid
1064 1578 1195 1626 enim
1243 1579 1296 1626 in
1347 1593 1543 1627 summa
1592 1578 1822 1627 eductum
1870 1582 1946 1627 est

251 1652 411 1702 videri
455 1668 555 1701 non
601 1655 788 1716 potest,
838 1653 935 1701 nisi
977 1653 1107 1701 oculi
1145 1654 1331 1700 fuerint
1368 1653 1420 1701 in
1460 1668 1674 1715 superna
1712 1654 1943 1716 porrecti.

250 1727 361 1775 ideo
412 1728 520 1776 loco
573 1729 841 1790 oportuna,
896 1727 1015 1789 quia
1063 1726 1381 1775 muniebatur
1430 1743 1489 1774 ex
1538 1726 1756 1775 maxima
1800 1730 1944 1790 parte
1975 1741 2043 1794 23,Ι

250 1801 397 1850 undis
446 1801 754 1862 fluvialibus,
809 1802 938 1849 sicut
986 1801 1093 1864 ipse
1131 1801 1383 1865 Vergilius
1438 1817 1589 1863 supra
1642 1795 1764 1867 (69)
1819 1802 1944 1849 dixit

253 1913 279 1936 ‚,
290 1876 520 1936 classem,
560 1891 686 1938 quae
726 1875 873 1923 lateri
905 1877 1180 1923 castrorum
1219 1875 1458 1923 adiuncta
1496 1875 1709 1937 latebat,
1751 1877 1943 1940 aggeri-

249 1949 342 1998 bus
383 1951 607 2012 saeptam
646 1950 830 1997 circum
862 1951 912 1997 et
948 1949 1233 1998 fluvialibus
1279 1948 1477 1998 undis“.
1537 1949 1774 2012 pontibus
1813 1951 1944 2012 altis,

252 2024 373 2085 quia
412 2023 545 2086 quod
584 2023 741 2072 altum
781 2025 856 2072 est
887 2023 1015 2072 altos
1046 2039 1241 2072 necesse
1273 2026 1349 2072 est
1377 2023 1562 2072 habeat
1598 2023 1788 2086 pontis,
1835 2026 1942 2088 qui-

249 2097 342 2145 bus
380 2097 432 2145 in
472 2113 703 2146 cacumen
749 2098 854 2145 eius
895 2112 998 2145 esse
1036 2098 1196 2160 possit
1235 2113 1479 2147 ascensus.
1553 2099 1758 2146 summis
1796 2113 1942 2158 qaam
1973 2111 2015 2144 25

249 2172 438 2219 viribus
475 2185 639 2219 omnes
678 2185 954 2232 expuynare
984 2171 1106 2220 Itali
1143 2187 1427 2233 summaque
1466 2175 1670 2220 evertere
1707 2186 1852 2232 opum
1893 2174 1943 2220 vi

252 2246 524 2293 certabant:
554 2245 681 2293 hanc
710 2246 904 2306 turrim,
936 2246 1056 2307 quia
1080 2246 1321 2295 Troianos
1352 2246 1601 2294 tutissime
1634 2245 1941 2309 defendebat,

252 2334 419 2367 omnes
464 2319 585 2367 Itali
631 2319 765 2367 omni
814 2319 1040 2368 adhibita
1085 2321 1137 2368 vi
1183 2323 1233 2368 et
1278 2320 1454 2383 opibus
1493 2320 1614 2368 totis
1653 2319 1942 2368 nitebantur

252 2396 482 2442 evertere.
574 2393 660 2441 sed
706 2409 795 2441 nec
840 2394 916 2441 illi
963 2393 1167 2442 deerant
1219 2394 1336 2456 sibi,
1391 2393 1602 2455 denique
1657 2395 1730 2441 ait
1792 2395 1941 2442 Troes

252 2471 419 2516 contra
457 2467 708 2528 defendere
746 2469 905 2515 saxis:
943 2484 1003 2515 ne
1040 2470 1150 2530 quis
1191 2469 1254 2516 ad
1286 2469 1589 2517 eversionem
1620 2469 1773 2516 turris
1806 2483 1940 2516 acce·
1971 2480 2029 2528 30·

252 2542 411 2603 deret,
471 2542 600 2590 hanc
653 2541 805 2589 Troes
861 2541 1192 2590 defendebant
1246 2558 1364 2590 saxa
1417 2542 1674 2590 mittendo.
1724 2605 1727 2608 ‚
1755 2556 1941 2602 perque

253 2630 400 2664 cavas
427 2615 565 2663 densi
593 2615 687 2663 tela
718 2616 988 2676 intorquere
1010 2617 1276 2676 fenestras:
1307 2616 1604 2664 densitatem
1628 2615 1940 2664 defensorum

372 2760 396 2798 6
429 2757 601 2812 caliope
623 2755 679 2799 V.
724 2756 728 2814 Ι
772 2757 1009 2812 adspirare
1033 2757 1086 2799 V.
1209 2761 1235 2800 8
1266 2758 1465 2802 omiserit
1488 2755 1542 2800 V.
1586 2756 1591 2812 Ι
1633 2770 1739 2801 oras
1770 2770 1856 2801 om.
1883 2756 1938 2801 V.

255 2819 306 2858 11
339 2816 460 2859 velut
482 2814 524 2859 V
554 2816 662 2860 velit
691 2815 823 2859 edFI
855 2830 942 2859 om.
970 2816 1039 2859 ed.
1065 2818 1183 2871 post.
1286 2821 1340 2860 14
1372 2821 1415 2860 et
1443 2829 1683 2860 mecam—
1702 2820 1756 2858 16
1780 2817 1940 2872 inqens

253 2887 341 2916 om.
378 2874 448 2917 ed.
581 2878 635 2917 18
677 2889 833 2919 susum
867 2874 907 2917 V
946 2889 1128 2919 sursum
1172 2875 1243 2919 ed.
1296 2876 1299 2924 Ι
1356 2876 1409 2918 in
1446 2888 1645 2919 summae
1682 2874 1867 2918 ductum
1898 2874 1938 2916 V

250 2934 302 2976 in
332 2946 509 2977 summa
538 2934 580 2978 d.
615 2933 685 2977 ed.
793 2938 848 2976 25
875 2935 1052 2989 positas
1082 2948 1242 2979 census
1263 2933 1306 2977 V
1331 2947 1443 2977 corr.
1469 2933 1540 2977 ed.
1656 2938 1710 2976 27
1748 2934 1940 2978 Troiani

251 2996 280 3034 t.
310 2992 610 3046 defendebant
641 2993 711 3037 ed.
836 2997 890 3036 30
923 2993 1230 3038 adversionem
1253 2992 1295 3037 V
1320 3007 1432 3037 corr.
1460 2993 1530 3037 ed.
