2050 3226
190 164 299 218 296
664 162 897 209 DONATI
925 163 1206 208 INTERPR.
1231 161 1412 208 VERG.

188 303 297 366 ipso
336 303 485 353 verbo
523 318 617 352 usa
655 306 731 353 est
768 306 818 352 et
853 303 908 352 in
945 303 1105 366 primo
1143 302 1271 352 libro
1312 296 1470 371 (237)
1510 303 1676 353 dicens
1716 317 1882 366 „quae

187 379 238 426 te
277 377 473 442 genitor
511 379 757 427 sententia
794 377 1019 427 vertit?“
1075 377 1208 441 quod
1246 377 1377 426 enim
1413 377 1565 427 habet
1602 377 1796 440 aliquid
1832 379 1884 426 et

187 452 424 514 vertitur,
462 454 626 501 totum
663 452 828 515 perdit
866 454 916 500 et
953 451 1120 499 nullae
1159 451 1214 499 in
1251 467 1308 500 eo
1338 451 1582 515 reliquiae
1611 453 1884 500 remanent.

189 526 306 585 qnid
364 530 579 586 repetam
638 530 834 575 exustas
894 526 1109 587 Erchino
1170 526 1226 573 in
1285 525 1420 574 litore
1488 526 1692 575 classis?
1796 541 1885 589 per

190 601 505 650 omissionem
550 602 808 649 enumerat
855 599 1094 663 quicquid
1139 599 1367 648 Troianis
1414 599 1659 649 inflictum
1697 601 1793 661 est,
1830 599 1885 647 in

186 673 280 722 hoc
319 677 486 723 autem
524 677 573 722 et
610 674 776 723 locum
815 674 1220 723 commemoravit
1258 676 1307 722 et
1345 674 1548 723 factum.
1624 674 1742 734 qaid
1771 676 1884 722 tem-

180 752 426 808 pestatwn
473 762 631 809 reyem
679 751 934 808 ventosque
982 749 1192 808 furentis
1237 746 1413 796 Aeolia
1466 749 1671 797 excitos?
1762 763 1886 796 nau-

188 823 407 886 fragium
446 823 612 886 tangit
651 821 784 884 quod
823 821 1124 884 descriptum
1162 823 1238 871 est
1274 822 1327 870 in
1373 821 1533 885 primo
1580 821 1722 871 libro.
1800 825 1888 870 aut

148 947 151 949 ,
189 899 348 944 actam
397 897 609 949 nubibas
654 896 812 944 Irim?
901 912 1027 958 quae
1077 895 1139 943 ad
1189 895 1458 945 exurendas
1508 897 1650 946 navis
1700 898 1885 945 matres

100 1051 157 1091 40

189 970 429 1019 Troianas
482 969 720 1019 accendit.
816 985 948 1018 nwnc
997 971 1142 1018 etiam
1189 971 1354 1018 manis
1411 970 1550 1030 (haec
1601 971 1887 1030 intemptata

188 1046 418 1093 manebat
453 1059 560 1092 sors
597 1043 786 1105 reram)
816 1047 993 1092 movet:
1023 1059 1176 1106 nunc,
1206 1045 1300 1092 hoc
1331 1045 1406 1092 est
1434 1045 1622 1092 recenti
1650 1046 1886 1107 tempore,

190 1119 459 1167 commovit
496 1120 679 1180 manis3
718 1117 772 1166 id
810 1117 941 1166 enim
981 1117 1028 1166 ei
1064 1120 1371 1167 remanserat
1409 1119 1570 1166 solum
1601 1117 1736 1182 quod
1765 1133 1886 1166 non-

190 1193 308 1241 dum
345 1194 399 1240 in
438 1193 766 1241 Troianorum
806 1193 1024 1241 excierat
1061 1208 1244 1241 necem.
1320 1191 1466 1241 huius
1505 1193 1664 1255 partis
1711 1208 1886 1256 genere

188 1268 286 1316 isto
335 1269 604 1330 exaggerat
648 1268 859 1315 sactum:
907 1268 1196 1329 commovit,
1241 1265 1429 1329 inquit,
1476 1267 1689 1328 caelum,
1734 1267 1886 1315 maris

188 1341 367 1390 fluctus
393 1342 444 1389 et
474 1342 645 1390 ventos
678 1340 970 1390 miserandis
1000 1340 1214 1402 inmisit,
1245 1342 1517 1403 postremo,
1549 1340 1682 1403 quod
1711 1340 1888 1389 tertiae

190 1416 337 1464 sortis
387 1415 743 1477 intemptatum
780 1418 1107 1476 remanserat,
1146 1415 1331 1464 inferos
1382 1431 1577 1477 quoque
1629 1430 1742 1463 cum
1787 1415 1888 1463 ista

189 1488 298 1537 luce
339 1490 662 1538 commiscuit.
719 1493 762 1537 et
798 1490 990 1549 superis
1019 1490 1229 1537 inmissa
1259 1492 1450 1548 repente
1479 1487 1662 1537 Allecto
1700 1489 1888 1538 medias

188 1563 373 1611 Italam
406 1564 637 1612 bacchata
659 1577 752 1623 per
781 1564 943 1612 urbis:
973 1563 1204 1612 viderunt
1235 1564 1403 1626 superi
1435 1563 1569 1625 quod
1599 1562 1758 1612 videri
1786 1578 1887 1611 non

188 1637 348 1699 licuit,
378 1637 572 1686 Allecto
604 1637 808 1686 Furiam
837 1637 959 1699 ipsis
993 1654 1190 1701 quoque
1221 1637 1393 1685 inferis
1423 1638 1638 1685 invisam
1668 1653 1757 1699 per
1786 1653 1886 1686 me-

191 1711 297 1760 dias
337 1712 474 1760 urbis
513 1711 692 1760 Italiae
732 1714 884 1774 atque
922 1712 975 1759 in
1013 1713 1123 1760 luce
1169 1712 1355 1774 inpune
1401 1710 1737 1759 bacchantem.
1814 1711 1888 1759 m'l

190 1799 337 1846 saper
373 1787 575 1846 imperio
613 1800 822 1842 moveor,
855 1786 1161 1845 speravimus
1198 1786 1316 1842 ista,
1364 1785 1482 1833 dwm
1525 1786 1728 1844 fortuna
1764 1785 1887 1845 fait;

190 1861 389 1907 vincant
449 1874 566 1919 quos
626 1860 815 1907 vincere
874 1860 1057 1907 mavis:
1119 1875 1208 1907 nec
1271 1858 1522 1907 arbitreris
1583 1876 1662 1908 me
1723 1858 1886 1908 verbis

190 1933 530 1995 praesentibus
584 1934 847 1996 imperium
903 1949 1150 1995 quaerere.
1243 1949 1331 1981 cur
1383 1933 1514 1981 enim
1568 1933 1627 1981 de
1689 1933 1888 1995 imperii

191 2007 497 2070 possessione
539 2008 833 2055 contendam
872 2008 952 2055 cui
990 2023 1089 2055 non
1121 2006 1304 2056 sinitur
1342 2006 1541 2056 vivere?
1617 2009 1887 2070 potuerunt

190 2082 312 2130 haec
367 2081 577 2144 sperari,
632 2097 744 2130 cum
797 2083 1012 2143 possent.
1097 2081 1321 2142 vincant,
1369 2097 1469 2129 non
1517 2081 1604 2143 qui
1657 2080 1887 2130 vincendi

191 2155 377 2203 habent
429 2155 728 2204 iustissimas
785 2170 980 2217 causas,
1043 2156 1129 2204 sed
1191 2155 1371 2218 quibus
1432 2154 1674 2217 iniquitas
1735 2155 1885 2216 favet,

190 2229 393 2278 vincant
432 2229 608 2292 quibus
648 2230 910 2277 victoriam
950 2230 1118 2278 cedere
1150 2229 1375 2291 voluisti,
1412 2230 1614 2278 illorum
1643 2228 1740 2276 tibi
1769 2244 1884 2291 pars

190 2303 540 2366 praeponenda
578 2304 687 2352 visa
726 2306 821 2364 est,
861 2305 962 2352 sint
1001 2304 1279 2366 superiores
1311 2319 1411 2351 non
1441 2302 1618 2351 merito
1651 2318 1762 2364 suc,
1801 2302 1886 2351 sed

191 2447 282 2490 erei
305 2444 347 2488 V
379 2444 480 2501 (sub
514 2445 603 2489 eret
634 2444 807 2488 lineola
840 2444 982 2488 ducta
1013 2458 1156 2488 manu
1186 2444 1230 2488 II
1260 2446 1314 2488 ut
1344 2459 1384 2488 v.
1412 2445 1497 2500 17).
1604 2447 1626 2486 1
1660 2445 1758 2499 ipso
1782 2457 1885 2488 vero

191 2505 233 2547 R
264 2505 356 2560 ipsi
386 2518 488 2549 vero
511 2503 554 2547 V
585 2504 683 2559 ipso
715 2504 845 2547 verbo
877 2518 960 2547 nos
994 2504 1051 2547 cf.
1078 2509 1125 2562 5.ἡ
1144 2509 1231 2548 464
1262 2517 1350 2560 quo
1380 2504 1511 2548 verbo
1541 2516 1643 2548 vero
1675 2502 1747 2546 ed.
1780 2518 1818 2559 q.
1843 2517 1883 2547 v.

190 2578 289 2607 vere
336 2563 407 2607 ed.
448 2564 568 2620 post.
620 2563 624 2620 Ι
682 2568 723 2607 et
770 2577 856 2607 om.
899 2564 970 2607 ed.
1109 2567 1134 2607 3
1180 2568 1415 2608 remanent
1451 2561 1536 2605 VR
1581 2567 1766 2606 manent
1812 2562 1883 2606 ed.

192 2628 219 2665 4
251 2627 482 2678 repentam
505 2621 602 2666 VR.
654 2621 659 2680 1
709 2622 760 2665 in
804 2635 891 2666 om.
925 2622 995 2666 ed.
1130 2627 1155 2666 5
1200 2623 1403 2678 quisquis
1443 2635 1527 2676 pro
1571 2621 1788 2676 quicquid
1829 2621 1883 2664 R.

194 2686 218 2724 9
251 2687 421 2726 coctam
452 2682 493 2725 R
523 2686 690 2726 motam
711 2680 754 2724 V
785 2695 869 2737 pro
901 2687 1062 2725 aetam.
1165 2685 1219 2725 10
1252 2681 1423 2725 accedit
1445 2680 1541 2723 VR.
1645 2684 1698 2723 13
1729 2693 1886 2736 yenere

191 2742 278 2784 isto
302 2740 387 2784 VR
416 2742 614 2798 yraviter
638 2740 708 2784 ed.
805 2746 859 2783 14
891 2746 1105 2797 eoeayerat
1127 2740 1224 2784 VR.
1318 2744 1372 2782 15
1404 2744 1562 2783 ventas
1588 2738 1639 2782 V.
1727 2742 1781 2782 19
1813 2739 1883 2782 in-

191 2800 305 2853 feris
347 2813 435 2844 om.
474 2800 543 2843 ed.
682 2803 738 2842 20
781 2799 918 2844 italia
952 2799 994 2843 V
1033 2801 1182 2844 Italas
1225 2799 1296 2843 ed.
1349 2799 1352 2853 Ι
1403 2799 1690 2843 bacchantem
1721 2811 1809 2841 om.
1843 2797 1885 2840 R

195 2859 362 2914 :signo¹
399 2857 704 2915 superposito.
813 2863 866 2901 21
911 2860 1065 2914 superi
1098 2858 1196 2902 VR.
1305 2862 1359 2902 22
1402 2871 1503 2901 nme
1543 2856 1586 2899 R
1626 2869 1695 2901 me
1726 2855 1768 2898 V
1812 2856 1882 2900 ed.

194 2917 393 2961 fortasse
435 2924 486 2962 tu
528 2922 625 2963 me?
758 2922 815 2961 24
850 2919 1175 2974 possessionem
1197 2916 1295 2960 VR.
1348 2917 1352 2974 Ι
1402 2915 1669 2960 contendam
1693 2914 1778 2958 VR
1810 2915 1882 2959 ed.

196 2977 465 3021 contendat?
587 2980 642 3020 25
674 2978 783 3022 haee
815 2990 902 3020 om.
929 2976 999 3020 ed.
1124 2981 1179 3020 26
1212 2976 1463 3021 iustissima
1493 2975 1536 3018 R
1567 2987 1680 3018 corr.
1705 2989 1740 3019 r.

1917 983 1960 1015 10

1918 1350 1960 1384 15

1917 1721 1962 1755 20

1917 2090 1959 2123 25
