2050 3226
771 158 1077 210 AENEmos
1101 159 1188 203 vn
1755 163 1825 217 89

130 301 315 362 tenuit,
362 315 474 349 cum
518 315 695 362 rupem
734 298 1032 348 describeret
1070 301 1120 347 et
1157 299 1326 363 pelagi
1371 299 1609 348 tumentis
1647 300 1825 350 fluctus

130 377 180 424 et
216 374 407 423 rabiem
442 373 596 422 maris
635 375 686 422 et
717 373 884 437 algam
922 374 973 421 et
1002 373 1184 421 molem
1222 374 1272 421 et
1308 373 1460 435 ictuS,
1500 374 1712 436 arripuit
1745 374 1826 423 hic

130 464 326 512 quoque
364 448 747 497 translationem
785 447 949 496 dicens
988 447 1157 511 frangi
1199 447 1459 496 commoda
1503 447 1701 510 imperii
1747 450 1827 497 sui

129 526 180 572 et
218 539 356 586 spem
400 522 654 586 publicam
698 521 974 584 inprovidis
1021 520 1212 570 nisibus
1256 523 1516 584 tamquam
1560 522 1825 586 naufragio

78 610 99 643 5
129 597 325 647 laniari.
373 598 574 661 signata
604 611 720 660 ergo
752 596 923 659 posuit
945 595 1098 644 verba
1127 595 1382 644 conferens
1416 611 1474 644 ea
1499 612 1626 658 quae
1659 597 1826 645 oriun-

128 674 214 720 tur
250 670 304 719 in
341 670 471 719 mari
509 672 559 718 et
597 669 851 719 evidenter
890 669 1168 719 ostendens.
1236 686 1354 718 nam
1392 670 1646 734 frangitur
1683 672 1826 719 navis

130 747 180 794 et
209 745 475 808 naufragio
505 744 678 792 interit
707 745 1064 807 tempestatum
1096 745 1253 792 eiecta
1283 744 1590 807 turbinibus,
1631 744 1827 808 quibus,

127 821 188 868 ut
225 820 414 868 furenti
451 819 661 882 populo,
700 819 868 867 resisti
906 834 1007 866 non
1044 820 1231 881 potest,
1272 821 1323 867 et
1360 819 1563 883 navigia
1596 821 1827 882 pereunt:

129 895 199 943 sic
238 895 366 956 ipse,
407 893 528 956 quia
558 894 760 941 tantum
790 893 1034 956 impetum
1063 893 1239 956 populi
1268 892 1564 942 insanientis
1595 908 1827 942 revocare

55 981 98 1014 10
128 983 228 1016 non
265 967 453 1030 potuit,
492 967 799 1031 frangimur,
847 968 940 1028 ait,
987 982 1078 1015 nec
1116 967 1250 1015 malo
1289 967 1512 1016 valemus
1559 983 1826 1016 occurrere.

127 1042 336 1090 ferimur
373 1042 614 1105 procella,
655 1040 775 1105 quia
815 1057 961 1103 quem
999 1041 1219 1103 procella
1249 1044 1397 1106 urget
1428 1057 1485 1090 ac
1520 1044 1690 1104 portat
1727 1058 1828 1091 non

130 1116 375 1179 quomodo
414 1116 528 1164 vult
566 1117 655 1165 aut
694 1131 793 1178 quo
834 1116 1050 1164 voluerit
1086 1115 1259 1163 fertur.
1327 1116 1425 1163 heu
1457 1115 1598 1176 fatis,
1639 1115 1830 1165 scilicet

129 1190 372 1252 adversis,
420 1191 540 1253 quia
586 1189 712 1238 dixit
756 1190 854 1238 heu
899 1192 950 1238 et
988 1205 1139 1252 supra
1179 1189 1305 1237 dixit
1351 1189 1525 1252 „ilicet
1564 1190 1829 1239 infandum

129 1264 295 1313 cuncti
337 1267 511 1313 contra
558 1265 727 1312 omina
771 1263 981 1325 bellum,
1031 1265 1204 1312 contra
1250 1264 1358 1312 fata
1406 1264 1551 1312 deum
1596 1279 1826 1326 perverso

55 1350 97 1384 15
128 1338 328 1386 numine
382 1337 645 1401 poscunt“.
722 1338 820 1398 ipsi
871 1338 963 1386 has
1023 1338 1256 1398 sacrileyo
1301 1339 1527 1398 pendetis
1587 1339 1828 1399 sanquine
1845 1344 1931 1385 595

118 1427 330 1473 poenaS,
371 1427 398 1461 ο
435 1413 626 1460 miseri:
671 1411 796 1460 bene
833 1411 1040 1460 miseros
1081 1411 1228 1472 dixit,
1274 1414 1335 1460 ut
1372 1412 1537 1460 dolere
1576 1412 1829 1461 videretur

129 1487 361 1549 errantis3
414 1486 582 1534 nullus
639 1487 771 1535 enim
825 1487 982 1535 sciens
1039 1501 1097 1534 ac
1153 1502 1302 1534 sanae
1355 1488 1536 1536 mentis
1588 1486 1724 1535 cadit
1775 1487 1828 1534 in

127 1561 325 1610 foveam
363 1561 626 1622 scelerum,
664 1560 833 1609 nullus
872 1563 1047 1623 peccat
1083 1559 1137 1608 in
1176 1559 1292 1609 deos
1331 1560 1431 1610 nisi
1475 1560 1518 1610 is
1559 1577 1706 1623 quem
1746 1561 1826 1609 de-

127 1635 316 1684 mentia
356 1637 470 1683 ante
509 1634 800 1697 possederit.
861 1650 891 1682 a
922 1635 1143 1699 generali
1173 1634 1511 1697 increpatione
1545 1634 1608 1684 ad
1640 1636 1827 1698 specia-

54 1721 98 1754 20
129 1710 227 1757 lem
257 1710 466 1758 transit:
506 1713 569 1766 te,
597 1710 777 1767 Turne,
813 1709 978 1769 nesae,
1012 1713 1055 1757 te
1086 1709 1232 1765 triste,
1264 1710 1480 1757 manebit
1508 1710 1828 1770 supplicium:

127 1785 234 1846 ipse
259 1783 391 1832 enim
424 1782 524 1832 fuit
555 1782 782 1832 omnibus
815 1798 965 1831 causa
1000 1783 1254 1846 peccandi.
1299 1785 1514 1843 votisque
1545 1784 1658 1831 deos
1689 1797 1828 1831 vene-

127 1859 299 1906 rabere
336 1858 483 1906 seris:
519 1858 614 1906 hoc
653 1873 830 1922 genere
868 1856 1112 1906 suadebat
1150 1857 1426 1906 omittenda
1456 1873 1561 1906 esse
1593 1857 1719 1906 talia
1752 1858 1828 1905 in-

130 1934 295 1994 cepta3
348 1946 467 1979 nam
514 1931 602 1994 qui
652 1933 751 1980 cito
799 1931 860 1980 ab
908 1933 1072 1980 errato
1120 1931 1331 1980 discedit
1377 1934 1428 1979 et
1473 1933 1604 1980 male
1651 1935 1827 1994 coepta

129 2007 323 2054 mature
357 2006 653 2054 condemnat
682 2007 849 2068 potest
879 2007 1058 2054 mereri
1095 2006 1315 2067 veniam,
1355 2021 1464 2054 sera
1495 2022 1611 2055 vero
1649 2006 1826 2055 erroris

55 2090 98 2123 25
131 2079 322 2144 agnitio
359 2079 584 2143 ignoturi
622 2080 844 2128 favorem
883 2095 983 2128 non
1014 2082 1180 2143 potest
1211 2095 1494 2142 provocare.
1559 2095 1678 2128 nam
1708 2081 1829 2128 ‘mihi

123 2158 276 2214 parta
315 2154 448 2214 quies
487 2154 734 2214 omnisque
771 2155 826 2201 in
866 2154 1031 2202 limine
1061 2157 1261 2215 portus:
1306 2155 1364 2201 ut
1403 2170 1433 2202 a
1471 2155 1705 2216 periculis
1744 2171 1828 2216 pe·

130 2228 234 2292 lagi
263 2229 366 2276 tuti
397 2230 514 2276 sunt
544 2229 632 2290 qui
663 2227 852 2276 fuerint
881 2229 934 2276 in
965 2231 1130 2290 portu,
1169 2228 1240 2277 sic
1270 2229 1376 2290 ipse
1408 2231 1576 2276 tutum
1608 2245 1658 2277 se
1691 2228 1826 2276 futu·

128 2318 242 2349 rum
280 2302 403 2350 dicit
442 2301 531 2365 qui
562 2301 736 2350 domus
777 2317 894 2350 suae
933 2303 1106 2366 saepto
1146 2317 1327 2351 usurus
1367 2304 1495 2351 esset
1533 2318 1623 2365 pro
1663 2305 1827 2365 portu.

131 2376 283 2424 etiam
320 2391 453 2424 nunc
492 2377 828 2439 perseveravit
864 2376 918 2423 in
949 2392 1005 2424 eo
1038 2392 1216 2440 genere
1247 2377 1590 2425 translationis
1623 2376 1827 2424 dicendo

57 2459 100 2492 80
130 2452 305 2512 portus
344 2449 470 2497 mihi
507 2451 603 2499 erit
633 2450 785 2498 limen
820 2450 993 2499 domus
1033 2466 1194 2512 meae,
1236 2449 1371 2513 quod
1402 2465 1688 2515 egressurus
1729 2465 1827 2498 non

252 2566 277 2605 2
311 2567 352 2606 et
382 2563 490 2619 alya
521 2566 562 2606 et
591 2562 736 2606 molae
766 2562 884 2606 ictus
907 2560 950 2604 V
978 2562 1095 2606 ictus
1123 2575 1211 2605 om.
1238 2561 1309 2605 ed.
1343 2567 1385 2606 et
1414 2563 1567 2619 alyam
1599 2566 1641 2606 et
1671 2561 1827 2605 molem

133 2619 205 2664 ed.
236 2622 356 2677 post.
397 2626 440 2665 et
468 2621 622 2677 alyam
653 2627 695 2666 et
723 2621 881 2665 molem
913 2625 954 2664 et
983 2621 1101 2665 ictus
1130 2634 1227 2665 noe.
1345 2625 1369 2664 3
1409 2622 1755 2665 translationem
1786 2619 1828 2661 V

127 2692 212 2734 per
255 2685 311 2724 tr.
361 2693 466 2723 cum
512 2680 634 2723 falsa
682 2679 983 2723 distinctione
1031 2679 1101 2723 cd.
1233 2685 1285 2723 11
1334 2694 1463 2736 quem
1498 2679 1540 2723 V
1586 2681 1627 2723 is
1670 2693 1708 2734 q.
1754 2679 1826 2723 ed.

134 2742 188 2781 13
221 2739 307 2782 heu
339 2752 427 2782 om.
454 2739 527 2784 ed.
564 2739 569 2797 Ι
604 2744 646 2783 et
675 2753 819 2795 supra
849 2739 971 2783 dixit
1001 2751 1088 2782 om.
1108 2737 1236 2782 HOU
1253 2739 1324 2784 ed.
1413 2743 1466 2781 16
1492 2737 1787 2782 doloreVed.
1820 2773 1821 2783 ,

131 2798 392 2842 viderentur
421 2812 573 2843 errare
604 2799 676 2842 ed.
787 2801 840 2840 19
865 2798 1131 2853 possederat
1162 2798 1232 2841 ed.
1346 2802 1399 2840 21
1436 2799 1555 2841 enim
1587 2810 1675 2840 om.
1709 2797 1780 2841 ed.
1819 2789 1823 2853 1

133 2857 413 2901 veneraberis
444 2858 533 2901 eris
564 2856 619 2901 V.
728 2862 782 2900 22
815 2858 896 2901 hoc
925 2870 1082 2913 yenere
1112 2856 1155 2899 V
1185 2858 1294 2902 haec
1332 2858 1485 2900 Turno
1518 2856 1589 2899 ed,
1626 2856 1630 2914 Ι
1667 2869 1757 2900 esse
1788 2862 1830 2900 et

134 2915 233 2959 alia
262 2915 304 2958 V
337 2929 450 2959 corr.
484 2916 555 2959 ed.
677 2921 732 2960 25
765 2917 964 2973 iynotori
985 2914 1028 2958 V
1060 2917 1262 2972 aquitori
1294 2916 1365 2959 ed.
1398 2916 1603 2971 iynoturi
1633 2928 1716 2959 nos
1749 2916 1826 2972 (cf.

137 2978 177 3027 6,
203 2977 288 3017 620
319 2976 576 3031 servatura).
700 2979 755 3018 30
780 2980 965 3031 portum
997 2973 1039 3017 V
1071 2988 1186 3018 corr.
1220 2975 1290 3019 ed.
