2050 3226
205 230 312 284 190
678 227 912 272 DONATI
940 228 1221 273 INTERPR.
1247 227 1428 272 VERG.

204 370 355 431 auget
391 367 525 417 hosti
562 371 812 417 terrorem.
890 367 1016 416 dixit
1053 370 1124 416 ire
1164 367 1427 431 exercitus,
1473 384 1572 430 qua
1617 370 1894 433 pergerent,

205 443 290 504 qui
328 443 511 504 cultus,
560 443 721 504 qualis
772 458 943 490 eorum
993 444 1122 490 esset
1157 442 1398 491 incessus:
1443 458 1576 491 nunc
1621 442 1893 491 describere

202 517 381 579 incipit
419 533 449 565 a
488 516 666 579 quibus
704 517 795 564 illa
831 516 1103 564 multitudo
1143 516 1349 565 ducibus
1379 519 1646 580 regeretur.
1701 517 1896 565 Messa-

194 605 297 650 pus
350 592 544 652 primas
599 591 746 647 acies‘,
797 593 1048 650 postrema
1097 594 1310 639 coercent
1361 591 1633 651 Tyrrhidae
1683 592 1894 648 iuveneS,

202 665 359 713 medio
398 665 497 712 dux
537 665 728 725 aqmiue
768 665 992 712 Turnus:
1031 664 1159 712 dixit
1197 665 1285 727 qui
1322 666 1450 713 esset
1486 666 1539 713 in
1569 664 1732 727 prima
1764 681 1896 713 exer·
1950 675 1970 708 5

149 752 153 754 ·
205 738 331 787 citus
369 740 535 801 parte,
575 739 664 800 qui
703 740 933 786 curarent
970 741 1294 800 postremam,
1325 740 1384 787 ut
1421 739 1689 788 constricta
1726 739 1895 787 multi-

203 812 325 861 tudo
374 815 604 876 pergeret
651 828 751 860 non
800 813 937 860 ultra
987 828 1140 874 quam
1188 828 1382 861 necesse
1434 814 1562 862 esset
1614 814 1790 875 effusa,
1843 813 1896 860 in

204 886 364 935 medio
403 902 521 934 vero
562 886 785 934 Turnum
821 887 996 948 fuisse3
1035 889 1263 948 potestas·
1298 889 1430 935 enim
1459 886 1619 936 maior
1647 888 1702 934 in
1732 887 1895 936 medio

205 962 300 1022 est,
351 960 484 1024 quod
534 975 646 1009 cum
693 961 771 1021 fit,
822 962 872 1008 et
919 961 1093 1022 primis
1141 963 1216 1010 est
1259 961 1485 1023 proxima
1532 963 1582 1009 et
1629 962 1893 1024 postremis
2015 1018 2018 1020 v

131 1043 187 1083 30
203 1050 303 1082 non
338 1034 488 1098 longe
525 1034 786 1082 disiuncta.
864 1049 948 1082 ceu
985 1038 1163 1094 septem
1199 1049 1403 1096 suryeus
1440 1035 1622 1083 sedatis
1667 1036 1895 1083 amnibus
1929 1046 1972 1078 10

205 1109 333 1156 altus
365 1123 458 1168 per
502 1109 701 1157 tacitum
742 1108 938 1170 Ganges
986 1112 1073 1156 aut
1107 1110 1289 1170 pinyui
1332 1110 1533 1167 flumine
1577 1109 1748 1165 Nilus,
1789 1123 1898 1157 eima

203 1183 367 1241 refluit
402 1183 590 1242 campis
629 1186 672 1230 et
707 1183 810 1230 iarn
847 1197 898 1230 se
937 1183 1150 1230 condidit
1180 1184 1339 1231 alveo:
1376 1185 1492 1246 post
1523 1182 1897 1245 dispositionem

203 1257 439 1306 instructi
477 1258 718 1305 exercitus
759 1256 881 1304 dicit
920 1257 1066 1318 quale
1102 1257 1199 1305 iter
1235 1257 1489 1319 habuerit,
1535 1260 1593 1305 ut
1630 1257 1898 1305 militarem

205 1332 364 1379 artem
410 1331 775 1380 evidentissime
827 1330 1209 1393 demonstraret3
1256 1331 1455 1380 silentio
1504 1333 1687 1394 quippe
1733 1331 1899 1380 fuerat
2023 1391 2027 1394 ²

204 1405 523 1466 veniendum,
569 1406 629 1452 ut
681 1406 924 1467 insperati
977 1405 1156 1454 effusos
1211 1407 1260 1453 et
1313 1406 1535 1453 incautos
1590 1405 1896 1454 invaderent.
1929 1415 1971 1447 15
2020 1401 2029 1415 ⁸

203 1478 387 1527 idcirco
417 1479 596 1543 igitur,
630 1479 748 1541 quia
787 1479 940 1527 tacito
981 1479 1178 1543 agmine
1215 1479 1476 1527 incedebat
1515 1480 1734 1540 Turnus,
1784 1495 1896 1527 con-

204 1553 517 1616 parationem
566 1553 655 1600 dat
702 1555 851 1615 poeta
902 1552 1113 1600 duorum
1161 1553 1423 1601 fluminum
1462 1551 1648 1617 Gangis
1689 1555 1738 1600 et
1775 1553 1897 1614 Nili,

205 1643 417 1688 quorum
456 1626 652 1690 Ganges
707 1642 821 1674 cum
871 1627 937 1675 sit
986 1628 1214 1690 copiosus
1266 1629 1316 1675 et
1365 1629 1554 1690 septem
1604 1627 1792 1675 divisus
1843 1627 1896 1674 in

203 1701 430 1762 flumina,
473 1716 666 1763 semper
713 1701 839 1749 lenis
893 1703 989 1762 est,
1035 1701 1183 1749 Nilus
1230 1717 1347 1749 vero
1395 1703 1514 1749 tunc
1559 1701 1719 1764 magis
1758 1700 1895 1750 mitis

205 1790 317 1822 cum
364 1791 422 1823 ex
466 1790 651 1838 magna
697 1789 987 1837 camporum
1031 1774 1299 1823 latitudine
1343 1775 1397 1822 in
1443 1776 1642 1823 alveum
1679 1775 1810 1822 redit
1847 1777 1897 1823 et
1927 1785 1971 1817 2⁰
2029 1774 2037 1786 “

202 1850 365 1896 undae
405 1851 520 1897 actu
557 1849 798 1896 mollioris
835 1849 1109 1910 inpellitur.
1187 1849 1435 1911 descripta
1472 1851 1548 1896 est
1585 1865 1700 1911 pars
1741 1849 1899 1896 Turni

205 1925 255 1970 et
308 1938 387 1971 ars
442 1922 653 1970 ducendi
709 1922 950 1971 exercitus
1009 1923 1366 1971 demonstrata:
1420 1923 1678 1971 videamus
1733 1923 1895 1986 qualis

203 1996 397 2044 Aeneas
449 2011 728 2044 recessurus
783 1997 1077 2059 praefecerit
1137 1998 1253 2045 suis.
1351 1998 1427 2044 hie
1486 1998 1698 2045 subitam
1756 1998 1896 2058 niyro

201 2071 462 2130 ylomerari
491 2071 696 2130 pulvere
733 2071 910 2118 nubem
932 2072 1244 2130 prospiciunt
1274 2072 1449 2119 Teucri
1480 2086 1537 2119 ac
1570 2072 1791 2119 tenebras
1820 2072 1896 2118 iu·
2034 2126 2042 2138 ,

204 2158 400 2205 suryere
453 2145 661 2204 campis:
713 2144 820 2191 ibat
874 2144 1073 2206 quidem
1125 2144 1290 2193 tacitis
1346 2145 1592 2209 gressibus
1655 2146 1894 2193 exercitus
1926 2154 1969 2186 25
2032 2143 2039 2153 ¹

206 2218 382 2279 Turni,
433 2218 516 2266 sed
566 2218 693 2265 nihil
741 2221 1064 2280 procuratum
1114 2219 1370 2266 silentium
1419 2219 1629 2282 profuit3
1675 2218 1896 2281 prodidit

207 2293 392 2354 quippe
431 2293 658 2354 quamvis
698 2292 878 2340 tacitos
918 2292 1081 2354 pulvis
1121 2295 1171 2340 et
1210 2293 1436 2341 Troianis
1470 2309 1662 2355 semper
1693 2292 1893 2340 absente

205 2383 320 2430 rege
346 2365 575 2430 diligenti
599 2381 719 2413 cura
743 2366 969 2414 sollicitis
996 2367 1140 2427 quasi
1164 2366 1369 2428 quidam
1391 2367 1599 2414 nuntius
1625 2366 1895 2414 adventum

205 2440 434 2488 insidiosi
485 2439 641 2488 hostis
694 2440 955 2488 indicavit:
1009 2441 1246 2488 videbant
1297 2440 1455 2504 igitur
1516 2440 1615 2488 atri
1674 2440 1894 2502 pulveris
2040 2492 2045 2501 ,

206 2515 387 2562 nubem
433 2513 692 2562 accedente
739 2514 1059 2562 multitudine
1107 2514 1372 2578 glomerari
1410 2516 1459 2562 et
1499 2515 1612 2562 ante
1651 2514 1775 2562 lucis
1815 2530 1893 2562 ex·
1925 2523 1968 2556 3⁰
2042 2510 2047 2518 '

326 2631 351 2668 2
384 2631 425 2670 et
448 2627 598 2682 qualis
622 2625 692 2668 ed.
779 2629 804 2668 3
830 2639 852 2669 e
875 2626 1038 2680 quibus
1061 2625 1102 2668 V
1127 2641 1156 2669 a
1180 2641 1252 2682 qu.
1277 2639 1360 2669 nos
1391 2639 1445 2669 ea
1469 2639 1539 2681 qu.
1567 2625 1637 2668 ed.
1730 2629 1756 2667 5
1788 2627 1895 2680 post

212 2686 394 2728 Turnus
404 2698 587 2728 versum
604 2684 813 2740 spurium
831 2688 885 2727 29
905 2685 1012 2727 add.
1028 2685 1099 2728 ed.
1115 2685 1245 2728 deest
1259 2685 1310 2728 in
1318 2683 1444 2728 VHO
1458 2697 1607 2739 neque
1622 2684 1892 2739 explicatur.

208 2749 233 2786 6
266 2749 447 2788 curaret
477 2744 547 2788 ed.
595 2744 599 2801 Ι
651 2749 692 2788 et
721 2745 965 2787 constricta
987 2743 1028 2786 V
1059 2749 1110 2787 ut
1140 2758 1175 2788 c.
1209 2744 1281 2787 ed.
1385 2747 1410 2786 9
1434 2744 1652 2798 proxima
1674 2742 1718 2785 V
1740 2744 1895 2798 posita

207 2802 277 2845 ed.
319 2804 528 2858 opposita
566 2803 637 2846 ed.
669 2803 789 2858 post.
841 2803 843 2859 Ι
896 2808 937 2846 et
968 2817 998 2846 a
1023 2804 1263 2858 postremis
1293 2802 1363 2846 ed.
1487 2806 1539 2844 11
1576 2802 1773 2858 yraudes
1809 2815 1893 2856 pro

211 2861 391 2918 Gauyes
425 2861 478 2905 V.
603 2866 657 2904 13
697 2862 829 2917 quale
866 2862 951 2905 iter
988 2862 1197 2906 habuerit
1229 2861 1272 2905 V
1307 2875 1444 2918 quam
1483 2862 1640 2904 leniter
1669 2875 1715 2904 se
1744 2862 1786 2903 h.
1819 2860 1892 2904 ed.

210 2925 263 2963 15
295 2922 503 2964 incautos
525 2920 568 2964 V
591 2922 621 2964 i.
646 2922 788 2964 hostes
813 2920 883 2963 ed.
977 2925 1032 2963 20
1064 2935 1232 2977 magua
1254 2920 1297 2964 V
1319 2921 1523 2964 maxima
1553 2920 1622 2963 ed.
1721 2924 1774 2962 21
1806 2934 1892 2963 un-

208 2981 262 3022 de
284 2979 326 3022 V
356 2981 509 3023 undae
540 2994 622 3022 nos
654 2980 761 3023 inde
793 2979 863 3022 ed.
912 2979 915 3037 ξ
966 2980 1164 3024 molliori
1199 2980 1269 3024 ed.
1392 2983 1446 3022 23
1479 2992 1733 3024 recessurus
1756 2977 1798 3021 V
1827 2992 1893 3022 se-

208 3052 411 3082 cessurus
434 3038 633 3082 forsitan
658 3038 924 3094 suspiceris,
951 3039 1033 3082 sed
1058 3038 1115 3083 cf.
1139 3053 1178 3082 v.
1198 3043 1254 3082 80
1279 3039 1327 3082 et
1351 3042 1420 3082 88.
1513 3042 1569 3081 30
1593 3043 1747 3083 tautae
1762 3036 1804 3080 V
1821 3037 1890 3080 ed.
