2050 3226
785 140 1090 187 AENEIDOS
1121 139 1186 185 XI
1722 144 1831 199 537

139 284 262 332 haec
299 279 565 346 descriptio
603 297 703 330 non
741 284 818 331 est
847 281 1120 345 superflua,
1157 282 1375 345 pertinet
1405 280 1589 345 quippe
1625 282 1689 331 ad
1720 298 1834 331 cau-

141 373 270 421 sam3
307 372 424 405 nam
461 356 580 405 talis
614 354 713 420 Opi
741 357 907 405 fuerat
942 356 1251 405 necessarius
1281 354 1412 404 unde
1442 355 1634 405 videret
1663 373 1722 405 ex
1757 373 1835 406 oc-

140 433 274 481 culto
298 430 567 480 Arruntem
589 433 640 479 et
662 431 775 494 ipsa
797 446 828 479 a
858 446 1115 494 quoquam
1143 429 1305 480 videri
1332 445 1433 478 non
1462 434 1645 492 posset.
1702 430 1835 479 timi·

140 505 234 555 dus
279 504 410 554 enim
457 507 508 553 et
556 506 731 553 cautus
776 506 981 568 propter
1028 503 1382 554 conscientiam
1430 503 1555 553 facti
1601 503 1701 553 nisi
1748 522 1838 569 per

27 591 40 624 1
88 591 108 625 ⁵
139 576 348 629 insidias
402 577 749 628 circumveniri
792 595 893 627 non
937 581 1151 642 poterat.
1226 579 1320 628 iste
1363 578 1523 643 igitur
1565 579 1703 628 locus
1751 580 1835 628 ad-

140 655 363 718 gestione
401 656 562 702 terrae
608 652 770 702 editus
816 651 936 715 fuit,
981 652 1068 702 sed
1104 653 1236 702 hunc
1281 653 1580 703 obscurabat
1621 652 1835 702 altitudo

139 727 399 777 sublimior
434 728 619 776 montis
658 729 708 775 et
746 726 893 776 arbor
930 743 1060 790 quae
1100 743 1296 776 omnem
1345 729 1632 776 contexerat
1668 727 1836 776 ramis.

139 801 274 852 dicta
297 804 374 852 est
394 802 586 850 interea
608 805 830 850 terrenae
854 801 1159 866 adgestionis
1183 817 1354 851 causa:
1379 801 1465 850 sed
1483 802 1606 851 haec
1619 801 1837 864 bustum,

136 876 323 939 inquit,
372 875 472 932 fuit
518 875 649 941 regis
689 875 943 924 Dercenni.
1019 878 1224 940 propter
1271 875 1671 940 magnitudinem
1718 893 1836 925 vero

25 964 34 989 ι’
63 963 108 995 10
138 950 330 1000 arboris
368 952 419 999 et
456 953 683 999 servatae
719 951 952 999 meritum
985 949 1059 999 ait
1089 949 1307 1013 antiqui,
1345 952 1405 999 ut
1442 953 1492 999 et
1521 950 1837 999 nobilitatem

136 1026 323 1074 mortui
360 1024 725 1073 demonstraret
770 1027 820 1073 et
857 1024 1097 1087 temporis
1135 1024 1317 1087 prolixi
1366 1024 1585 1088 spatium
1622 1040 1722 1088 quo
1759 1025 1835 1073 in-

136 1099 281 1147 finita
316 1098 622 1148 incrementa
663 1097 811 1148 arbor
860 1099 1031 1147 eadem
1081 1101 1372 1162 sumpserat.
1449 1098 1549 1148 fuit
1586 1115 1705 1164 ergo
1744 1099 1835 1148 sub

138 1173 241 1222 alto
264 1175 447 1235 monte,
478 1176 539 1222 ut
568 1172 888 1223 obscuratum
917 1174 1216 1236 proceritate
1239 1174 1345 1222 eius
1367 1173 1528 1237 plenis
1552 1173 1835 1237 aspectibus

136 1247 297 1296 videri
344 1263 446 1296 non
490 1250 680 1310 posset,
730 1262 888 1311 opaca
931 1247 1046 1296 ilice
1096 1250 1400 1310 contectum,
1449 1247 1539 1296 ubi
1585 1251 1636 1296 et
1679 1248 1836 1297 latere

62 1334 104 1367 15
139 1320 259 1384 Opis
298 1324 467 1385 posset
505 1324 556 1370 et
586 1321 646 1370 de
684 1337 876 1371 summo
908 1324 1089 1370 cuncta
1118 1321 1411 1385 prospicere.
1465 1321 1593 1371 dixit
1623 1323 1836 1386 antiqui,

137 1396 265 1444 dixit
293 1395 449 1461 regis,
481 1396 609 1445 dixit
631 1395 918 1458 LaurentiS,
947 1398 1111 1445 totum
1142 1395 1305 1445 laudis
1337 1411 1507 1459 causa3
1537 1399 1680 1445 tanto
1705 1396 1835 1445 enim

134 1471 329 1519 maiora
373 1470 523 1519 busta
567 1473 758 1519 veteres
807 1470 1061 1519 faciebant
1108 1473 1296 1533 quanto
1345 1470 1512 1534 potior
1558 1471 1837 1520 habebatur

135 1543 359 1593 defuncti
394 1543 648 1593 memoria.
712 1545 790 1593 hic
826 1544 920 1593 dea
955 1558 1008 1593 se
1038 1546 1259 1606 primum
1294 1545 1471 1605 rapido
1501 1545 1836 1605 pulcherrima

133 1619 250 1667 uisu
285 1619 437 1667 sistit:
488 1617 611 1682 Opis
649 1634 814 1668 moras
854 1620 1015 1668 omnis
1053 1619 1306 1668 celeritate
1344 1620 1666 1683 praeveniens
1703 1620 1835 1668 hunc

59 1706 104 1740 20
133 1693 298 1741 tenuit
341 1693 521 1742 locum.
597 1692 983 1756 pulcherrimam
1029 1693 1138 1742 loco
1185 1692 1283 1742 isto
1330 1693 1564 1742 debemus
1614 1694 1835 1756 accipere

133 1783 234 1815 non
287 1782 512 1830 corpore,
566 1767 653 1816 sed
703 1767 911 1817 consilio
964 1767 1168 1830 bonam,
1224 1783 1352 1830 quae
1399 1767 1631 1831 providet
1680 1769 1836 1816 talem

133 1844 338 1904 propter
373 1841 640 1905 explendas
677 1841 886 1891 insidias
917 1842 1094 1891 locum.
1149 1845 1192 1890 et
1217 1840 1487 1890 Arruntem
1516 1842 1699 1890 tumulo
1730 1857 1836 1903 spe-

134 1916 328 1964 culatur
365 1917 428 1964 ab
467 1916 587 1972 alto,
626 1916 720 1965 hoc
758 1918 835 1966 est
872 1917 1007 1979 quod
1045 1932 1198 1979 supra
1229 1916 1543 1979 exposuimus
1573 1916 1836 1965 insidianti

134 1991 434 2053 oportunam
471 1989 626 2039 fuisse
657 1990 976 2039 altitudinem
1005 1990 1212 2052 tumuli,
1253 2006 1379 2054 quae
1418 1989 1472 2038 ni
1501 1991 1681 2040 fuisset
1719 1994 1834 2040 ante

59 2077 103 2110 2⁶
135 2064 362 2112 consulto
410 2063 680 2128 descripta,
732 2079 1076 2127 quaereremus
1115 2065 1264 2127 hanc,
1312 2081 1424 2114 cum
1463 2062 1584 2128 Opis
1630 2064 1683 2113 in
1730 2066 1833 2114 alto

134 2137 413 2187 consedisse
465 2137 733 2200 diceretur,
790 2154 1138 2201 quaereremus
1188 2141 1238 2187 et
1291 2139 1517 2188 arborem
1568 2155 1694 2202 quae
1750 2140 1833 2188 ob-

133 2212 370 2261 scurabat
413 2211 747 2262 insidiantem.
822 2216 877 2260 ut
920 2213 1041 2261 vidit
1085 2213 1346 2274 fulyeutem
1396 2214 1550 2262 armis
1597 2229 1655 2262 ae
1699 2229 1834 2262 vana

133 2289 410 2342 tumentem,
450 2289 510 2334 ut
546 2287 680 2335 hunc
716 2287 845 2336 vidit
882 2302 1131 2335 armorum
1170 2287 1430 2350 splendore
1469 2288 1745 2351 fulgentem
1783 2289 1834 2336 et

132 2376 246 2408 mox
282 2361 507 2423 perituro
546 2360 731 2424 gaudio
770 2360 1041 2423 tumidum,
1080 2375 1180 2418 cur,
1219 2363 1397 2422 inquit,
1438 2363 1660 2410 diversus
1691 2362 1833 2410 abis?
1849 2368 1934 2409 855

59 2446 103 2479 80
132 2435 226 2483 hue
261 2435 416 2496 dirige
450 2449 686 2495 yressum,
717 2435 823 2491 huc,
846 2436 1081 2494 periture,
1111 2437 1236 2492 veui,
1270 2437 1440 2496 capias
1471 2439 1525 2484 ut
1553 2436 1705 2497 diyua
1738 2434 1831 2484 Oa·

131 2509 296 2587 millae
326 2509 571 2568 praemia.
624 2512 736 2557 tune
767 2510 912 2557 etiam
950 2510 1055 2558 telis
1091 2510 1295 2558 moriere
1332 2511 1565 2559 Dianae?
1619 2509 1832 2558 dolentis

257 2669 311 2709 10
343 2671 385 2710 et
417 2666 526 2708 ante
556 2670 762 2710 servatae
793 2679 881 2709 om.
906 2665 978 2710 ed.
1080 2671 1132 2710 11
1166 2680 1253 2723 quo
1276 2665 1319 2709 V
1350 2667 1470 2721 quod
1500 2665 1571 2709 ed.
1667 2670 1720 2709 12
1753 2680 1832 2711 ar-

138 2724 270 2768 borea
306 2724 620 2780 desumpserat
649 2723 691 2767 V
722 2724 855 2768 edFI
892 2725 1029 2771 arbor
1067 2739 1122 2770 ea
1159 2726 1202 2770 d.
1240 2725 1312 2769 ed.
1351 2727 1471 2780 post.
1509 2725 1645 2769 arbor
1678 2725 1831 2770 eadem

136 2788 389 2839 sumpserat
419 2797 517 2827 nos.
625 2787 679 2826 16
712 2784 836 2828 dixit
863 2785 983 2841 reyis
1013 2799 1101 2829 om.
1128 2785 1199 2828 ed.
1313 2789 1366 2827 17
1399 2785 1547 2828 maior
1576 2785 1766 2829 arbusta
1788 2784 1831 2827 V

136 2843 325 2886 maioris
347 2857 390 2886 a.
417 2843 489 2887 ed.
517 2844 695 2887 maiora
727 2843 859 2887 busta
889 2857 985 2887 nos,
1079 2848 1135 2888 20
1159 2844 1470 2900 pulcherrima
1502 2843 1573 2886 ed.
1666 2848 1722 2886 22
1755 2857 1832 2888 ex-

129 2902 373 2956 peculatur
402 2901 456 2946 V.
581 2906 637 2945 24
667 2903 720 2946 ui
757 2916 846 2946 om.
884 2902 955 2946 ed.
1077 2907 1133 2946 25
1172 2911 1437 2958 quaeremus
1476 2903 1541 2958 (et
1578 2901 1717 2958 infra)
1758 2903 1829 2948 ed.

137 2964 191 3002 31
225 2965 334 3006 twne
363 2974 447 3016 pro
479 2966 588 3006 tune
619 2961 760 3019 (infra
790 2963 932 3018 recte)
965 2961 1019 3006 V.
1068 2963 1072 3020 Ι
1123 2961 1500 3007 tune—Dianae
1530 2975 1619 3005 om.
1645 2962 1717 3005 ed.
