2050 3226
0 110 2 229 l
737 211 1042 257 AENEmos
1066 211 1175 256 vm
1703 217 1806 270 147

115 355 270 403 lulum
320 353 607 402 tacuissent.
690 352 768 400 hic
811 366 923 400 vero
961 350 1168 400 Alcidae
1211 353 1362 412 furiis
1408 357 1658 401 exarserat
1702 358 1808 403 atro

113 429 224 489 felle
262 427 410 484 dolor,
448 427 583 486 rapit
620 440 763 474 arma
799 441 955 474 manu
990 426 1225 485 nodisque
1266 429 1528 487 yravatum
1571 428 1722 475 robur
1767 432 1811 476 et
1824 441 1912 482 220

115 503 239 551 aerii
276 515 423 550 cursu
454 501 576 562 petit
613 501 776 548 ardua
812 501 1014 548 montis:
1051 516 1163 548 cum
1199 500 1307 562 hoc,
1344 500 1533 563 inquit,
1572 501 1808 551 Hercules

115 575 439 640 cognovisset,
476 574 716 623 iniuriam
752 575 913 638 magis
953 590 1106 636 quam
1143 573 1444 623 detrimenta
1489 575 1808 625 considerans

26 667 39 689 ³
64 665 84 699 ις
115 650 298 698 exarsit
340 649 623 711 iracundia3
668 649 763 697 hoc
808 648 940 697 enim
985 648 1276 712 praestabat
1319 650 1452 698 fellis
1496 650 1810 699 inmoderata

114 723 392 773 commoti0.
453 722 666 786 denique
704 739 804 772 non
841 723 963 771 tulit
1001 739 1155 785 arma,
1193 723 1279 772 sed
1315 724 1489 786 rapuit
1525 739 1615 772 nec
1652 725 1809 787 passi-

113 798 219 859 bus,
258 798 345 846 sed
381 798 541 846 veloci
579 813 726 846 cursu
766 798 959 845 aerium
996 797 1212 846 tetendit
1250 797 1314 846 ad
1350 799 1586 846 montem.
1649 799 1809 848 virtus

112 871 341 921 Herculis
380 873 433 920 in
470 873 684 933 utroque
723 871 974 935 signatur3
1012 887 1128 920 nam
1167 887 1342 934 rapere
1374 874 1637 937 gravatum
1666 873 1810 922 nodis

112 946 276 1007 robur,
309 961 406 1010 quo
437 945 674 994 utebatur
703 962 794 1008 pro
827 947 995 1006 armis,
1028 947 1077 994 et
1099 947 1234 994 tanti
1255 946 1439 995 monffis
1472 946 1630 994 ardua
1663 963 1810 996 cursu

23 1036 84 1069 ιιο
111 1022 449 1069 transmittere
487 1021 636 1083 plena
674 1020 879 1069 virtutis
911 1021 961 1068 et
991 1021 1301 1069 constantiae
1333 1021 1689 1070 demonstratio
1721 1024 1810 1070 est.

112 1099 214 1143 tuni
255 1096 477 1156 primum
525 1095 680 1143 nostri
732 1092 916 1143 Cacum
963 1095 1126 1142 videre
1173 1095 1416 1143 timentem
1471 1097 1812 1156 turbatwmque

113 1170 288 1217 oculis:
324 1168 596 1217 timebatur
635 1170 750 1216 ante
791 1169 1061 1217 adventum
1098 1168 1328 1217 Herculis
1371 1168 1527 1218 Cacus
1574 1185 1665 1217 nec
1702 1170 1810 1232 ipse

115 1259 416 1306 quemquam
437 1243 691 1292 metuebat
714 1244 938 1291 armatus
968 1243 1316 1307 magnitudine
1347 1244 1581 1306 corporis,
1612 1244 1810 1293 feritate

113 1319 322 1366 naturae
377 1319 427 1364 et
478 1317 792 1366 flammarum
843 1316 1094 1378 incendio,
1149 1317 1235 1365 sed
1283 1317 1372 1364 ubi
1427 1318 1491 1366 ad
1544 1317 1811 1367 Herculem

39 1405 82 1438 15
113 1395 318 1441 ventum
371 1394 447 1440 est
499 1394 550 1440 et
599 1393 703 1440 eius
757 1390 998 1440 virtutem
1050 1391 1185 1440 ausis
1246 1391 1434 1440 talibus
1498 1392 1811 1455 adprobavit,

114 1466 288 1514 didicit
317 1466 504 1526 timere,
537 1465 672 1529 quod
703 1468 819 1514 ante
849 1466 1109 1514 nescierat.
1161 1467 1343 1528 incipit
1374 1465 1536 1515 dicere
1566 1466 1812 1516 rationem

111 1540 305 1589 timoris
343 1541 503 1602 ipsius
535 1541 693 1604 signis
723 1541 885 1604 magis
918 1556 1070 1603 quam
1101 1540 1202 1588 alia
1233 1556 1291 1588 ex
1322 1555 1473 1589 causa
1509 1543 1811 1604 conpertam.

111 1614 359 1676 turbatus,
397 1613 578 1678 inquit,
618 1614 775 1663 oculis
806 1615 905 1662 fuit
934 1630 1025 1663 nec
1054 1615 1305 1676 inmerito,
1338 1631 1448 1663 cum
1479 1615 1672 1664 videret
1700 1617 1811 1664 tan-

111 1691 218 1736 tam
255 1688 534 1752 potentiam
572 1688 664 1739 dei.
717 1689 847 1750 fuyit
882 1689 1011 1737 ilicet
1047 1690 1176 1737 ocior
1215 1703 1354 1737 euro:
1392 1691 1444 1738 et
1481 1705 1595 1738 cum
1633 1690 1813 1738 fuisset

39 1775 84 1809 πο
113 1765 331 1811 extrema
370 1763 712 1825 desperatione
752 1778 1032 1825 posseSSUS,
1080 1763 1212 1827 fugit
1249 1765 1308 1812 ut
1344 1765 1523 1812 ventus
1563 1766 1613 1812 et
1649 1763 1813 1827 ipsam

114 1838 250 1886 venti
311 1838 615 1886 celeritatem
674 1837 956 1886 mobilitate
1009 1839 1348 1900 praeveniens,
1438 1839 1813 1898 speluncamque

106 1912 241 1971 petit,
265 1911 477 1971 pedibus
508 1913 651 1959 timor
682 1912 876 1960 addidit
905 1912 1040 1960 alas:
1075 1911 1176 1960 tria
1206 1912 1410 1960 fuerunt
1441 1912 1585 1976 signa
1615 1913 1810 1961 timoris

113 1984 294 2048 ipsius:
335 1986 590 2033 oculorum
626 1986 954 2049 perturbatio,
994 1986 1083 2048 qui
1121 1985 1360 2049 quicquid
1403 1986 1568 2035 animo
1620 1989 1813 2051 gereret

113 2059 424 2121 indicabant3
463 2060 584 2124 fuga
623 2059 822 2109 artioris
863 2075 1058 2109 cursus:
1096 2077 1255 2123 neque
1296 2061 1428 2109 enim
1465 2060 1593 2109 illud
1639 2061 1811 2125 fugere

40 2145 83 2179 25
114 2134 301 2194 fuerat,
348 2134 434 2182 sed
480 2135 672 2195 volare,
718 2150 837 2182 nam
881 2136 1042 2183 metus
1091 2134 1278 2183 insueti
1323 2135 1532 2198 pedibus
1581 2135 1687 2184 alas
1727 2135 1811 2183 ad-

115 2207 332 2269 diderat3
363 2208 569 2256 tertium
599 2208 734 2270 quod
763 2224 863 2256 non
895 2225 945 2258 se
977 2209 1188 2258 credidit
1211 2225 1386 2272 campo
1413 2211 1503 2257 aut
1525 2210 1812 2273 patentibus

114 2282 257 2344 lociS,
309 2282 394 2330 sed
442 2282 495 2330 in
545 2283 832 2345 speluncam
881 2283 1033 2346 fugit,
1085 2299 1237 2346 quam
1288 2284 1505 2347 putabat
1555 2283 1810 2333 invictam.

114 2360 168 2404 ut
216 2370 318 2404 sese
366 2357 565 2404 inclusit
611 2358 861 2417 ruptisque
912 2358 1112 2405 inmane
1166 2360 1348 2406 catenis
1401 2358 1567 2406 deiecit
1618 2373 1809 2414 saxum,
1827 2367 1914 2407 225

113 2431 245 2490 ferro
284 2431 411 2490 quod
449 2434 491 2479 et
529 2434 633 2479 arte
654 2434 871 2491 paterna
895 2431 1150 2491 pendebat,
1181 2432 1422 2492 fultosque
1453 2433 1655 2479 emuniit
1684 2433 1812 2479 obice

41 2514 86 2548 ⁸0
107 2505 286 2565 postis,
343 2519 444 2553 ecce
498 2507 672 2565 furens
726 2506 907 2553 animis
961 2506 1135 2554 aderat
1187 2506 1473 2567 Tirynthius
1534 2519 1812 2564 omnemque

117 2592 362 2626 accessum
411 2579 630 2628 lustrans
682 2579 775 2627 huc
826 2593 916 2627 ora
967 2580 1155 2639 ferebat
1206 2584 1250 2628 et
1300 2580 1418 2628 illuc
1470 2580 1693 2628 dentibus
1736 2580 1812 2626 in·
1827 2588 1914 2629 230

114 2653 371 2711 frendens:
400 2653 531 2701 inter
560 2653 824 2702 Herculem
856 2655 906 2701 et
930 2651 1114 2702 Cacum
1136 2670 1235 2702 non
1259 2655 1531 2716 plurimum
1555 2655 1812 2716 supererat

118 2726 293 2788 spatii,
343 2726 552 2789 denique
601 2727 710 2788 ille,
761 2743 872 2775 cum
927 2742 977 2776 se
1027 2728 1219 2777 videret
1271 2729 1535 2777 velocitate
1589 2728 1810 2776 fortioris

238 2858 261 2896 1
288 2853 476 2911 alchyde
499 2853 555 2898 V.
633 2859 658 2897 2
685 2855 802 2910 pelle
824 2853 879 2897 V.
912 2854 915 2911 Ι
942 2854 1167 2911 nudisque
1188 2869 1255 2912 yr.
1279 2855 1419 2899 rubor
1441 2853 1496 2896 V.
1576 2857 1600 2896 3
1625 2854 1813 2897 aetherii

117 2909 173 2965 V,
207 2911 288 2956 sed
319 2912 369 2955 in
398 2912 591 2969 interpr.
624 2915 814 2958 acrium.
936 2917 962 2955 5
999 2927 1112 2969 prae
1140 2915 1388 2959 iracundia
1420 2913 1492 2956 ed.
1615 2917 1639 2955 6
1679 2927 1811 2957 arma

120 2983 206 3013 om.
248 2971 320 3015 ed.
442 2977 496 3015 11
537 2973 684 3017 videri
715 2971 771 3016 V.
894 2976 950 3016 25
992 2973 1164 3017 insueti
1201 2974 1389 3030 (genet.)
1421 2971 1463 3015 V
1502 2972 1707 3017 insuetus
1737 2972 1806 3015 ed.

40 3035 44 3037 ’
120 3033 174 3071 27
207 3029 425 3074 invictam
446 3030 490 3075 V
520 3031 921 3090 inexpuqnabilem
953 3031 1023 3075 ed.

1457 3119 1542 3162 10*
