2050 3226
12 252 34 366 ’λῇς-ε.

65 964 107 996 10

66 1333 106 1365 15

64 1704 108 1736 20

66 2073 108 2106 25

68 2443 110 2475 30

783 137 1088 182 AENEIDOS
1119 137 1180 181 IX
1721 141 1830 194 223

137 278 389 327 haberent.
442 278 627 340 species
659 279 826 326 autem
855 277 1074 326 muneris
1106 292 1219 325 cum
1248 276 1396 326 laude
1428 292 1520 326 sua
1543 279 1708 340 posita
1735 281 1832 327 est:

138 355 367 417 argento,
417 353 607 415 inquit,
653 351 874 414 perfecta
924 353 1076 415 atque
1124 366 1301 414 aspera
1346 351 1502 415 signis
1548 354 1600 400 et
1637 351 1833 401 devicta

137 427 335 490 genitor
364 441 490 488 quae
521 427 654 489 cepit
683 425 887 487 Arisba3
925 441 1025 474 non
1063 425 1195 474 enim
1233 425 1507 474 tollebatur
1543 427 1658 488 post
1679 425 1832 475 victo-

137 502 266 549 riam
303 500 398 549 nisi
438 499 572 563 quod
609 502 739 549 esset
779 499 952 564 magni
999 498 1180 548 meriti.
1249 503 1293 547 et
1340 499 1560 561 tripodas
1601 501 1831 561 yeminos‚
1850 509 1935 549 265

138 576 253 623 auri
282 574 376 623 duo
414 589 598 635 mayna
627 574 834 622 talenta:
872 573 1040 622 omnia
1069 573 1294 636 utrisque
1325 573 1606 622 communia
1636 573 1833 622 obtulit.

138 652 329 697 cratera
376 649 612 704 anticum,
661 664 720 696 ex
764 649 878 711 ipsa
922 649 1172 697 vetustate
1220 647 1522 710 mirabilem,
1572 662 1712 707 quem
1749 648 1835 696 dat

135 722 342 771 Sidonia
370 723 534 771 Dido:
573 721 802 770 additum
840 724 917 771 est
948 721 1097 771 istius
1127 723 1363 770 meritum
1393 738 1452 770 ex
1482 737 1696 786 persona
1726 722 1833 770 01113

139 812 265 859 quae
289 795 506 845 dederat.
567 797 653 846 sed
684 798 735 845 et
763 797 878 858 hoc,
911 797 1030 858 quia
1059 813 1216 845 unum
1239 795 1352 857 fuit,
1383 811 1642 844 commune
1667 796 1834 845 ambo-

135 871 228 919 bus
269 869 443 919 datum
482 873 571 919 est.
642 871 730 919 dat
769 870 977 919 Sidonia
1015 870 1146 919 Dido
1186 870 1257 920 sic
1302 870 1492 933 posuit,
1532 871 1678 933 quasi
1714 873 1834 919 tunc

136 961 235 994 non
275 944 337 993 ab
368 944 608 1007 Ascani0,
647 944 732 994 sed
763 961 794 994 0
824 945 1019 993 Didone
1056 944 1450 1007 proficisceretur
1485 945 1651 1007 posita
1682 945 1744 993 ab
1776 961 1834 993 co

138 1019 227 1082 qui
264 1018 419 1067 dabat
455 1019 509 1067 in
547 1019 810 1082 praesenti.
871 1019 1033 1068 futuri
1071 1035 1270 1082 quoque
1314 1018 1552 1083 temporis
1601 1021 1835 1082 separata

137 1093 347 1157 singulis
397 1109 604 1142 munera
652 1094 919 1156 pollicetur
969 1095 1020 1142 et
1070 1109 1197 1156 quae
1251 1095 1380 1142 esset
1432 1093 1706 1157 largiturus
1754 1110 1833 1142 ex·

137 1167 339 1230 pressit,
388 1171 594 1231 propter
639 1184 791 1230 quam
827 1184 934 1216 rem
971 1167 1298 1230 praemiserat
1335 1183 1674 1230 quaecumque
1710 1167 1836 1215 1111111

137 1242 340 1290 fortuna
387 1241 608 1305 fidesque
654 1245 743 1292 est.
811 1243 904 1290 hoc
948 1241 1115 1304 ipsum
1159 1257 1292 1290 nunc
1338 1241 1563 1304 exponit:
1616 1243 1662 1290 si
1706 1256 1831 1299 ver0,

135 1316 324 1379 inquit,
373 1331 544 1376 capere
588 1317 794 1365 Italiam
838 1317 1130 1377 sceptrisque
1171 1317 1326 1377 potiri
1374 1317 1621 1378 contiyerit
1665 1317 1835 1364 victori

138 1393 181 1438 et
212 1390 430 1450 praedae
467 1391 640 1439 ducere
676 1394 872 1447 sortem,
911 1390 967 1438 id
1004 1392 1080 1439 est
1117 1391 1162 1438 si
1193 1390 1446 1439 ducendae
1478 1392 1662 1439 sortem
1692 1406 1834 1454 prae-

137 1464 229 1512 dae
275 1464 517 1513 fuerimus
564 1465 836 1526 consecuti,
882 1465 1049 1512 vidisti
1094 1479 1185 1524 quo
1227 1465 1428 1513 Turnus
1474 1479 1612 1524 equo,
1661 1465 1836 1524 quibus

136 1539 239 1586 ibat
285 1540 340 1586 in
397 1540 551 1587 armis
606 1554 811 1587 aureus:
871 1540 1037 1598 ipsum
1087 1539 1250 1596 illum,
1312 1540 1519 1599 clipewm
1571 1539 1836 1599 cristasque
1853 1547 1939 1587 270

135 1613 352 1661 rubentis
390 1614 628 1674 excipiam
666 1614 806 1670 sorti,
844 1614 948 1661 iam
985 1620 1119 1661 nunc
1156 1616 1242 1661 tua
1274 1614 1523 1673 praemia,
1559 1613 1696 1661 Nise.
1757 1629 1836 1661 ex-

138 1687 322 1750 cipiam
368 1689 493 1737 sorti
536 1687 671 1736 ideo:
722 1689 884 1736 certus
931 1687 1063 1735 enim
1110 1687 1168 1735 de
1216 1687 1534 1750 adipiscendo
1582 1702 1686 1736 esse
1737 1703 1837 1735 non

137 1763 303 1823 potest
341 1763 424 1810 0111
471 1762 638 1811 obstat
676 1761 824 1811 sortis
863 1763 1120 1810 incertum.
1188 1760 1373 1810 idcirco
1420 1777 1537 1826 ergo
1584 1761 1712 1810 dixit
1758 1778 1836 1810 ex-

137 1835 342 1898 cipiam,
377 1838 436 1884 ut
465 1837 587 1885 haec
617 1836 801 1885 iudicio
833 1837 1003 1899 potius
1034 1835 1251 1884 hominis
1282 1852 1436 1898 quam
1467 1838 1647 1886 eventu
1679 1851 1838 1884 sume-

136 1911 214 1957 ret
250 1909 409 1958 fortiS.
479 1911 601 1959 11000
647 1913 815 1972 erunt,
861 1910 1004 1972 Nise,
1053 1910 1277 1974 praemia
1314 1913 1425 1971 tua,
1467 1913 1726 1971 praeterea
1765 1910 1838 1958 bis

137 1998 220 2031 sex
247 1985 434 2044 yenitor
457 1985 716 2034 lectissima
744 1988 960 2033 matrum
990 1999 1214 2045 corpora,
1247 1984 1507 2033 duodecim
1537 2001 1596 2033 ex
1627 1984 1837 2047 captivis

138 2057 350 2107 feminas
389 2059 645 2108 formosas.
707 2059 843 2122 quod
881 2059 953 2108 ait
981 2061 1226 2120 matrum,
1265 2075 1365 2107 non
1404 2059 1568 2108 solum
1604 2058 1836 2107 mulieres

137 2131 426 2196 intellegere
450 2148 730 2195 possumus,
753 2133 988 2196 quoniam
1019 2134 1090 2181 310
1112 2133 1285 2182 multis
1308 2133 1430 2182 locis
1458 2133 1642 2196 posuit,
1665 2149 1839 2182 verum

139 2206 291 2254 etiam
328 2209 532 2270 propter
569 2208 790 2256 muneris
822 2206 1022 2256 laudem
1052 2207 1312 2269 fecundas,
1351 2210 1412 2256 ut
1440 2209 1638 2270 praeter
1668 2223 1837 2255 nume-

138 2297 250 2328 rum
275 2282 326 2328 et
347 2281 559 2330 formam
582 2281 696 2330 inde
722 2298 918 2345 quoque
950 2297 1120 2330 earum
1151 2283 1392 2331 cresceret
1420 2282 1671 2343 meritum,
1703 2280 1838 2343 quod

141 2371 199 2402 ex
236 2355 440 2403 illarum
479 2355 629 2403 etiam
674 2357 827 2418 partu
870 2372 1054 2420 magna
1099 2358 1304 2419 possent
1349 2357 1686 2405 emolumenta
1724 2371 1833 2403 con-

142 2428 286 2490 quiri.
373 2445 532 2492 usque
589 2429 711 2478 adeo
767 2429 1047 2478 ostenditur
1099 2430 1452 2479 fecunditatem
1505 2431 1731 2494 tetigisse
1783 2429 1837 2476 in

261 2606 286 2643 2
320 2606 363 2646 et
384 2601 426 2645 V
450 2602 621 2658 pocula
652 2601 724 2645 ed.
841 2606 867 2645 6
898 2607 1052 2659 grater
1075 2601 1129 2645 V.
1250 2606 1304 2645 10
1334 2607 1491 2658 postea
1522 2602 1580 2645 ab
1613 2614 1662 2644 eo
1692 2600 1773 2655 qui
1795 2598 1838 2640 V

136 2666 296 2716 postea
326 2661 384 2705 ab
415 2662 479 2705 eis
509 2675 624 2717 quae
656 2661 727 2705 ed.
754 2662 910 2716 posita
932 2661 990 2705 ab
1013 2674 1063 2705 eo
1087 2662 1167 2717 qui
1198 2675 1294 2705 nos.
1387 2665 1440 2704 13
1467 2661 1741 2716 promiserat
1764 2658 1836 2702 ed.

145 2724 200 2762 14
229 2719 504 2776 fortunaque
535 2725 601 2765 est
623 2719 665 2763 V
689 2734 802 2763 corr.
830 2719 901 2763 ed.
1028 2724 1081 2763 15
1114 2722 1385 2778 continyerit
1407 2720 1460 2762 V.
1580 2724 1632 2762 16
1664 2719 1745 2762 hoc
1775 2723 1840 2762 est

144 2778 215 2822 ed.
253 2779 257 2835 Ι
293 2780 524 2823 ducendae
554 2785 716 2824 sortem
740 2779 944 2835 praedae
965 2779 1189 2834 fuerimus
1211 2780 1437 2824 consecuti
1460 2777 1500 2820 V
1525 2780 1699 2821 temere
1722 2778 1836 2820 mut.

144 2837 237 2881 ed..
282 2837 491 2882 lemmati
534 2838 784 2894 explicatio
824 2852 918 2882 non
957 2839 1193 2893 convenit,
1233 2838 1428 2882 fortasse
1460 2837 1691 2881 ducendae
1721 2841 1839 2881 sorte

136 2897 340 2952 praedae
380 2898 416 2952 f.
456 2911 492 2942 c.
532 2899 842 2943 occasionem?
978 2902 1031 2941 19
1080 2899 1373 2954 excipiam—
1392 2901 1448 2940 20
1487 2897 1588 2941 ideo
1635 2909 1724 2940 om.
1765 2895 1835 2940 ed.

147 2960 198 2998 21
234 2969 336 3013 erqo
368 2970 456 3001 om.
483 2957 554 3002 ed.
678 2961 734 3000 23
765 2957 900 3012 fortis
923 2956 965 2999 V
995 2958 1131 3002 sortis
1162 2957 1233 3000 ed.
