2050 3226
0 199 2 236 l

0 242 2 281 l

65 616 85 649 5

41 987 83 1020 10

39 1357 81 1390 15

37 1730 81 1762 80

38 2099 81 2132 85

751 165 1056 211 AENEmos
1088 164 1174 210 ΧΠ
1701 168 1810 223 555

116 306 161 354 si
190 308 234 354 te
265 305 418 367 (Fors
434 303 570 354 >dicta
591 308 783 367 refutet)
807 306 1125 366 prodiderim,
1154 304 1326 355 natam
1349 309 1391 354 et
1414 307 1622 354 conubia
1643 310 1812 355 nostra

109 381 379 441 petentem?
441 379 603 428 adhuc
641 382 846 443 propter
883 381 987 430 vim
1031 381 1278 444 responsi,
1329 379 1463 443 quod
1510 380 1699 429 dictum
1738 383 1813 429 est

115 455 335 516 „externi
357 455 560 503 venient
582 450 804 518 generi“,
825 457 1112 518 perseverat
1139 457 1199 503 ut
1227 454 1441 504 Rutulos
1474 454 1659 503 adfines
1695 470 1811 504 suos

116 531 167 577 et
216 529 610 593 consanguineos
660 529 809 578 dicat.
887 528 1028 592 quid,
1077 528 1266 592 inquit,
1321 528 1679 593 consanguinei
1714 528 1814 575 mei

115 602 314 664 Rutuli,
365 602 486 665 quid
525 604 715 652 ceterae
752 602 933 652 Italiae
971 604 1139 666 partes
1179 603 1364 665 dicent,
1415 603 1454 652 si
1494 605 1546 651 te
1583 603 1676 651 tali
1714 617 1813 650 cer-

114 676 294 725 tamini
332 676 622 726 commisero
660 678 714 726 in
747 693 844 740 quo
883 676 1047 726 minus
1086 677 1192 741 spei
1230 679 1307 726 est
1343 678 1394 726 et
1431 678 1546 741 plus
1564 675 1812 725 timoris?

115 752 330 800 ceteram
367 751 571 800 Italiam
610 751 669 800 de
717 767 776 800 ea
813 754 956 814 parte
1002 751 1203 801 videtur
1241 751 1423 800 dixisse
1469 767 1597 814 quae
1635 751 1814 814 procul

113 825 214 873 fuit
253 824 314 874 ab
355 841 414 874 ea
450 826 504 873 in
544 842 646 889 qua.
682 825 870 874 bellum
899 825 1177 890 gerebatur.
1233 825 1323 890 qui
1359 825 1491 874 enim
1528 827 1813 889 praesentes

115 902 259 948 erant
294 902 539 949 noverant
584 916 784 950 causam
823 902 874 949 et
919 900 1046 948 nihil
1084 915 1222 949 secus
1262 900 1321 949 de
1357 899 1540 950 Latino
1580 902 1815 963 poterant

114 974 274 1036 loqui,
307 975 427 1037 quia
458 989 627 1023 omnes
658 990 756 1022 uno
789 989 1030 1023 consensu
1061 973 1290 1023 dixerant
1319 975 1450 1024 solos
1483 973 1658 1023 debere
1688 990 1812 1038 pug-

113 1064 232 1095 nare
265 1049 352 1111 qui
389 1048 595 1111 nuptias
625 1047 865 1098 Laviniae
903 1048 1270 1112 perquirebant.
1327 1049 1371 1098 si
1407 1048 1586 1113 igitur,
1630 1048 1725 1110 ait,
1762 1050 1813 1097 te

112 1123 380 1184 permisero
420 1123 582 1171 solum
614 1139 725 1172 cum
756 1123 862 1171 solo
893 1138 1117 1188 pugnare
1149 1125 1199 1171 et
1230 1121 1295 1171 ad
1324 1124 1535 1171 mortem
1565 1124 1637 1184 te,
1678 1122 1814 1185 quod

113 1196 336 1245 Fortuna
384 1196 667 1260 prohibeat,
715 1213 794 1247 res
831 1197 944 1260 ipsa
987 1195 1296 1260 perduxerit,
1348 1196 1468 1260 quid
1512 1196 1679 1245 dicent
1725 1196 1814 1259 qui

112 1271 342 1320 nesciunt
379 1286 602 1334 causam,
642 1272 764 1335 quia
800 1270 999 1334 prodidi
1035 1273 1086 1319 te
1124 1273 1175 1320 et
1209 1270 1422 1319 adfinem
1461 1273 1512 1320 et
1547 1272 1814 1334 petitorem

111 1345 243 1393 filiae
280 1344 452 1393 meae?
489 1346 571 1394 hic
601 1347 739 1394 locus
777 1346 874 1394 nisi
912 1345 1107 1394 cautius
1139 1346 1293 1394 fuerit
1321 1346 1700 1408 pronuntiatuS,
1737 1344 1812 1392 in·

111 1419 365 1468 tellectum
403 1420 656 1484 integrum
693 1436 792 1469 non
833 1419 985 1469 dabit.
1046 1419 1256 1468 Latinus
1297 1419 1429 1467 enim
1470 1419 1557 1468 ubi
1600 1420 1811 1468 necessi-

110 1495 268 1541 tatem
306 1508 483 1557 passus
533 1497 609 1543 est
656 1493 946 1543 nominandi
998 1495 1143 1543 triste
1193 1494 1324 1542 illud
1369 1493 1505 1556 quod
1549 1494 1603 1542 in
1641 1494 1812 1542 Turno

110 1567 388 1629 metuebat,
438 1584 500 1616 ne
539 1584 683 1616 omen
728 1569 946 1617 adferret
989 1571 1299 1633 pugnaturo,
1348 1567 1651 1631 interposuit
1688 1568 1811 1617 Fors

111 1641 246 1690 dicta
282 1642 486 1704 refutet,
525 1645 584 1692 ut
614 1643 750 1705 quod
781 1642 1003 1692 dicturus
1043 1643 1211 1691 fuerat
1249 1642 1308 1690 de
1345 1644 1505 1691 morte
1536 1642 1694 1690 Turni
1722 1657 1812 1691 nec

114 1715 312 1765 audiret
340 1717 564 1766 Fortuna
602 1733 692 1766 nec
730 1718 931 1766 faceret.
985 1733 1123 1782 ergo,
1156 1733 1267 1765 cum
1304 1716 1710 1779 pronuntiamus,
1742 1716 1812 1765 sic

113 1790 343 1839 debemus
384 1790 690 1855 distinguere
723 1792 846 1854 quid
877 1791 1231 1855 consanguinei
1258 1791 1455 1852 Rutuli,
1496 1791 1619 1853 quid
1650 1793 1812 1840 cetera

113 1864 244 1912 dicet
272 1864 446 1927 Italia,
487 1866 552 1914 ad
588 1867 800 1915 mortem
830 1867 875 1915 si
903 1869 953 1915 te
985 1868 1036 1914 et
1070 1864 1390 1929 suspendere,
1428 1866 1488 1912 ut
1525 1867 1811 1928 separatum

113 1940 181 1986 sit
217 1938 339 1987 Fors
379 1938 514 1988 dicta
550 1940 735 1988 refutet
773 1941 823 1988 et
854 1939 924 1989 sic
963 1942 1204 2003 sequatur
1233 1938 1558 2003 prodiderim,
1596 1939 1667 1988 sic
1705 1956 1811 1988 rur-

112 2027 224 2061 sum
255 2014 585 2075 separandum
607 2016 781 2063 natam
805 2016 856 2063 et
878 2014 1089 2063 conubia
1119 2015 1291 2062 nosiffa
1312 2015 1576 2077 petentem.
1617 2013 1809 2063 ordine-

112 2102 220 2135 mus
273 2088 374 2136 iam
420 2090 607 2136 totum:
661 2088 786 2151 quid
835 2087 1190 2152 consanguinei
1226 2087 1424 2149 Rutuli,
1476 2087 1598 2150 quid
1647 2089 1811 2137 cetera

113 2162 244 2209 dicet
281 2161 451 2223 Italia,
507 2162 550 2211 si
587 2164 637 2210 te
676 2164 925 2226 petentem
963 2165 1135 2210 natam
1174 2163 1224 2210 et
1271 2163 1445 2211 nostra
1494 2162 1707 2211 conubia
1746 2163 1811 2210 ad

111 2237 323 2283 mortem
354 2236 690 2299 prodiderim?
728 2237 850 2286 Fors
883 2236 1018 2285 dicta
1047 2236 1244 2285 refutet.
1297 2237 1391 2285 hoc
1423 2238 1499 2285 est
1520 2236 1643 2290 Fors
1675 2236 1810 2285 dicta

111 2310 298 2358 refutet
335 2309 468 2372 quod
506 2312 582 2359 est
618 2310 672 2358 in
721 2326 816 2360 usu
864 2311 1007 2375 vulgi
1055 2310 1228 2374 „quod
1276 2325 1376 2359 non
1426 2309 1583 2359 faciat
1631 2309 1810 2372 deus“;

112 2399 229 2431 nam
266 2383 410 2432 triste
458 2384 648 2447 aliquid
701 2384 1008 2434 nominaturi
1057 2387 1236 2448 optant
1280 2385 1440 2448 primo
1491 2400 1552 2432 ne
1598 2384 1808 2447 accidat,

112 2474 172 2505 ne
213 2474 356 2507 omen
394 2458 587 2507 adferre
626 2459 902 2507 videantur.
962 2459 1152 2523 optimo
1190 2459 1341 2508 verbo
1380 2474 1499 2507 usus
1538 2461 1613 2506 est
1642 2457 1808 2521 prodi-

114 2531 290 2594 derimr,
342 2533 528 2595 quippe
567 2533 823 2581 ostendere
862 2533 1024 2582 voluit
1059 2550 1159 2582 non
1197 2549 1296 2581 uno
1335 2549 1512 2596 genere
1552 2532 1659 2580 fieri
1696 2548 1808 2595 pro-

114 2605 365 2654 ditionem.
429 2609 735 2669 quapropter
773 2606 966 2655 definiit
1003 2607 1126 2671 quid
1164 2608 1230 2656 sit
1267 2606 1495 2670 prodere3
1538 2622 1637 2654 non
1677 2606 1808 2654 enim

113 2695 285 2729 revera
322 2679 406 2727 ille
458 2681 591 2729 solus
638 2683 714 2729 est
758 2681 984 2743 proditor
1033 2681 1122 2745 qui
1167 2696 1289 2729 auro
1328 2680 1554 2729 venditat
1591 2682 1808 2743 patriam

236 2870 257 2908 1
297 2865 429 2919 frons
466 2879 549 2922 pro
587 2865 684 2919 fors
715 2865 768 2909 V.
900 2870 925 2910 3
958 2872 1275 2923 perseveratur
1297 2865 1339 2909 V
1362 2847 1622 2921 perseverat
1651 2870 1703 2909 ut
1733 2865 1805 2909 ed.

115 2927 141 2966 8
173 2924 225 2968 in
256 2937 344 2968 om.
370 2925 441 2969 ed.
536 2928 592 2967 20
623 2925 810 2970 auderet
839 2925 955 2969 edF.
1052 2931 1105 2969 21
1140 2925 1480 2982 consanyuinae
1503 2924 1557 2969 V.
1657 2929 1712 2967 22
1745 2925 1807 2970 ad

114 2987 365 3028 mortem—
385 2989 440 3028 26
466 2984 611 3028 Italia
642 2997 729 3027 om.
757 2984 826 3028 ed.
951 2989 1005 3028 32
1038 2985 1198 3039 definit
1228 2984 1300 3029 ed.
