2050 3226
65 662 91 697 ὕ

28 1030 88 1071 llo

44 1404 87 1438 1⁶

45 1775 90 1809 20

48 2145 91 2179 85

50 2516 94 2549 30

755 210 1061 256 AENEIDos
1085 210 1171 255 v11
1728 173 1808 267 ¹63

116 352 453 418 tellegendum
491 354 568 401 est
599 388 1016 401 ............
1048 353 1300 413 sceptrum
1329 351 1607 400 transcribi.
1677 351 1810 413 quod

117 430 285 477 autem
333 425 407 475 ait
453 427 533 475 tot
574 425 798 487 labores,
844 441 875 473 a
921 424 1205 487 quantitate
1250 421 1433 474 adiecit
1475 425 1670 488 pondus
1710 425 1810 474 dic·

115 501 264 564 tioni3
310 500 447 563 quod
496 501 570 548 ait
617 502 729 562 tua,
775 500 940 548 laudis
986 499 1094 548 loco
1141 499 1504 562 accipiendum,
1542 499 1810 548 Dardaniis

116 591 232 626 vero
287 591 379 638 pro
436 575 680 635 convicio,
729 576 904 637 utpote
954 574 1044 636 qui
1093 588 1185 622 sua
1243 573 1576 637 perdidissent
1632 575 1683 621 et
1736 573 1811 621 in·

115 649 296 699 vadere
328 651 566 712 cuperent
595 649 774 697 aliena.
826 648 1007 711 incipit
1036 647 1229 711 aperire
1261 648 1397 710 quod
1427 663 1581 711 supra
1608 663 1811 713 genera-

115 724 231 773 liter
277 724 462 787 posuit.
535 737 620 771 rex
667 724 753 771 tibi
800 724 1100 783 coniuqium:
1143 738 1229 771 rex
1266 725 1356 771 tuo
1396 738 1588 786 semper
1626 723 1812 771 auxilio

117 800 168 848 et
203 797 372 846 labore
411 797 641 846 defensus
680 797 775 845 tibi
807 799 1064 846 tantorum
1094 797 1384 845 meritorum
1413 797 1521 846 viro
1552 799 1814 860 tamquam

115 871 343 936 indigne,
381 874 638 934 tamquam
671 871 819 920 inerti
851 871 1158 935 coniugium,
1189 871 1283 920 hoc
1313 874 1388 920 est
1418 887 1519 919 non
1547 888 1653 920 rem
1683 871 1814 919 ludi-

117 962 252 996 cram
290 949 380 995 aut
415 946 597 1007 levem,
630 945 716 994 sed
747 946 1035 1010 coniugium
1065 948 1239 1010 negat:
1276 962 1377 994 non
1407 945 1535 994 dixit
1564 961 1813 1009 sponsam,

118 1022 355 1084 quoniam
390 1022 535 1068 tanto
576 1020 777 1069 adfectu
815 1020 951 1083 apud
988 1019 1227 1068 Latinum
1267 1022 1358 1069 aut
1390 1019 1628 1068 Amatam
1664 1019 1812 1069 habe-

115 1095 287 1157 batur,
337 1094 483 1157 quasi
530 1095 634 1142 iam
682 1095 760 1142 illi
806 1093 1086 1143 iunxissent
1133 1094 1291 1143 filiam
1340 1109 1496 1143 suam.
1582 1098 1624 1142 et
1670 1108 1814 1155 quae-

116 1171 239 1218 sitas
283 1170 524 1230 sanquine
563 1169 694 1217 dotes
736 1170 966 1229 abneyat:
1020 1184 1128 1216 ecce
1168 1170 1219 1216 et
1254 1168 1308 1215 in
1346 1169 1440 1217 hac
1478 1172 1620 1231 parte
1659 1170 1816 1218 satiat

118 1244 253 1306 quod
306 1243 586 1305 adserebat3
636 1243 761 1291 dixit
814 1243 947 1291 enim
996 1243 1223 1291 Turnum
1273 1242 1404 1291 dotis
1456 1258 1654 1305 quoque
1709 1258 1814 1291 esse

117 1333 471 1381 possessorem,
513 1333 570 1365 ac
608 1333 697 1380 per
733 1318 827 1366 hoc
865 1332 964 1364 non
1004 1318 1051 1364 ei
1089 1333 1322 1380 sponsam
1357 1317 1553 1381 negari,
1585 1317 1671 1366 sed
1702 1333 1814 1366 con-

117 1394 306 1455 iugem,
345 1407 472 1454 quae
511 1392 679 1440 omnia
716 1408 817 1440 non
854 1391 977 1453 levi,
1016 1391 1103 1440 sed
1141 1391 1419 1454 periculoso
1457 1391 1626 1440 labore
1666 1407 1814 1453 quae-

118 1468 279 1515 sisset.
355 1469 670 1525 externusque
707 1467 763 1513 in
798 1479 1003 1527 requam
1041 1467 1294 1525 quaeritur
1330 1466 1487 1522 hereS,
1532 1466 1667 1528 quod
1708 1468 1817 1514 erat

116 1542 417 1589 iniuriarum
447 1542 784 1604 augmentum,
816 1539 1006 1588 scilicet
1034 1540 1299 1604 indignum
1327 1540 1577 1602 praeferre
1606 1540 1816 1589 meliori.

117 1616 137 1662 i
166 1630 310 1671 nane,
342 1616 552 1675 inqratis
583 1616 702 1674 offer
732 1618 788 1671 te,
819 1615 986 1670 inrisa,
1014 1615 1231 1674 pericli-5,
1266 1615 1561 1675 Tyrrhenae,
1594 1616 1627 1671 i,
1659 1618 1817 1663 sterne
1833 1627 1919 1667 425

119 1691 260 1746 aeieS,
300 1692 398 1749 teye
431 1703 554 1749 paee
584 1689 818 1737 Latinos:
864 1688 986 1751 quid
1022 1689 1216 1751 profuit
1251 1690 1436 1738 totiens
1475 1691 1525 1737 te
1562 1685 1815 1737 laboribus

120 1763 368 1812 obiectum
414 1765 464 1811 et
508 1762 743 1824 periculis
789 1764 890 1811 tuis
933 1765 1116 1812 stratos
1156 1778 1260 1812 esse
1301 1762 1617 1825 Tyrrhenos?
1694 1763 1818 1825 quid

118 1837 274 1886 Italos
322 1837 425 1885 otio
471 1838 653 1885 texisse
695 1836 971 1900 perpetuo?
1046 1838 1164 1885 haee
1202 1838 1321 1886 adeo
1360 1838 1446 1886 tibi
1483 1852 1579 1894 me,
1614 1837 1818 1897 placida

122 1927 231 1959 eum
273 1915 406 1959 noete
450 1912 654 1967 iacereS‚
706 1912 818 1971 ipsa
861 1911 1034 1972 palam
1082 1913 1185 1971 fari
1229 1913 1530 1972 omnipotens
1577 1911 1819 1960 Saturnia

121 1986 286 2034 iussit:
337 1985 547 2047 denique
586 2001 701 2034 cum
729 1986 848 2034 haec
879 1986 1002 2035 satis
1032 1986 1242 2049 indigna
1273 1987 1606 2048 omnipotenti
1634 1986 1818 2034 Iunoni

122 2059 512 2121 displicuissent,
550 2059 697 2108 iussit
733 2060 1043 2108 manifestari
1082 2060 1177 2108 tibi
1214 2076 1302 2122 per
1338 2076 1437 2121 me,
1472 2077 1556 2120 ne,
1589 2060 1707 2108 dum
1744 2075 1816 2108 se-

122 2149 270 2182 curus
300 2135 495 2181 noctem
527 2134 816 2182 continuam
846 2133 1134 2183 dormiendo
1166 2134 1396 2196 conteris,
1425 2150 1635 2198 regnum
1669 2134 1817 2182 simul

122 2210 173 2256 et
211 2207 513 2256 consortium
553 2208 731 2270 perdas
770 2209 950 2256 uxoris.
1029 2208 1154 2257 dixit
1192 2210 1360 2257 omnia
1399 2225 1527 2270 quae
1566 2209 1817 2256 hominem

121 2283 315 2346 regium
365 2297 422 2330 ac
472 2283 651 2330 fortem
701 2283 879 2330 merito
931 2285 1310 2331 commoverent.
1389 2282 1516 2331 dixit
1564 2282 1815 2331 laboribus

123 2356 226 2404 eius
266 2357 482 2420 gratiam
520 2371 619 2403 non
659 2356 819 2404 solum
858 2371 957 2404 non
993 2357 1168 2405 referri
1196 2374 1370 2405 verum
1405 2358 1558 2405 etiam
1588 2357 1817 2405 intolera-

122 2430 274 2478 bilem
309 2430 549 2478 iniuriam
587 2430 795 2491 factam,
834 2429 973 2478 cuius
1010 2430 1310 2494 indignitate
1340 2432 1517 2479 merito
1549 2431 1738 2479 doleret
1769 2433 1819 2478 et

122 2504 272 2565 Iuno,
324 2505 535 2552 inrisum
587 2504 777 2552 scilicet
826 2505 915 2565 qui
967 2506 1157 2553 factum
1206 2505 1466 2554 defendere
1517 2505 1715 2553 deberet
1768 2507 1818 2551 et

245 2619 267 2658 1
302 2621 367 2660 est
391 2621 615 2672 sceptrum
638 2614 681 2658 V
705 2615 798 2659 ed.:
834 2615 1013 2671 aliquid
1038 2616 1265 2660 excidisse
1288 2618 1441 2672 patet,
1468 2616 1529 2659 ad
1554 2615 1817 2671 exemplum

126 2674 347 2717 similium
379 2674 586 2718 locorum
619 2674 694 2731 (cf.
721 2679 760 2728 8,
782 2677 854 2729 74)
885 2680 938 2718 ut
966 2676 1027 2719 sit
1052 2677 1230 2731 patiere
1260 2677 1388 2730 fusos
1420 2677 1615 2729 laboreS,
1639 2676 1817 2731 patiere

126 2733 348 2789 suspicor.
440 2739 468 2777 4
492 2734 804 2790 perdedissent
826 2733 881 2777 V.
967 2738 992 2777 5
1025 2737 1235 2791 cupirent
1255 2734 1310 2778 V.
1399 2739 1422 2778 7
1451 2740 1682 2790 tamquam
1708 2736 1817 2777 ante

125 2794 315 2849 indiqno
347 2806 435 2836 om.
461 2794 533 2837 ed.
629 2798 683 2836 10
716 2799 804 2849 quo
828 2792 871 2835 V
895 2794 1112 2849 quomodo
1137 2793 1224 2838 OU
1247 2794 1319 2838 ed.
1352 2795 1567 2849 quoniam
1600 2793 1672 2837 ed.
1696 2795 1815 2848 post.

128 2856 180 2893 11
213 2853 438 2897 iunxisset
468 2853 540 2896 ed.
630 2858 685 2895 14
716 2853 901 2908 neyaris
924 2858 965 2896 et
987 2852 1031 2895 V
1058 2855 1221 2910 neqari
1244 2859 1286 2897 et
1317 2854 1388 2896 ed.
1479 2857 1534 2895 16
1564 2866 1753 2909 reqnum
1775 2852 1818 2895 V

125 2924 272 2967 reyem
295 2911 366 2954 ed.
454 2916 509 2955 18
539 2913 559 2955 i
582 2914 691 2955 ante
714 2917 860 2956 sterne
884 2925 973 2955 om.
991 2911 1033 2954 V
1057 2913 1128 2955 ed.
1155 2913 1261 2955 add.
1288 2913 1358 2955 ed.
1384 2914 1503 2967 post.
1594 2915 1649 2954 23
1674 2914 1818 2956 omni-

120 2971 298 3024 potenti
327 2969 370 3012 V
397 2984 590 3027 maynae
630 2971 702 3014 ed.
825 2974 880 3013 28
918 2972 1098 3026 repperi
1127 2970 1170 3014 V
1204 2971 1367 3025 referri
1401 2984 1484 3014 nos
1522 2971 1713 3015 relatam
1745 2970 1816 3014 ed.

130 3032 184 3071 30
215 3030 389 3082 factum
418 3028 459 3072 V
493 3030 564 3072 ed.
599 3035 816 3085 paetum?
850 3044 909 3072 an
940 3031 1160 3074 Latium?
