2050 3226
5 554 10 573 »
5 413 18 539 amu-0„

758 181 1062 227 AENEIDOS
1092 181 1135 225 X
1683 185 1792 238 403

103 323 297 372 Aeneas
327 323 636 387 properavit:
675 323 860 385 recepit
890 338 1089 372 sensum
1119 321 1413 384 Mezentius,
1454 322 1539 371 sed
1569 324 1671 371 iam
1702 323 1793 371 sub

102 398 272 462 gladio
318 397 511 460 positus
554 396 675 459 quid
721 396 959 446 auderet?
1022 396 1143 460 quid
1180 396 1367 445 faceret
1410 395 1611 445 iacens?
1674 396 1794 459 quid

102 470 314 520 debilis?
376 470 497 534 quid
543 469 839 534 oppressus?
901 471 1068 534 potuit
1112 472 1280 520 tamen
1326 471 1467 533 loqui
1507 472 1558 518 et
1595 470 1792 519 locutus

101 549 178 595 est
208 561 335 610 quae
367 544 636 594 necessitas
668 545 910 609 exigebat.
970 545 1119 594 hostis
1150 558 1340 601 amare,
1381 544 1500 605 quid
1528 545 1793 604 increpitas
1810 556 1895 600 900

4 631 6 634 ⁴
99 623 389 679 mortemque
417 619 662 668 minaris?
715 619 812 668 duo
843 619 993 681 mala,
1025 621 1075 668 et
1104 620 1299 668 hostem
1329 633 1433 668 esse
1465 620 1516 668 et
1546 633 1792 667 amarum:

98 694 192 742 hoc
245 709 422 758 genere
478 695 530 742 et
582 693 750 758 gladio
806 692 978 742 stricto
1033 696 1085 742 et
1136 692 1452 742 insultationi
1504 692 1793 756 respondet3

100 768 314 830 denique
368 769 597 830 sequitur
650 767 771 830 quid
823 768 1114 831 increpitaS,
1167 768 1406 830 quoniam
1456 767 1551 816 hoc
1605 766 1668 815 ad
1717 766 1792 814 in-

98 841 420 891 sultationem
459 844 510 891 et
553 841 705 891 verba
743 841 982 905 pertinet,
1031 844 1339 905 mortemque
1387 840 1618 903 minaris,
1673 842 1793 904 quia

3 932 14 974 g
96 916 226 965 hanc
264 907 437 965 stricto
484 931 717 965 mucrone
756 915 1066 965 minabatur:
1116 915 1160 965 si
1198 917 1451 965 occisurus
1491 931 1565 977 es,
1609 914 1793 978 inquit,

3 999 16 1035 ³⁷
23 1005 68 1039 10

0 1375 64 1409 ’15

96 989 200 1038 iam
236 990 351 1052 feri,
398 990 522 1053 quid
566 990 729 1039 verbis
776 989 1027 1054 protrahis
1072 988 1406 1039 moriturum?
1467 988 1679 1039 saevitia
1717 991 1794 1038 est

96 1065 290 1114 hostem
329 1064 415 1113 diu
448 1065 666 1113 cruciare
698 1064 789 1113 sub
821 1063 1013 1129 gladie,
1050 1063 1263 1113 saevitia
1301 1067 1376 1112 est
1414 1063 1575 1113 verbis
1608 1062 1791 1112 amaris

98 1138 343 1201 adpetere.
427 1138 619 1187 nullum
672 1139 727 1187 in
780 1139 923 1188 caede
972 1140 1139 1199 nefas:
1193 1154 1258 1187 an
1310 1138 1555 1201 numquid
1607 1137 1791 1186 idcirco

97 1212 350 1261 dexteram
381 1212 706 1277 gladiumque
737 1211 1018 1276 suspendis,
1051 1212 1186 1276 quod
1217 1211 1469 1261 existimas
1500 1212 1640 1260 nefas
1672 1227 1792 1274 esse,

97 1289 141 1335 si
170 1285 354 1336 ferias?
418 1287 613 1335 nullum
645 1286 830 1336 crimen
861 1289 958 1348 est,
997 1286 1041 1336 si
1069 1287 1227 1335 hostis
1259 1288 1375 1335 tuus
1408 1286 1541 1349 quod
1579 1285 1793 1350 parabat

97 1360 325 1423 excipiat.
401 1375 488 1410 nee
524 1362 595 1410 sie
633 1361 700 1410 ad
729 1361 922 1422 proelia
971 1362 1107 1409 veni:
1155 1376 1255 1409 non
1304 1360 1375 1409 sic
1423 1361 1517 1410 hoc
1567 1363 1643 1410 est
1690 1376 1791 1409 non

97 1450 155 1483 ea
199 1435 477 1484 intentione
526 1436 736 1498 repetivi
786 1438 1055 1495 certamen,
1103 1438 1164 1483 ut
1212 1436 1472 1484 vincerem.
1559 1434 1790 1498 probatio

94 1510 244 1558 huius
303 1508 425 1557 dicti
482 1509 710 1558 addenda
766 1510 952 1571 fuerat,
1005 1508 1190 1558 idcirco
1254 1509 1438 1558 adiecit
1498 1523 1585 1558 nee
1638 1512 1791 1558 tecum

93 1597 230 1632 meus
278 1583 395 1632 haee
441 1583 623 1646 pepiqit
670 1583 791 1632 mihi
827 1583 1026 1644 foedera
1064 1583 1284 1632 Lausus.
1359 1581 1548 1645 [unwm
1581 1583 1668 1632 hoe
1697 1597 1792 1644 per

7 1695 9 1698 .
93 1657 139 1706 si
176 1672 275 1717 qua
321 1661 390 1706 est
424 1658 563 1718 vietis
600 1658 745 1706 venia
797 1657 1012 1706 hostibus
1065 1656 1201 1720 oro].·
1249 1656 1444 1706 Lausus
1497 1674 1575 1706 me
1629 1656 1789 1721 perire

0 1745 65 1779 180

93 1731 274 1793 voluit,
324 1731 517 1780 Lausus
562 1734 729 1781 tecum
774 1734 979 1796 pactum
1022 1747 1162 1781 meae
1207 1733 1381 1781 mortis
1420 1730 1639 1793 induxit,
1689 1747 1790 1780 non

4 1836 7 1845 ·
92 1821 238 1870 rogo,
277 1805 516 1868 quoniam
554 1822 654 1855 non
691 1805 816 1855 libet
853 1821 1110 1869 superesse
1148 1808 1264 1869 post
1301 1805 1483 1867 filium,
1529 1821 1629 1854 non
1667 1821 1788 1870 rogo

94 1880 228 1942 quod
279 1881 458 1928 mereri
510 1879 814 1929 contrarium
867 1883 964 1941 est,
1024 1896 1182 1928 unum
1235 1883 1402 1928 tamen
1454 1881 1594 1943 pet0,
1657 1880 1790 1943 quod

93 1954 216 2002 victi
260 1968 453 2016 semper
495 1954 746 2017 inpetrare
786 1956 1148 2003 consueverunt
1192 1956 1243 2002 et
1287 1954 1422 2017 quod
1465 1953 1573 2018 ipse
1611 1957 1788 2016 sponte

4 2056 8 2075 .
93 2027 392 2091 praestitisti
429 2027 532 2076 filio
563 2044 694 2077 meo:
734 2043 908 2089 eorpus
945 2029 1089 2077 hunno
1122 2029 1320 2089 patiare
1358 2028 1464 2090 teyi.
1525 2028 1789 2078 verebatur

94 2101 226 2150 enim
275 2118 336 2150 ne
387 2103 518 2151 cives
568 2103 647 2151 sui
695 2103 874 2151 veteris
925 2118 983 2151 ac
1031 2101 1155 2151 iusti
1204 2101 1307 2151 odii
1350 2118 1590 2151 memores
1636 2102 1786 2152 funus

94 2175 365 2224 execrabile
412 2193 502 2239 per
545 2176 767 2224 membra
813 2176 1146 2240 discerperent
1192 2178 1242 2224 et
1287 2177 1421 2240 quod
1458 2176 1573 2226 vivo
1612 2177 1786 2239 nequi·

92 2252 271 2299 verant
299 2250 563 2299 redderent
591 2253 802 2299 mortuo.
850 2250 1079 2313 denique,
1112 2266 1223 2299 cum
1246 2253 1439 2314 peteret
1461 2250 1785 2314 sepulturam,

94 2323 287 2373 addidit
330 2325 428 2373 seio
468 2325 644 2373 acerba
679 2338 896 2372 meorwm
934 2325 1245 2373 circumstare
1282 2325 1421 2374 odia:
1467 2340 1574 2373 ecce
1623 2327 1784 2373 osten·
1802 2344 1888 2385 905

94 2397 168 2445 dit
206 2397 329 2460 quid
366 2399 586 2460 timeret3
625 2400 834 2447 noverat
872 2399 1057 2462 quippe
1096 2414 1147 2448 se
1186 2398 1312 2447 nihil
1351 2399 1409 2447 de
1448 2398 1548 2448 suis
1589 2400 1787 2461 praeter

95 2471 272 2521 acerba
325 2471 442 2521 odia
501 2473 753 2521 meruisse.
845 2471 1066 2536 graviter
1117 2472 1249 2521 enim
1303 2473 1536 2536 sperabat
1597 2472 1786 2521 moveri

93 2561 236 2608 posse
276 2561 400 2609 quos
441 2547 664 2611 graviter
701 2547 927 2595 laeserat.
995 2546 1144 2603 hune,
1184 2561 1288 2603 ore,
1329 2546 1531 2607 defende
1568 2547 1784 2606 furorem

213 2707 240 2746 4
282 2703 479 2748 incretas
519 2717 603 2759 pro
647 2703 895 2758 increpitas
928 2701 983 2747 V.
1105 2708 1131 2746 5
1171 2717 1380 2747 amarum
1411 2701 1452 2744 V
1483 2716 1525 2746 a.
1559 2702 1680 2746 dixit
1710 2701 1782 2747 ed.

96 2765 120 2803 7
146 2766 235 2817 quo
251 2782 296 2798 =
311 2761 533 2817 quoniam
549 2761 591 2805 V
614 2761 831 2819 quomodo
855 2761 927 2807 ed.
1019 2765 1045 2806 8
1069 2763 1248 2818 quia—
1267 2766 1292 2805 9
1317 2761 1581 2806 minabatur
1604 2774 1691 2804 om.
1711 2760 1782 2805 ed.

96 2822 122 2861 9
153 2825 218 2865 est
238 2819 280 2863 V
304 2834 349 2865 es
372 2834 486 2865 corr.
512 2821 583 2865 ed.
679 2825 731 2864 12
756 2819 910 2865 incede
932 2834 1016 2876 pro
1040 2822 1092 2866 in
1115 2821 1248 2866 caede
1263 2820 1319 2864 V.
1406 2824 1459 2873 16
1484 2820 1726 2864 certamine
1742 2819 1784 2862 V

96 2891 209 2923 corr.
235 2879 306 2923 ed.
334 2879 390 2923 cf.
416 2883 516 2924 889.
604 2883 658 2924 18
682 2893 893 2924 unum—
913 2883 968 2923 19
992 2893 1071 2925 oro
1096 2880 1227 2924 deest
1250 2880 1299 2923 in
1322 2878 1378 2932 V,
1403 2878 1485 2922 sed
1509 2877 1783 2934 explicatur.

35 2935 38 2937 ’
96 2941 151 2980 21
169 2939 383 2993 quoniam
404 2952 499 2983 non
522 2938 686 2984 libetV
710 2951 848 2994 super
872 2939 898 2983 b
921 2941 1145 2994 punctum
1170 2938 1327 2994 posuit
1350 2950 1472 2982 man.
1491 2937 1545 2981 11.
1612 2942 1668 2981 22
1693 2952 1783 2982 me-

94 2997 183 3040 riri
205 2995 259 3040 V.
363 3002 418 3041 26
450 2999 746 3054 nequiverunt
776 2997 847 3042 ed.
952 3002 1003 3041 31
1039 2998 1158 3054 quod
1181 2997 1223 3040 V
1254 2997 1325 3042 ed.
1358 3010 1468 3054 quos
1498 2996 1569 3041 ed.
1603 2999 1721 3053 post.

1429 3083 1515 3129 26*
