2054 3208
218 216 254 268 4
693 175 927 258 DONATI
956 213 1237 258 INTERPR.
1263 213 1442 257 VERG.

218 354 479 401 interiecta
524 353 752 402 nesciunt
794 354 1067 414 retrahere,
1108 355 1167 401 ut
1205 354 1339 416 quod
1377 354 1442 401 ad
1478 355 1676 416 tempus
1716 369 1913 416 separa-

217 429 328 475 tum
366 429 442 475 est
477 426 705 491 iungant.
781 427 876 476 iste
922 427 1054 475 enim
1091 443 1260 476 versus
1301 427 1499 476 sublato
1538 427 1701 475 medio
1743 428 1802 475 de
1840 427 1914 474 in-

218 501 335 550 feris
384 502 607 549 tractatu
643 501 823 550 Miseni
869 501 1089 563 exequiis
1133 501 1381 565 iungitur3
1428 501 1490 549 ab
1529 502 1608 549 his
1647 501 1780 550 enim
1817 501 1915 550 dis-

218 575 394 624 cedens
434 575 664 623 carminis
705 590 875 624 cursus
916 575 980 623 ad
1018 576 1216 624 easdem
1253 575 1384 623 redit
1422 578 1472 624 et
1508 575 1632 623 facit
1666 576 1916 640 integram

217 649 576 710 narrationem,
617 650 676 697 ut
714 651 845 697 recte
884 650 1109 712 posuerit
1145 652 1206 696 tu
1243 665 1454 712 quoque.
1530 649 1706 698 melius
1747 652 1914 698 autem

192 722 480 786 'apparebit
526 723 648 770 haec
695 723 932 784 adsertio,
979 724 1023 771 si
1067 724 1197 771 unde
1236 723 1507 772 discessum
1553 726 1628 772 est
1675 718 1749 789 (6,
1785 718 1914 790 232)

215 800 518 860 repetamus:
580 799 671 858 „at
733 797 844 860 pius
900 797 1093 845 Aeneas
1155 798 1350 860 ingenti
1408 798 1538 846 mole
1599 799 1916 860 sepulchrum

215 872 415 934 inponit
474 886 661 934 suaque
724 886 860 918 arma
912 872 1020 919 viro
1080 886 1370 933 remumque
1422 871 1694 934 tubamque
1748 875 1915 921 monte

217 945 309 994 sub
343 944 518 1006 Aerio,
559 946 646 1007 qui
683 960 814 992 nunc
847 945 1067 993 Misenus
1108 944 1170 992 ab
1208 945 1297 992 illo
1337 945 1521 994 dicitur
1559 949 1915 1009 aeternumque

215 1022 352 1068 tenet
399 1034 487 1082 per
536 1019 734 1067 saecula
784 1017 1014 1067 nomen“.
1104 1020 1246 1081 sequi
1295 1018 1465 1068 debuit
1509 1021 1566 1067 tu
1614 1035 1811 1082 quoque
1857 1020 1914 1068 li-

215 1094 408 1141 toribus
454 1092 659 1154 nostris,
698 1094 888 1141 Aeneia
933 1093 1123 1154 nutrix,
1170 1095 1422 1141 aeternam
1460 1093 1675 1142 moriens
1714 1094 1914 1155 famam,

217 1167 412 1229 Caieta,
470 1166 665 1215 dedisti.
766 1166 1064 1228 interposita
1123 1167 1282 1228 igitur
1340 1166 1398 1215 de
1458 1167 1631 1216 inferis
1695 1169 1916 1216 carmina

217 1241 352 1305 quod
396 1257 550 1289 unum
598 1256 702 1290 esse
749 1241 973 1303 oportuit
1011 1240 1302 1290 diviserunt.
1379 1241 1466 1290 sed
1505 1244 1556 1290 et
1591 1257 1725 1290 nunc
1762 1259 1916 1290 unum

217 1317 313 1376 est,
365 1315 484 1378 quia
532 1315 662 1363 unde
712 1331 763 1364 se
812 1316 1069 1363 recessisse
1117 1315 1412 1363 meminerat
1463 1318 1614 1378 poeta
1661 1316 1914 1365 remeavit.

216 1406 332 1454 ergo
370 1391 502 1437 recte
541 1389 880 1452 superioribus
919 1390 1041 1437 haec
1078 1391 1280 1438 nectens
1320 1390 1393 1438 ait
1429 1391 1489 1438 tu
1524 1406 1722 1453 quoque
1755 1390 1914 1439 litori-

215 1464 306 1512 bus
367 1463 573 1524 nostris,
635 1463 824 1512 Aeneia
884 1465 1075 1525 nutrix,
1137 1466 1389 1512 aeternam
1444 1464 1658 1512 moriens
1714 1464 1915 1525 famam,

218 1538 410 1598 Caieta,
451 1538 646 1586 dedisti.
716 1541 758 1585 et
802 1553 934 1585 nune
978 1541 1141 1585 servat
1176 1538 1327 1586 honos
1364 1539 1524 1586 sedem
1561 1541 1674 1586 taus
1712 1553 1917 1598 ossaque

215 1626 389 1660 nomen
426 1612 672 1671 Hesperia
717 1612 772 1659 in
815 1627 1019 1672 mayna,
1063 1613 1109 1659 si
1154 1627 1252 1671 qua
1297 1615 1367 1660 est
1411 1627 1469 1660 ea
1509 1612 1689 1672 yloria,
1730 1614 1915 1673 signat:

214 1687 268 1733 in
321 1686 534 1750 singulis
589 1686 752 1734 verbis
805 1702 1045 1750 magnum
1095 1685 1325 1734 dictionis
1380 1689 1455 1734 est
1508 1686 1725 1748 pondus,
1780 1686 1915 1749 quod

214 1761 381 1822 ipsum
412 1761 558 1822 quale
591 1763 931 1823 quantumque
965 1760 1031 1808 sit
1059 1760 1353 1822 incipiemus
1386 1776 1640 1822 exponere.
1702 1763 1759 1808 tu
1791 1776 1912 1823 quo-

216 1851 334 1896 que,
381 1835 475 1882 hoc
525 1836 600 1882 est
650 1850 776 1897 quae
828 1834 1148 1882 admirandae
1198 1834 1462 1883 memoriae
1513 1834 1633 1883 viris
1684 1850 1912 1896 supremo

216 1909 378 1956 officio
418 1908 654 1972 coniungi
691 1909 940 1969 meruisti,
987 1908 1071 1956 sed
1109 1909 1203 1957 hoc
1239 1909 1551 1956 referendum
1590 1910 1665 1956 est
1704 1909 1767 1957 ad
1805 1925 1913 1971 per-

215 1998 365 2031 sonae
414 1982 674 2031 rationem.
750 1981 1005 2032 videamus
1053 1997 1118 2030 an
1165 1983 1315 2031 etiam
1360 1983 1496 2030 locus
1543 1983 1695 2030 fuerit
1734 1982 1913 2046 dignus

217 2057 303 2118 qui
333 2056 548 2104 Aeneiae
583 2057 792 2105 nutricis
828 2057 1039 2105 saeculis
1070 2060 1186 2118 post
1215 2056 1397 2105 futuris
1431 2072 1543 2104 ossa
1574 2072 1685 2104 cum
1715 2057 1913 2104 nomine

215 2133 504 2179 reservaret.
570 2131 822 2192 litoribus,
853 2131 1039 2193 inquit,
1070 2130 1274 2191 nostris,
1307 2131 1399 2179 hoc
1438 2133 1513 2179 est
1550 2129 1749 2178 Italiae:
1791 2129 1913 2192 quid

215 2208 321 2252 tam
358 2205 619 2266 pulchrum
657 2206 859 2266 tamque
900 2204 1155 2268 egregium
1193 2204 1453 2266 provenire
1484 2204 1730 2267 potuisset
1761 2219 1912 2266 quam

214 2279 320 2325 illic
370 2279 514 2325 condi
562 2279 802 2340 reliquias
854 2278 958 2325 eius
1008 2278 1177 2340 ibique
1227 2280 1424 2326 Aeneae
1475 2278 1682 2324 nutricis
1733 2292 1911 2324 nomen

217 2352 450 2399 excellere
489 2351 575 2399 ubi
615 2353 702 2414 qui
740 2353 898 2414 ipsius
929 2352 1161 2399 uberibus
1194 2352 1413 2399 nutritus
1446 2353 1576 2398 esset
1606 2351 1770 2406 fuerat
1800 2367 1911 2398 cum

216 2425 427 2487 posteris
485 2428 780 2487 regnaturus
843 2426 1143 2487 perindeque
1205 2427 1334 2472 esset
1394 2428 1593 2472 aeterna
1652 2425 1911 2486 utriusque

216 2499 475 2558 memoria,
531 2499 718 2546 scilicet
769 2498 907 2546 illius
962 2514 1155 2560 semper
1206 2514 1295 2559 per
1346 2513 1396 2545 se
1452 2499 1501 2545 et
1550 2514 1639 2559 per
1686 2500 1909 2558 posteros

215 2572 505 2634 imperantis
568 2574 619 2619 et
680 2572 816 2619 illius
885 2574 1125 2633 perpetua
1194 2571 1444 2633 sepulchri
1511 2570 1910 2619 consecratione?

218 2646 534 2692 celeberrima
595 2645 781 2692 Aeneia
850 2646 1016 2692 nutrix
1078 2645 1275 2705 qualem
1337 2645 1415 2692 vel
1474 2644 1561 2691 ubi
1621 2646 1908 2693 memoriam

338 2791 363 2828 6
395 2786 647 2829 discesserit
677 2785 747 2828 ed.
843 2789 896 2826 15
929 2791 1044 2829 recte
1075 2797 1161 2827 om.
1188 2785 1259 2829 ed.
1356 2789 1408 2828 18
1440 2787 1626 2841 siynant
1648 2785 1691 2828 V
1715 2786 1802 2835 ed..
1827 2785 1909 2828 sed

219 2844 342 2886 infra
382 2845 535 2900 siynat
583 2843 725 2898 idque
774 2844 965 2899 interpr.
1014 2844 1178 2898 poscit.
1312 2849 1368 2887 24
1411 2847 1521 2899 quia
1559 2846 1742 2889 aeneiae
1779 2843 1822 2887 V
1867 2859 1905 2900 q.

220 2904 399 2947 Aeneae
431 2902 502 2946 ed.
536 2904 615 2957 qui
639 2904 837 2946 Aeneiae
867 2916 963 2945 nos.
1067 2907 1122 2946 25
1154 2904 1328 2958 quitam
1352 2902 1393 2944 V
1424 2904 1534 2959 quid
1558 2909 1586 2948 t.
1620 2917 1704 2946 nos
1735 2904 1855 2959 quod
1876 2909 1906 2946 t.

220 2962 291 3004 ed.
413 2965 468 3004 26
509 2965 791 3017 quam—28
834 2962 1044 3005 excellere
1085 2963 1259 3005 temere
1302 2963 1416 3006 mut.
1457 2962 1527 3005 ed.
1659 2967 1713 3005 32
1755 2962 1836 3006 ubi
1866 2961 1907 3003 V

220 3020 307 3063 edI
338 3021 503 3076 ubique
534 3020 650 3063 edF.

1949 1033 1990 1064 10

1948 1402 1989 1434 15

1946 1773 1988 1804 20

1944 2142 1986 2174 25

1942 2511 1984 2542 30
