2050 3226
237 198 346 252 340
710 195 942 241 DONATI
971 195 1038 239 IN
1038 195 1252 240 TERPR.
1276 195 1456 240 VERG.

235 337 528 398 torrentem,
577 335 830 384 advexisse
879 336 1070 384 dirutas
1122 335 1319 384 arbores
1369 337 1420 383 et
1469 351 1588 384 saxa
1634 352 1691 384 eo
1728 335 1926 385 infinita

235 410 465 472 traxisse,
503 409 725 458 Arcadas
763 426 879 458 vero
918 410 1109 472 equites
1142 425 1231 457 nec
1261 425 1414 472 equos
1452 411 1583 458 inter
1619 410 1741 458 haec
1780 426 1924 474 agere

235 500 324 532 nec
361 483 581 546 pedestri
620 486 792 532 contm
829 499 1018 531 morem
1056 498 1201 531 suum
1246 499 1416 548 pugna
1461 487 1647 534 certare
1693 484 1925 546 valuisse,

236 559 443 621 proinde
481 557 534 605 in
572 558 744 621 fugam
775 557 992 620 coepisse
1025 556 1247 606 converti
1277 559 1327 605 et
1355 559 1499 622 terga
1528 557 1754 606 hostibus
1786 558 1924 620 dare3

235 633 329 681 hoc
358 632 490 680 enim
518 631 571 679 in
604 631 823 680 adversis
855 646 960 679 esse
983 631 1258 680 subsidium
1282 631 1422 693 solet,
1445 634 1505 680 ut
1527 633 1662 681 salus
1686 632 1925 696 fugiendo
1979 647 1999 681 5
2029 671 2035 679 .

236 709 480 767 servetur,
521 721 647 767 quae
685 704 965 753 dimicando
1004 720 1103 754 non
1134 706 1300 769 potest
1330 705 1599 769 defensari3
1629 706 1926 768 Pallantem,

237 797 348 829 cum
370 781 492 829 haec
515 778 734 840 vidisset,
758 795 891 827 nunc
919 795 1097 843 rogare
1129 795 1212 827 eos
1243 795 1376 828 nunc
1406 779 1668 844 obiurgare
1694 782 1926 843 coepisse,

235 871 296 902 ne
351 855 597 902 desertam
649 852 838 917 gloriae
899 855 1190 916 paterentur
1247 869 1505 917 pompam,
1564 857 1928 918 praeponerent

169 923 174 926 ¹
235 929 409 992 fugam
448 930 499 976 et
534 927 798 976 victoriam
826 927 1051 976 hostibus
1083 927 1377 991 linquerent.
1431 942 1523 988 quo
1552 929 1743 989 fuyitis,
1776 929 1926 977 socii?

134 1011 219 1051 370
228 1017 321 1063 per
357 1016 442 1050 vos
481 1006 524 1050 et
559 1003 711 1061 fortia
746 1002 904 1061 faeta,
936 1017 1030 1063 per
1068 1002 1206 1050 ducis
1242 1002 1479 1050 Euandri
1515 1017 1689 1050 nomen
1719 1003 1925 1051 devicta-
1959 1018 2000 1050 10

236 1091 324 1137 que
363 1077 487 1124 bella
523 1089 747 1136 spemque
783 1090 963 1132 meam,
995 1077 1194 1137 patriae
1232 1090 1354 1137 Quae
1390 1090 1523 1124 nune
1565 1077 1696 1124 subit
1733 1077 1926 1125 aemula

237 1151 398 1198 laudi:
446 1149 609 1198 tenuit
658 1151 825 1198 omnia
875 1165 1001 1212 quae
1050 1149 1319 1198 metuentis
1364 1152 1654 1199 revocarent
1692 1150 1926 1213 deditque

237 1224 599 1273 ordinationem
637 1223 1024 1286 pulcherrimam
1062 1224 1207 1273 dictis
1247 1226 1363 1273 suis.
1427 1226 1501 1272 ait
1540 1225 1725 1288 quippe
1765 1225 1924 1288 primo

234 1300 287 1346 in
310 1299 418 1347 loco
443 1314 543 1360 quo
568 1297 781 1362 fugitis?
818 1299 911 1346 hoc
935 1300 1012 1347 est
1034 1297 1194 1347 dicere
1219 1299 1283 1346 ad
1307 1314 1457 1362 quam
1483 1298 1687 1347 tenditis
1719 1301 1926 1362 partem,

236 1389 349 1421 cum
389 1374 555 1420 omnia
592 1374 795 1420 teneant
831 1371 1032 1421 hostes?
1072 1389 1161 1435 per
1190 1388 1302 1435 vos3
1339 1372 1467 1420 nihil
1499 1372 1630 1421 enim
1659 1372 1925 1435 unicuique
1958 1387 1998 1420 16

235 1452 312 1495 est
341 1462 512 1495 carum
544 1462 695 1508 quam
726 1445 833 1509 ipse
864 1446 961 1495 sibi
992 1448 1079 1495 est.
1129 1446 1324 1495 addidit
1355 1450 1406 1495 et
1435 1446 1588 1496 fortia
1619 1447 1774 1496 facta:
1813 1448 1925 1496 hor-

234 1521 333 1569 tari
372 1522 436 1570 ad
472 1520 724 1569 insuetum
773 1523 1021 1569 certamen
1059 1537 1463 1584 unumquemque
1510 1524 1585 1569 est
1623 1536 1817 1584 semper
1851 1521 1926 1568 in-

236 1595 427 1656 efficax,
467 1596 639 1643 contra
677 1594 1129 1643 commodissimum
1167 1596 1290 1643 satis
1329 1595 1394 1643 ad
1431 1595 1691 1658 inplendos
1722 1610 1924 1658 persua·

235 1670 385 1718 sionis
425 1669 626 1717 effectus
672 1669 895 1732 exempla
938 1668 1168 1731 propriae
1214 1670 1417 1718 virtutis
1465 1669 1682 1731 cuipiam
1726 1670 1924 1718 demon-

236 1747 414 1805 strare,
467 1745 635 1805 potest
689 1742 821 1790 enim
873 1758 1073 1792 rursum
1125 1744 1318 1792 vincere
1374 1744 1461 1806 qui
1514 1743 1768 1792 laboribus
1823 1743 1924 1791 suis

234 1817 395 1865 tenuit
434 1817 702 1880 aliquando
752 1817 986 1866 victorias
1037 1819 1087 1865 et
1134 1834 1195 1866 ne
1245 1818 1381 1866 facta
1431 1818 1649 1881 gloriosa
1694 1817 1925 1866 ludibriis

235 1891 588 1954 posterioribus
630 1891 809 1940 obruat
847 1907 1047 1954 operam
1086 1891 1217 1940 dare.
1271 1908 1360 1953 per
1398 1891 1536 1940 ducis
1577 1891 1803 1940 Euandri
1838 1908 1925 1940 no-

234 1982 368 2013 men:
406 1966 464 2012 ut
503 1964 778 2028 cogitantes
817 1967 996 2014 merita
1043 1981 1134 2014 sua
1181 1967 1433 2024 curarent,
1480 1982 1541 2013 ne
1590 1966 1741 2014 etiam
1787 1965 1925 2014 ducis

236 2039 315 2088 sui
353 2055 530 2086 nomen
569 2039 622 2086 id
662 2042 737 2087 est
774 2040 1052 2102 triumphos
1085 2042 1135 2088 et
1165 2040 1351 2103 glorias
1383 2040 1590 2104 flagitiis
1621 2039 1923 2088 militaribus

234 2114 554 2162 macularent.
608 2113 786 2161 ultimo
825 2114 933 2162 loco
974 2114 1338 2163 commendavit
1367 2113 1600 2162 tirocinia
1639 2130 1727 2162 sua
1759 2113 1924 2162 dicens

236 2203 468 2250 spemque
514 2202 694 2248 meam,
740 2189 935 2249 patriae
982 2204 1108 2250 quae
1156 2203 1287 2236 nunc
1333 2188 1469 2236 subit
1515 2188 1712 2236 aemula
1762 2187 1923 2250 laudi3

236 2262 458 2310 aemulus
491 2260 759 2322 aliquando
791 2262 990 2310 invidus
1023 2264 1082 2309 ut
1113 2256 1188 2328 (6,
1217 2256 1345 2329 173)
1379 2262 1641 2323 „aemulus
1668 2263 1925 2324 exceptum

235 2334 462 2396 Triton“,
501 2335 772 2398 aliquando
818 2335 1045 2384 imitator
1088 2338 1148 2384 ut
1191 2337 1284 2385 hoc
1322 2337 1430 2384 loco
1477 2338 1528 2384 et
1565 2335 1812 2384 similibus
1849 2335 1923 2383 in-

354 2482 377 2520 1
411 2490 462 2522 eo
485 2475 570 2520 VR
599 2489 648 2520 eo
679 2476 749 2519 ed.
845 2481 868 2519 7
901 2491 1024 2521 nwnc
1055 2478 1294 2534 obiuryare
1317 2477 1401 2520 VR
1430 2490 1524 2522 non
1553 2490 1591 2521 o.
1621 2477 1691 2521 ed.
1786 2480 1812 2520 8
1844 2491 1924 2521 nec

236 2535 319 2578 VR
348 2550 404 2581 ne
436 2536 507 2579 ed,
559 2535 564 2593 Ι
614 2536 788 2579 deserta
816 2535 988 2591 gloriae
1012 2541 1249 2592 pateretur
1270 2549 1466 2592 pompae
1490 2541 1713 2592 ponerent
1734 2535 1819 2578 VR
1850 2536 1924 2580 de-

234 2601 353 2639 serta
383 2596 532 2652 yloria
556 2599 824 2650 paterentur
855 2597 1071 2650 anteponi
1101 2595 1171 2638 ed.
1273 2600 1327 2638 12
1360 2595 1491 2639 laudi
1513 2594 1598 2638 VR
1628 2595 1783 2639 laudis
1813 2595 1883 2638 ed.
1914 2595 1918 2653 Ι

235 2656 469 2699 metuentis
499 2653 583 2696 VR
620 2658 870 2697 moruentes
909 2654 995 2696 edI
1036 2659 1256 2699 moventes
1294 2654 1352 2698 ed
1361 2654 1408 2697 F.
1533 2658 1585 2697 16
1629 2659 1723 2698 tam
1765 2668 1923 2698 earum

237 2714 323 2767 ed.,
355 2713 437 2758 sed
469 2713 526 2756 cf.
558 2727 598 2756 v.
624 2716 725 2755 859.
849 2717 900 2755 17
938 2714 1000 2757 ad
1028 2715 1258 2758 insuetum
1288 2714 1329 2756 R
1366 2713 1603 2757 adsuetum
1626 2713 1668 2757 V
1699 2714 1761 2757 ad
1790 2713 1919 2757 adea.

237 2773 306 2816 ed.
358 2772 363 2830 Ι
420 2778 463 2816 et
497 2785 668 2827 semper
697 2771 782 2814 VR
813 2772 883 2815 ed.
925 2777 988 2816 est
1020 2786 1052 2816 s.
1087 2786 1183 2816 nos.
1236 2772 1241 2830 Ι
1297 2773 1515 2827 inefficax
1537 2771 1622 2815 VR
1653 2773 1819 2827 efficax
1849 2772 1919 2815 ed.

240 2836 293 2875 18
323 2832 728 2875 commodissimum
751 2829 835 2873 VR
865 2832 1195 2875 incommodum
1224 2845 1357 2876 suam
1388 2831 1458 2874 ed.
1496 2831 1500 2889 Ι
1539 2832 1652 2876 satis
1674 2830 1759 2874 VR
1788 2831 1921 2875 satis-

237 2905 319 2945 que
357 2890 427 2933 ed.
551 2893 604 2932 19
644 2890 860 2946 propriae
887 2890 929 2932 R
968 2905 1023 2934 -a
1055 2890 1096 2932 V
1128 2890 1198 2934 ed.
1322 2894 1376 2933 23
1416 2891 1552 2934 etiam
1585 2892 1814 2945 transpos.
1847 2889 1919 2933 ed.

239 2954 294 2991 24
324 2950 374 2993 id
398 2954 461 2993 est
483 2949 524 2991 R
554 2949 672 2992 idem
695 2948 735 2991 V
766 2949 872 2992 item
903 2948 972 2992 ed.
1070 2954 1125 2992 25
1150 2950 1303 2994 dicens
1325 2949 1367 2992 V
1390 2949 1531 2993 dicem
1555 2949 1608 2993 R.
1702 2954 1757 2993 26
1790 2949 1922 2992 laudi

239 3011 302 3063 (et
332 3008 472 3064 infra)
497 3007 582 3051 VR
614 3008 766 3051 laudis
798 3007 867 3050 ed.
