2050 3226
93 701 157 754 50⁴

91 1957 147 1996 55

182 185 294 238 414
655 182 889 227 DONATI
918 182 1199 227 INTERPR.
1224 181 1402 227 VERG.

182 338 368 386 magna
418 322 485 371 sit
523 323 682 371 virtus
730 324 782 371 et
827 324 913 384 qui
961 321 1108 371 facile
1158 321 1379 371 obtinere
1430 324 1591 386 possit
1640 325 1691 371 et
1738 322 1872 372 victo

182 412 281 444 non
321 398 455 445 norit
491 395 779 460 ignoscere?
831 396 1014 458 ubique
1053 395 1299 444 Italorum
1337 395 1580 446 fortitudo
1620 395 1874 458 laudatur,

182 473 241 518 ut
269 469 468 518 Aeneae
499 470 670 518 labore
701 469 806 519 eius
839 469 1078 519 victoriae
1110 469 1324 519 felicitas
1355 469 1609 520 enitescat.
1672 474 1716 519 et
1743 485 1875 520 nune

180 544 263 592 ille
300 545 492 604 quidem
529 558 614 605 spe
649 544 856 592 maltam
894 546 1064 603 captus
1101 544 1268 592 inani:
1305 559 1416 607 spes
1446 544 1610 594 inanis
1649 546 1725 593 est
1762 560 1875 594 cum

181 620 351 682 sperat
398 619 743 680 unusquisque
795 618 928 680 quod
977 633 1078 665 non
1127 621 1203 667 est
1251 618 1332 667 vel
1381 620 1524 682 optat
1575 619 1875 668 incolumem

181 708 331 755 quem
368 694 527 740 morte
566 693 763 740 constat
801 706 1105 755 oppressum.
1181 693 1286 752 fors
1325 695 1368 741 et
1403 696 1515 742 vota
1550 694 1673 753 facit
1709 708 1874 742 cwmu·

181 766 342 826 {atque
381 766 566 814 altaria
603 766 770 814 donis:
814 766 1051 828 forsitan,
1096 767 1286 828 inquit,
1325 781 1478 828 nunc,
1515 767 1609 816 hoc
1648 770 1724 816 est
1762 782 1875 816 cum

180 841 283 889 iam
327 840 496 888 Pallas
544 839 782 888 exanimis
831 839 1038 901 iaceret,
1086 855 1254 902 preces
1305 840 1590 890 numinibus
1639 841 1875 889 Euander

180 913 349 962 fundit
394 916 444 962 et
484 913 686 979 thbet
729 930 950 963 munera.
1027 928 1117 962 nos
1154 915 1376 963 iuvenem
1413 916 1717 963 exanimmn:
1764 930 1873 964 ecce

179 989 405 1036 iuvenem
453 987 581 1036 dixit
627 1004 773 1050 quem
812 988 1034 1037 adseruit
1079 988 1304 1051 superius
1343 1004 1572 1051 puerum,
1616 990 1676 1037 ut
1712 991 1873 1037 osten-

181 1062 319 1111 deret
362 1064 559 1125 patrem
604 1062 807 1126 gravius
856 1062 1152 1125 doliturum3
1199 1063 1251 1111 id
1297 1062 1462 1111 differt
1511 1061 1695 1126 quippe
1743 1062 1875 1112 inter

180 1135 409 1184 dolorum
440 1151 637 1198 causas,
670 1136 714 1185 si
741 1136 852 1200 quis
883 1136 1113 1186 iuvenem
1135 1136 1295 1184 filium
1320 1137 1522 1186 amittat
1546 1152 1610 1185 an
1640 1153 1874 1200 puerum=

178 1211 232 1258 in
264 1210 421 1259 altero
454 1211 585 1259 enim
617 1226 728 1273 spes
759 1212 971 1273 incerta,
1006 1212 1060 1258 in
1093 1211 1249 1260 altero
1281 1211 1495 1273 probata
1532 1210 1876 1275 ingemiscitur

179 1287 230 1332 et
283 1284 494 1335 doletur.
571 1288 614 1332 et
665 1285 739 1333 nil
790 1285 893 1333 iam
948 1285 1230 1334 caelestibus
1281 1285 1398 1333 ullis
1451 1285 1695 1334 debentem
1746 1299 1875 1334 vano

177 1359 351 1407 maesti
404 1359 691 1408 comitamur
741 1358 942 1407 honore:
995 1361 1045 1407 et
1104 1359 1211 1420 ille,
1271 1360 1462 1422 inquit,
1523 1360 1691 1408 forsan
1742 1358 1873 1408 votis

178 1432 411 1481 inanibus
449 1435 598 1481 vacat
642 1434 693 1481 et
743 1447 834 1481 nos
884 1431 1039 1481 inrita
1093 1434 1282 1481 mortui
1334 1448 1567 1482 curamus
1621 1432 1873 1496 obsequia.

179 1507 301 1568 quid
340 1508 469 1555 enim
503 1506 702 1569 proficit
740 1506 854 1556 deos
886 1522 1063 1571 rogare
1096 1512 1185 1570 pro
1217 1506 1450 1555 mortuo?
1513 1509 1603 1556 aut
1641 1507 1872 1555 defuncto

178 1583 428 1643 praestare
460 1581 596 1643 quod
627 1580 815 1630 nescit?
874 1581 1068 1642 infelix,
1108 1581 1215 1630 nati
1243 1582 1398 1640 fanus
1437 1581 1627 1629 crudele
1662 1581 1848 1630 videbis
1857 1599 1872 1628 .·

178 1654 241 1702 ab
291 1655 368 1704 his
421 1671 549 1717 quae
599 1670 711 1703 cum
761 1655 975 1704 exanimi
1026 1655 1221 1704 locutus
1272 1656 1348 1704 est
1397 1654 1461 1702 ad
1511 1655 1614 1703 eius
1662 1657 1871 1717 patrem,

179 1730 324 1791 quasi
372 1744 603 1791 praesens
658 1731 788 1778 esset
837 1731 888 1777 et
941 1728 1084 1792 quasi
1139 1745 1262 1791 quae
1317 1729 1609 1778 dicebantur
1662 1729 1871 1791 audiret,

179 1818 283 1851 sese
353 1804 610 1852 convertit.
719 1803 839 1851 dum
906 1804 979 1864 te,
1060 1804 1156 1864 ait,
1228 1802 1390 1851 inanis
1466 1802 1601 1851 fallit
1672 1805 1871 1866 sperata

178 1878 506 1939 prosperitas,
559 1877 750 1925 videbis
799 1876 972 1925 infelix
1026 1878 1162 1940 quod
1215 1876 1464 1925 crudelius
1519 1877 1745 1940 plangas.
1821 1877 1872 1924 hi

178 1951 332 1998 nostri
361 1951 546 1999 reditus
577 1952 899 2012 empectatiqae
930 1951 1182 2011 trimnphi‚
1222 1951 1339 1999 haee
1367 1965 1477 2000 mea
1506 1965 1689 2012 mayna
1725 1951 1872 2010 sides:

178 2024 294 2072 hinc
339 2024 587 2072 crudelior
634 2025 698 2073 ad
735 2027 785 2072 te
825 2025 1012 2074 orbitas
1051 2026 1141 2074 tua
1178 2024 1452 2087 perveniet,
1502 2024 1617 2073 hinc
1663 2025 1758 2073 erit
1795 2026 1870 2073 in·

178 2097 373 2146 manior
424 2099 611 2159 luctus,
666 2100 809 2161 quia,
863 2098 981 2147 dum
1034 2098 1307 2162 promissa.
1339 2115 1450 2148 mea
1503 2114 1671 2162 speras
1723 2114 1868 2161 posse

178 2171 418 2235 conpleri,
489 2171 607 2220 dum
667 2175 717 2220 te
780 2175 1097 2236 excepturum
1165 2171 1416 2222 existimas
1477 2173 1758 2235 triumphos
1820 2175 1870 2221 et

179 2246 363 2309 glorias
402 2261 561 2307 meas,
599 2261 698 2294 non
736 2246 809 2294 fili
845 2246 1083 2308 reditum,
1133 2247 1220 2295 sed
1258 2247 1565 2310 insperatum
1601 2247 1750 2295 funus
1789 2262 1867 2294 ex-

179 2320 346 2383 cipies.
409 2335 552 2368 omne
590 2320 683 2368 hoc
722 2336 778 2368 eo
817 2322 1000 2382 tendit,
1037 2323 1098 2369 ut
1135 2321 1463 2370 ostendantur
1500 2320 1732 2384 graviora
1763 2335 1868 2369 esse

180 2393 388 2444 adversa
427 2410 554 2457 quae
594 2395 767 2442 contra
805 2409 942 2456 spem
979 2395 1161 2444 bonam
1198 2398 1399 2457 repente
1437 2397 1728 2454 nascuntur,
1767 2410 1866 2442 me·

179 2467 342 2517 ditata
395 2470 568 2517 contra
621 2468 777 2516 levius
832 2483 976 2530 posse
1030 2469 1251 2517 tolerari.
1335 2472 1386 2517 at
1437 2482 1556 2524 non,
1610 2467 1865 2524 Euandre,

173 2541 420 2602 pudendis
457 2541 740 2590 vulneribus
769 2542 974 2601 pulsnm
1013 2543 1243 2602 aspicies:
1281 2557 1371 2605 pro
1403 2557 1614 2604 persona
1645 2541 1868 2590 Euandri

180 2615 532 2664 consolationis
593 2614 866 2664 remedium
925 2618 1160 2678 repperit.
1244 2617 1332 2679 qui
1393 2615 1524 2663 enim
1583 2630 1741 2678 usque
1803 2615 1866 2663 ad

180 2690 374 2736 senium
413 2689 557 2737 duxit
595 2689 861 2738 exercitum
900 2692 1106 2738 noverat
1151 2689 1369 2739 virorum
1415 2688 1621 2738 fortium
1658 2690 1867 2736 mortem

300 2819 323 2857 1
353 2820 501 2870 posset
524 2814 566 2859 V
589 2815 659 2859 ed.
783 2819 808 2858 3
841 2815 1021 2860 Aeneae
1056 2829 1144 2860 om.
1177 2817 1248 2860 ed.
1370 2819 1395 2858 9
1426 2814 1553 2868 fudit
1574 2814 1616 2858 V
1646 2827 1759 2858 corr.
1792 2814 1863 2859 ed.

183 2878 234 2915 11
279 2874 451 2928 idiffert
485 2873 527 2917 V
572 2875 727 2929 differt
767 2874 838 2917 ed.
971 2879 1025 2917 12
1068 2877 1119 2919 in
1154 2875 1196 2918 V
1237 2889 1300 2919 an
1341 2887 1455 2918 corr.
1495 2873 1566 2917 ed.
1697 2878 1751 2916 13
1794 2875 1865 2917 in-

179 2934 385 2987 yemiscet
422 2932 464 2975 V
511 2935 599 2978 -cit
644 2933 715 2977 ed.
761 2934 909 2978 -citnr
953 2947 1050 2977 nos.
1189 2939 1245 2978 14
1291 2938 1333 2978 et
1373 2933 1549 2978 doletur
1582 2932 1623 2975 V
1667 2946 1755 2978 om.
1792 2933 1862 2976 ed.

183 2994 236 3033 19
270 2992 473 3036 exanimi
494 2991 535 3035 V
566 2998 738 3037 mortuo
770 2992 840 3036 ed.
964 2996 1019 3035 32
1051 3006 1189 3049 usque
1221 3007 1308 3036 om.
1334 2992 1403 3036 ed.

1907 1004 1950 1036 10

1906 1375 1948 1408 15

1903 1745 1946 1777 20

1902 2113 1944 2146 25

1899 2482 1942 2514 30
