2050 3226
787 218 1092 264 AENEIDOS
1122 218 1166 262 X
1715 222 1824 276 303

129 361 343 419 flammis
380 361 655 408 nascentem
693 362 738 407 et
764 359 937 420 patria
979 359 1206 407 Twrnwm
1243 359 1501 408 consistere
1545 362 1698 417 terra,
1746 361 1826 408 cui
1858 370 1912 411 75

132 435 393 482 Pilwmnus
443 447 588 490 avuS,
641 434 720 482 cui
769 434 888 482 diva
935 433 1129 483 Venilia
1175 436 1355 482 mater:
1404 433 1522 493 quid
1556 434 1666 494 face
1705 434 1824 482 Tro-

130 509 271 556 ianos
310 510 422 556 atra
458 508 558 555 vim
594 507 780 568 inferre
817 507 1040 564 Latinis,
1081 522 1206 556 arva
1244 507 1409 556 aliena
1453 507 1566 569 iuyo
1605 521 1826 568 premere

132 585 273 642 atque
321 584 537 630 avertere
581 581 832 642 praedas?
922 581 1040 641 quid
1091 595 1278 630 soceros
1332 582 1483 642 leyere
1535 584 1579 629 et
1626 582 1826 643 yremiis

80 671 100 704 5
131 656 367 704 abducere
404 659 603 716 pactas,
646 669 818 716 pacem
864 670 1006 704 orare
1049 670 1229 713 manu,
1267 656 1544 717 praefigere
1573 656 1826 717 puppibus
1858 666 1915 707 80

132 730 306 778 arma?
381 745 470 792 per
519 731 925 793 conparationem
974 730 1152 778 nititur
1199 730 1366 779 levare
1415 728 1574 793 partis
1622 744 1737 779 suas
1777 731 1828 778 et

131 819 340 868 gravare
379 805 574 867 partem
614 802 874 853 diversam.
931 805 1172 866 conparat
1210 805 1342 852 enim
1379 819 1644 867 personam
1682 819 1827 853 suam

131 879 182 926 et
225 877 455 940 Veneris,
508 877 707 926 Aeneae
761 880 811 926 et
860 878 1038 940 Turni,
1092 878 1284 927 factum
1338 893 1483 927 suum
1538 880 1589 926 et
1637 878 1828 927 factum

129 951 359 1014 Veneris,
400 954 543 1016 gesta
573 951 770 1001 Aeneae
811 955 861 1000 et
899 954 1041 1016 gesta
1072 952 1241 1002 Turni.
1298 953 1372 1001 ait
1410 968 1529 1016 ergo
1566 951 1828 1017 indignum

57 1042 100 1074 10
131 1041 234 1075 esse
274 1025 532 1075 arbitraris
563 1026 721 1076 Italos
754 1026 992 1075 adsistere
1025 1026 1296 1076 commodis
1328 1026 1431 1075 suis
1464 1029 1515 1075 et
1544 1029 1828 1075 nascentem

130 1100 332 1148 Troiam
377 1100 588 1150 fiammis
643 1099 980 1149 circumdare?
1062 1101 1305 1164 numquid
1356 1101 1617 1165 indignum
1675 1100 1828 1149 etiam

129 1174 256 1222 illud
295 1176 390 1236 est,
421 1177 480 1222 ut
509 1175 704 1224 Turnus
735 1177 893 1224 terras
933 1174 1028 1224 sibi
1057 1176 1249 1237 patrias
1288 1175 1528 1235 vindicet,
1568 1175 1827 1239 originalis

131 1249 274 1310 civiS,
304 1248 504 1312 regibus
535 1249 806 1297 maioribus
838 1250 986 1297 natus
1019 1264 1076 1298 ac
1108 1248 1280 1299 divina
1309 1251 1470 1298 matre
1499 1247 1827 1313 progenitus?

130 1323 222 1371 hoc
260 1339 430 1372 verum
471 1323 732 1372 adserebat
768 1323 916 1384 Iuno,
956 1322 1042 1371 sed
1087 1323 1249 1372 tacuit
1294 1323 1354 1372 de
1391 1322 1590 1371 Aeneae
1637 1339 1827 1388 genere,

132 1396 370 1459 quoniam
418 1396 650 1446 Pilumno
708 1397 938 1465 Iuppiter
989 1413 1089 1445 non
1143 1398 1310 1446 fuerat
1363 1397 1685 1446 conferendus
1738 1413 1828 1446 nec

130 1471 300 1519 Venus
326 1470 568 1520 Veniliae.
624 1471 806 1520 obiecit
842 1471 1127 1520 incendium
1149 1471 1295 1521 Italis
1334 1487 1537 1534 parasse
1570 1471 1827 1534 Troianos»,

131 1545 216 1594 sed
253 1546 346 1594 hoc
384 1546 510 1594 false
549 1545 824 1609 conposuit.
887 1548 938 1594 et
977 1562 1105 1595 arva·
1130 1546 1294 1595 aliena
1323 1546 1443 1610 iugo
1474 1562 1694 1609 premere
1726 1562 1827 1594 non

14 1667 15 1670 ,
130 1619 228 1668 fuit
250 1635 443 1682 verum3
475 1636 592 1669 nam
621 1621 714 1668 hoc
737 1620 952 1669 voluisse
978 1620 1220 1669 Troianos
1250 1621 1454 1683 probari
1483 1636 1583 1669 non
1615 1622 1826 1684 poterat.

132 1696 284 1756 atque
335 1697 557 1743 avertere
606 1693 841 1757 praedas:
892 1695 1140 1762 quomodo
1179 1695 1302 1743 haec
1342 1694 1520 1743 audere
1558 1696 1828 1758 potuerant

16 1762 49 1787 '³
131 1770 218 1830 qui
253 1771 488 1832 rogantes
526 1771 766 1818 venerant
797 1768 861 1817 ad
892 1767 1165 1817 Latinum?
1219 1770 1400 1832 eligere
1432 1771 1602 1818 autem
1632 1784 1826 1818 soceros

131 1844 222 1890 aut
272 1843 471 1906 gremiis
519 1845 693 1906 pactas
741 1843 982 1892 abducere
1031 1843 1233 1906 quando
1279 1843 1474 1892 Aeneas
1521 1843 1828 1906 probabatur

130 1915 377 1965 voluisse?
446 1933 560 1965 cum
597 1933 687 1966 nec
725 1917 909 1981 petisse
949 1917 1210 1966 doceretur
1247 1933 1338 1966 nec
1374 1933 1579 1966 uxorem
1618 1917 1828 1979 duxisse,

131 1990 217 2039 sed
254 1989 424 2038 Latini
460 1990 693 2041 habuisse
729 1993 1030 2055 promissum
1069 1994 1119 2040 et
1155 1992 1288 2040 ultro
1336 1991 1507 2040 oblata
1553 1991 1828 2040 adfinitatis

130 2066 254 2113 iura.
311 2065 508 2127 quando
541 2069 710 2114 autem
741 2069 856 2129 post
887 2068 1142 2128 acceptam
1164 2081 1339 2129 pacem
1362 2066 1604 2116 Troianos
1628 2068 1829 2130 poterat

24 2200 26 2208 y
130 2141 398 2187 monstrari
445 2155 583 2187 arma
629 2142 805 2202 sponte
853 2140 1146 2204 sumpsisse,
1197 2155 1321 2203 quos
1362 2142 1612 2189 constaret
1649 2156 1826 2203 provo-

16 2211 41 2266 ’ῑ
132 2214 266 2262 catos
323 2213 387 2261 ad
439 2213 658 2262 bellum?
750 2216 866 2277 post
918 2215 1060 2276 haec,
1116 2229 1242 2277 quae
1297 2214 1438 2264 falsis
1494 2217 1826 2274 conseruerat,

32 2324 47 2342 ,
133 2286 253 2335 dicit
305 2303 444 2349 vera,
498 2290 558 2336 ut
610 2304 668 2336 ex
721 2288 799 2336 his
854 2288 998 2337 daret
1050 2289 1278 2338 omnibus
1331 2289 1493 2337 fidem.
1592 2292 1644 2336 tu
1688 2293 1827 2349 potes

132 2360 337 2410 Aenean
378 2362 609 2410 manibus
658 2363 923 2410 subducere
976 2362 1189 2411 Graium
1229 2378 1417 2424 proque
1454 2364 1559 2411 viro
1597 2364 1827 2411 nebulam

134 2438 176 2482 et
211 2439 374 2484 ventos
412 2437 662 2484 obtendere
699 2437 868 2485 inanis
907 2440 950 2484 et
978 2441 1116 2496 potes
1153 2438 1209 2486 in
1246 2438 1439 2485 totidem
1477 2438 1679 2485 classem
1719 2451 1826 2485 con—

132 2512 310 2557 vertere
359 2511 623 2571 nymphas:
667 2525 756 2559 nos
806 2510 996 2570 aliquid
1045 2515 1213 2560 contra
1260 2512 1471 2583 Rutulos
1519 2512 1700 2559 iuvisse
1746 2524 1826 2558 ne-

44 2643 49 2652 ·
252 2626 277 2665 2
308 2623 484 2667 venelia
506 2621 604 2667 VR.
740 2626 764 2665 3
796 2622 969 2676 inferre
991 2621 1077 2666 VR
1106 2623 1227 2677 ferre
1259 2623 1330 2667 ed.
1365 2624 1412 2667 et
1442 2622 1654 2678 plerique
1685 2621 1824 2678 Verg.

44 2728 47 2729 ⁷
132 2679 254 2726 libri.
307 2682 311 2739 Ι
361 2681 548 2735 fremere
578 2687 712 2738 atque
742 2682 970 2726 advertere
992 2680 1089 2726 VR.
1191 2687 1216 2726 5
1251 2683 1472 2726 adducere
1495 2682 1591 2725 VR.
1687 2686 1710 2724 7
1744 2681 1824 2725 ad-

133 2753 306 2784 versam
324 2740 395 2784 ed.
460 2746 513 2784 12
540 2742 783 2799 oriyinalis
798 2742 911 2786 civis
926 2740 1011 2784 VR
1028 2742 1331 2798 oriyinalibus
1348 2743 1447 2786 avis
1464 2741 1534 2785 ed.
1600 2745 1654 2784 16
1686 2754 1827 2785 venus

37 2854 40 2861 Ι
132 2800 302 2843 venilia
325 2799 410 2843 VR
443 2801 604 2845 Veneri
637 2801 817 2845 Venilia
841 2800 912 2844 ed.
951 2799 956 2858 Ι
999 2801 1161 2845 obiecit
1183 2799 1268 2843 VR
1290 2801 1368 2845 sed
1390 2814 1428 2844 o.
1455 2800 1526 2844 ed.
1629 2803 1681 2843 17
1706 2800 1826 2854 falso

134 2857 203 2901 ed.
289 2863 342 2901 21
374 2860 600 2915 probatur
628 2859 699 2903 ed.
792 2863 847 2902 22
879 2873 937 2904 ne
962 2861 1147 2915 petiisse
1162 2861 1384 2904 diceretur
1401 2859 1472 2903 ed.
1562 2862 1617 2901 24
1643 2859 1829 2914 potebat

133 2915 217 2960 VR
233 2930 347 2962 corr.
364 2933 399 2962 r.
486 2923 540 2962 25
572 2923 823 2963 monstrare
838 2918 923 2962 VR
939 2918 1010 2962 ed.
1048 2919 1052 2973 Ι
1086 2919 1206 2975 quod
1221 2923 1443 2963 constaret
1451 2923 1727 2974 provocatus
1742 2917 1827 2961 VR

41 3014 52 3029 f
135 2976 252 3031 quod
267 2982 377 3021 esset
394 2991 469 3033 pr.
487 2978 559 3023 ed.
646 2982 701 3022 26
726 2983 1015 3022 conseruerat
1036 2977 1122 3022 VR
1147 2982 1462 3022 construxerat
1477 2977 1548 3021 ed.
1635 2981 1691 3020 28
1722 2991 1824 3034 yra-

42 3043 50 3087 ζ
134 3039 230 3079 tum
253 3049 336 3091 pro
357 3035 553 3082 Graium
575 3036 673 3081 VR.
711 3037 716 3095 Ι
751 3042 854 3082 utro
871 3051 956 3093 pro
972 3038 1071 3082 viro
1093 3036 1190 3081 VR.
1271 3041 1327 3080 30
1351 3050 1500 3081 nos—
1517 3041 1581 3081 est
1597 3049 1685 3081 om.
1705 3035 1823 3080 edF.
