2050 3226
742 190 1051 248 AENEIDos
1076 203 1163 247 vn
1729 209 1799 262 67

105 346 340 392 iuvenum
378 346 427 392 te
467 343 692 407 exagitat
729 359 848 392 cura
887 346 957 405 et,
998 358 1111 391 cum
1149 343 1215 392 sis
1251 346 1391 393 vates
1422 345 1721 407 templisque
1751 349 1801 395 te

104 416 384 466 dedicatam
421 433 526 467 esse
566 418 850 479 conveniat,
887 418 965 466 vis
1004 417 1127 466 scire
1168 417 1290 480 quid
1324 420 1601 482 pugnaturi
1632 423 1802 483 agant,

104 491 228 554 quid
266 491 449 540 armati
486 491 768 555 disponant.
831 506 950 540 eura
990 493 1077 540 tibi
1115 492 1283 540 divum
1322 493 1509 554 cffiyies
1547 497 1591 541 et
1623 494 1800 553 templa

102 566 250 614 tueri:
301 566 626 628 repetendum
676 568 752 616 est
799 565 895 614 tibi
945 565 1187 628 officium,
1238 565 1371 628 quod
1416 567 1620 616 incauta
1666 568 1800 616 dese-

41 677 49 687 .
100 640 271 702 ruisti,
319 655 461 689 serva
502 639 708 689 deorum
746 639 933 704 effigies
974 642 1025 688 et
1061 642 1324 688 numinum
1361 641 1551 704 templa
1590 641 1799 690 custodi.

102 715 227 763 bella
271 715 368 762 viri
404 729 670 775 pacemque
703 718 882 776 gerent,
923 715 1032 774 quis
1071 715 1196 763 bella
1230 715 1469 777 yerenda:
1521 715 1606 764 ille
1654 715 1802 764 debet

101 788 489 837 sollicitudinem
526 791 741 838 tractare
780 790 919 852 pacis
959 805 1016 837 ac
1054 788 1175 837 belli
1213 790 1303 852 qui
1341 789 1577 839 dimicare
1613 790 1802 838 sufficit

101 865 153 911 et
188 879 363 925 pacem
400 863 587 912 virtute
627 878 916 926 conponere.

220 937 426 986 Talibus
456 936 640 986 Allecto
679 938 820 985 dictis
859 938 1043 985 exarsit
1077 938 1132 985 in
1168 938 1299 986 iras.-
1353 939 1580 1000 accepta,
1618 937 1799 1000 inquit,
1815 945 1902 985 445

98 1011 280 1060 talium
330 1011 577 1060 dictorum
628 1011 813 1060 iniuria
863 1011 1057 1060 Allecto
1107 1011 1243 1060 facta
1293 1014 1369 1061 est
1416 1013 1620 1075 repente
1671 1028 1798 1076 quae

99 1085 220 1147 fuit3
259 1102 358 1134 non
398 1086 530 1133 enim
565 1085 767 1134 difficile
799 1086 1098 1134 commoveri
1127 1086 1295 1148 potuit
1324 1086 1378 1134 in
1411 1102 1510 1149 qua
1542 1090 1800 1150 supererat

100 1160 232 1222 quod
283 1161 455 1223 quieta
504 1160 779 1223 perturbat.
858 1163 910 1208 at
955 1161 1123 1207 iuveni
1171 1162 1334 1208 oranti
1382 1161 1572 1208 subitus
1622 1164 1799 1209 tremor

99 1238 300 1294 occupat
330 1237 493 1283 artus:
540 1250 650 1282 cum
688 1235 812 1283 haec
850 1233 1058 1282 dixisset
1096 1234 1314 1295 TurnuS,
1355 1235 1526 1282 eodem
1556 1234 1796 1297 temporis

97 1310 283 1370 puncto
339 1308 638 1357 contremuit
690 1311 740 1357 et
793 1308 855 1356 ab
904 1307 1156 1356 iniuriosis
1204 1308 1408 1357 vocibus
1457 1309 1521 1357 ad
1568 1309 1798 1372 depreca-

18 1382 21 1385 ’
96 1383 286 1430 tionem
336 1398 601 1431 conversus
646 1399 822 1447 rogare
870 1383 1034 1445 coepit
1077 1381 1275 1431 iratam.
1352 1383 1602 1444 deriyuere
1647 1384 1798 1431 oculi:

95 1472 253 1518 usque
294 1456 416 1505 adeo
455 1458 747 1519 perterritus
787 1456 907 1516 fuit,
938 1458 998 1505 ut
1028 1456 1162 1506 oculi
1193 1457 1299 1505 eius
1331 1458 1556 1521 vigorem
1591 1457 1797 1506 solitum

20 1567 22 1570 -
95 1530 439 1592 perdidissent.
517 1535 582 1579 tot
617 1531 806 1592 Erinys
855 1531 1023 1579 sibilat
1069 1531 1262 1591 hydris:
1317 1547 1464 1593 quem
1515 1532 1648 1579 enim
1695 1548 1796 1580 non

95 1607 304 1654 terreret
351 1607 610 1654 tantorum
658 1604 930 1653 multitudo
982 1605 1306 1668 serpentium,
1355 1621 1482 1668 quae
1520 1606 1794 1654 minacibus

95 1678 253 1727 sibilis
290 1695 562 1742 personans
598 1679 891 1728 turbaverat
927 1678 1239 1728 intuentem?
1302 1683 1532 1739 tantaque
1561 1694 1612 1727 se
1642 1680 1795 1739 facies

96 1755 253 1814 aperit
261 1771 279 1812 ,·
317 1754 601 1802 crescebant
639 1770 765 1817 quae
804 1754 1074 1802 metuentis
1109 1753 1427 1802 formidinem
1458 1754 1794 1802 cumularent:

95 1830 196 1875 tum
244 1829 474 1886 flammea
523 1831 748 1888 torquens
798 1829 988 1876 lumina
1038 1831 1340 1876 cunctantem
1394 1831 1438 1876 et
1489 1832 1795 1888 quaerentem

95 1901 250 1949 dicere
288 1902 443 1962 plura
487 1903 722 1963 reppulit:
774 1902 954 1965 incipit
999 1918 1241 1965 exponere
1285 1902 1405 1964 quid
1444 1902 1512 1950 sit
1550 1905 1794 1965 tantaque
1810 1910 1897 1950 450

95 1990 145 2024 se
183 1975 334 2024 facies
375 1977 550 2039 aperit.
610 1979 740 2038 tum,
778 1977 873 2025 hoc
914 1978 990 2025 est
1027 1976 1226 2038 deinde,
1266 1991 1379 2024 cum
1416 1976 1572 2025 oculis
1612 1977 1792 2025 Furiae

95 2050 405 2098 emitteretur
442 2050 746 2111 incendium,
785 2067 897 2098 cum
939 2051 1061 2113 quid
1097 2050 1385 2099 iracundiae
1420 2054 1615 2114 gereret
1644 2053 1792 2099 tortis

93 2123 147 2171 ιιι
195 2139 483 2186 perversum
534 2125 690 2172 oculis
739 2126 1030 2185 testaretur,
1082 2126 1309 2173 orantem
1353 2125 1576 2187 reppulit
1622 2127 1673 2173 et
1710 2142 1791 2174 ve-

92 2197 460 2247 hementissime
502 2199 849 2261 deprecantem
890 2198 1138 2248 trudendo
1179 2199 1481 2282 conpescuit.
1554 2199 1792 2260 yeminos-

27 2335 30 2337 ‚
94 2286 182 2332 que
220 2274 369 2320 erexit
408 2273 624 2320 crinibus
664 2274 861 2333 anqui8‚
903 2289 1027 2335 quos
1064 2273 1243 2321 habuit
1279 2273 1333 2320 ιιι
1364 2273 1453 2321 illa
1485 2273 1792 2335 serpentium

20 2386 26 2419 '.
93 2345 242 2394 turba
290 2347 532 2409 potioreS,
580 2348 875 2406 verberaque
923 2348 1161 2404 insonuit,
1211 2347 1266 2394 id
1312 2349 1388 2395 est
1431 2347 1631 2411 flagella
1679 2362 1790 2395 con-

20 2422 28 2432 ‘
93 2420 267 2481 cussit,
312 2422 370 2468 ut
408 2421 665 2469 verberato
706 2437 816 2469 aere
857 2420 980 2484 quid
1016 2422 1126 2484 pati
1164 2420 1411 2484 potuisset
1446 2421 1553 2483 ipse
1594 2421 1789 2468 Turnus

23 2478 29 2498 ⁴
93 2493 383 2543 adverteret.
452 2495 717 2554 rabidoque
754 2495 871 2543 haec
910 2495 1102 2543 addidit
1138 2509 1242 2543 ore:
1295 2511 1408 2543 cum
1428 2494 1787 2543 ‘commotionis

93 2581 210 2616 suae
247 2571 326 2616 tot
364 2569 508 2633 signa
546 2568 868 2631 prodidisset,
909 2570 1283 2617 convenientem
1319 2569 1479 2617 iratae
1515 2584 1787 2618 sermonem

211 2728 237 2767 3
269 2724 381 2780 quid
411 2726 581 2769 armati
611 2724 654 2768 V
684 2725 847 2781 quidve
878 2739 920 2768 a.
954 2725 1026 2769 ed.
1143 2730 1169 2768 6
1201 2725 1278 2769 ille
1310 2725 1436 2780 (illae
1467 2724 1524 2779 V)
1543 2750 1600 2755 ——
1626 2727 1651 2766 8
1683 2736 1787 2766 con-

86 2793 254 2836 ponere
286 2796 374 2827 om.
401 2783 472 2827 ed.
573 2788 598 2827 9
632 2785 870 2828 talibus—
885 2785 982 2828 iras
1014 2798 1102 2827 om.
1129 2784 1200 2828 ed.
1303 2789 1355 2826 11
1390 2784 1637 2838 difficulter
1668 2782 1740 2825 ed.
1777 2782 1782 2841 Ι

92 2853 261 2897 semper
292 2847 391 2886 erat
420 2843 492 2886 ed.
617 2848 669 2886 12
700 2843 986 2911 perturbaret
1016 2843 1088 2886 ed.
1133 2842 1138 2901 Ι
1182 2844 1357 2887 orantis
1387 2842 1442 2885 V.
1488 2854 1490 2894 f
1535 2842 1682 2885 subito
1712 2841 1784 2885 ed.

96 2902 150 2942 14
180 2901 237 2944 ab
269 2915 357 2944 om.
383 2902 455 2945 ed.
549 2906 601 2945 17
635 2907 722 2946 tote
751 2903 869 2945 rinis
899 2903 1066 2958 sybilla
1096 2902 1275 2959 thydris
1298 2901 1352 2944 V.
1444 2904 1498 2943 18
1529 2905 1786 2955 serpentum

94 2957 158 3013 (et
187 2958 326 3015 infra)
367 2961 438 3004 ed.
561 2965 616 3004 26
654 2962 937 3018 geminosque
974 2975 1059 3016 pro
1100 2966 1141 3005 ct
1177 2962 1377 3017 yeminos
1415 2958 1615 3015 Vergilii
1645 2958 1687 3002 V
1712 2959 1782 3003 ed.

96 3018 150 3059 30
179 3019 431 3074 rapidoque
463 3021 623 3063 contra
654 3021 846 3075 interpr.
873 3019 927 3063 V.

1458 3105 1515 3149 5*
