2050 3226
134 624 155 657 5

113 996 157 1029 10

115 1366 157 1399 15

115 1738 159 1770 20

117 2107 161 2140 25

824 171 1129 217 AENEIDOS
1152 171 1240 217 Vn
1803 173 1876 227 29

184 312 365 377 quibus
390 314 666 377 apparebat
685 312 799 361 illos
823 327 923 361 non
952 313 1155 360 tantum
1183 311 1500 361 terrestribus
1531 312 1674 361 bellis
1705 327 1879 362 verum

181 388 336 437 etiam
373 387 638 437 navalibus
675 386 878 450 proeliis
918 387 1184 435 certavisse
1222 388 1274 435 et
1309 386 1388 435 his
1429 402 1627 448 quoque
1657 385 1879 435 extitisse

182 461 410 527 victores.
483 462 588 522 ipse
628 461 877 523 Quirinali
914 461 1032 508 lituo
1073 474 1328 520 parvaque
1371 460 1567 509 sedebat
1608 461 1880 508 succinctas

184 537 353 584 trabea
391 535 624 596 laevaque
661 535 818 584 ancile
851 536 1050 596 yerebat
1083 535 1233 583 Picus
1278 549 1452 596 eqmvm
1497 535 1724 583 domitor.-
1772 535 1880 596 ipse

182 609 330 658 Picus
368 625 609 672 equorum
647 609 864 658 domitor
899 609 1203 672 perindeque
1242 609 1410 658 studio
1449 607 1709 671 equitandi
1738 624 1879 671 prae-

185 686 322 733 stans
376 683 602 746 sedebat,
655 683 861 733 sedebat
913 683 1073 732 ferens
1118 684 1172 731 in
1218 682 1394 731 dextra
1446 683 1650 744 lituum,
1699 682 1752 730 id
1807 685 1882 731 est

182 759 379 822 regium
401 757 634 807 baculum
665 760 718 806 in
751 774 848 821 quo
879 760 1104 820 potestas
1134 760 1264 806 esset
1290 757 1680 806 dirimendarum
1701 757 1882 818 litium,

185 835 237 881 et
272 848 431 895 parva
475 832 649 881 trabea
695 834 996 893 succinctus,
1035 834 1126 881 aut
1162 848 1275 880 vere
1313 847 1498 895 parva,
1545 833 1666 895 quia
1711 833 1884 880 extant

184 907 326 967 tales,
358 908 449 955 aut
474 923 575 956 non
597 908 771 970 magni
794 906 957 969 pretii,
987 907 1224 968 quoniam
1257 906 1391 969 apud
1414 908 1606 955 veteres
1630 905 1883 954 ambitiosi

187 981 351 1029 cultus
401 997 502 1030 non
540 982 764 1042 fuerunt,
802 982 948 1031 laeva
985 997 1103 1030 vero
1142 982 1344 1044 gestans
1383 981 1566 1042 ancile,
1606 980 1739 1043 quod
1778 995 1882 1029 esse

185 1056 346 1104 fertur
377 1055 506 1104 scuti
535 1055 776 1105 brevioris
807 1071 1000 1104 nomen.
1069 1069 1209 1115 quem
1239 1058 1384 1115 capta
1414 1055 1641 1115 cupidine
1672 1056 1884 1103 coniunx

187 1144 342 1178 aurea
369 1144 662 1189 percussum
698 1131 841 1191 virya
877 1143 1163 1189 versumque
1199 1130 1397 1177 venenis
1433 1130 1548 1189 fecit
1584 1143 1723 1177 avem
1748 1127 1885 1177 Circe
1902 1139 1987 1180 190

185 1204 460 1263 sparsitque
498 1204 736 1252 coloribus
774 1203 912 1252 alas:
952 1203 1111 1265 Circe,
1148 1203 1339 1267 inquit,
1378 1218 1490 1251 cum
1521 1203 1726 1252 haberet
1753 1204 1885 1252 hunc

185 1279 439 1339 maritum,
466 1278 783 1342 malignitate
808 1278 958 1326 ducta
982 1277 1291 1327 detestabilis
1322 1277 1558 1325 scientiae
1592 1293 1710 1326 suae
1740 1279 1886 1341 virga

188 1367 340 1400 aurea
377 1353 626 1414 percussit
663 1355 715 1400 et
751 1367 810 1400 ex
840 1353 949 1401 viro
979 1354 1086 1400 tam
1117 1352 1274 1401 nobili
1314 1353 1670 1414 tantarumque
1702 1352 1884 1416 gloria-

186 1443 299 1475 rum
337 1442 481 1474 avem
525 1426 645 1474 fecit
686 1428 967 1490 gestantem
1010 1427 1063 1474 in
1109 1426 1276 1490 pinnis
1322 1426 1620 1475 varietatem
1666 1427 1887 1475 colorum

188 1500 253 1548 ad
289 1500 531 1548 indicium
570 1500 795 1564 coniugis
834 1516 1011 1549 saevae
1058 1496 1218 1567 (quod
1256 1501 1331 1549 ait
1369 1517 1542 1562 aurea,
1590 1503 1640 1549 et
1686 1501 1887 1565 coniugi

189 1576 357 1638 aptari
386 1576 574 1638 potest,
611 1578 672 1623 ut
709 1575 776 1624 sit
805 1575 942 1623 locus
975 1590 1088 1623 cum
1117 1574 1509 1638 vituperatione,
1549 1590 1676 1637 quae
1708 1591 1888 1639 graeca

187 1650 364 1712 lingua
407 1650 572 1696 ironia
618 1649 821 1711 dicitur,
866 1651 925 1697 ut
970 1649 1070 1697 alio
1109 1650 1217 1697 loco
1258 1642 1332 1715 (6,
1359 1642 1491 1714 523)
1537 1650 1775 1713 „egregia
1812 1649 1887 1696 in-

187 1726 325 1772 terea
360 1717 633 1790 coniunx“)
673 1725 817 1788 virga
856 1740 1027 1786 aurea,
1066 1725 1126 1771 ut
1162 1723 1265 1772 iam
1296 1723 1486 1771 dictum
1525 1725 1622 1785 est,
1662 1740 1762 1786 qua
1798 1723 1889 1771 illa

187 1799 349 1862 magis
398 1797 636 1846 utebatur
685 1799 736 1846 et
785 1799 924 1847 cuius
973 1798 1061 1845 ille
1110 1799 1299 1846 indicia
1348 1797 1564 1846 habebat
1607 1799 1660 1846 in
1708 1797 1888 1860 pinnis.

189 1873 282 1920 hoc
330 1888 431 1921 non
481 1873 587 1920 sine
636 1888 820 1937 magna
868 1872 1237 1935 vituperatione
1283 1872 1504 1935 positum
1543 1874 1618 1920 est
1655 1888 1744 1921 nec
1783 1871 1888 1921 sine

191 1946 405 1994 dolentis
460 1946 683 2008 adfectu,
735 1948 938 1995 tantum
990 1947 1154 1996 virum
1206 1949 1563 2008 tantarumque
1617 1947 1890 2010 gloriarum

190 2021 420 2083 tantique
475 2022 668 2084 generis
723 2021 975 2070 sceleratis
1024 2021 1192 2070 uxoris
1248 2020 1440 2069 artibus
1485 2021 1536 2068 in
1593 2036 1736 2070 avem
1785 2036 1888 2070 esse

192 2110 497 2143 conversum.
576 2095 666 2143 tali
721 2096 854 2143 intus
915 2096 1087 2155 templo
1141 2096 1310 2143 divum
1353 2096 1620 2155 patriaque
1673 2095 1890 2143 Latinus

191 2169 301 2217 sede
345 2168 516 2217 sedens
565 2170 775 2217 Teucros
825 2170 892 2217 ad
940 2183 1042 2217 sese
1090 2170 1226 2218 intra
1270 2172 1391 2217 tecta
1442 2170 1610 2218 vocari
1660 2170 1891 2230 imperat:

191 2244 326 2291 intra
371 2245 506 2292 tecta
552 2243 699 2304 dixit,
750 2259 880 2305 quae
926 2243 1176 2307 descripta
1220 2259 1319 2291 non
1367 2246 1504 2305 sunt3
1551 2259 1610 2290 ex
1655 2237 1892 2292 vestibuli

193 2317 325 2364 enim
387 2318 630 2380 qualitate
690 2317 920 2381 intellegi
984 2320 1151 2380 potest
1217 2318 1427 2366 interior
1488 2317 1676 2366 domus.
1760 2320 1889 2365 certe

191 2393 379 2440 tectum
418 2391 546 2439 dixit
583 2391 744 2454 primo
785 2385 966 2457 (170),
1017 2407 1129 2440 cum
1177 2408 1331 2440 unum
1378 2392 1551 2440 domus
1595 2391 1892 2439 describeret

315 2581 339 2619 6
373 2575 572 2621 alterum
602 2576 782 2622 sedebat
812 2590 901 2622 om
926 2576 1016 2621 ΗΟ
1050 2576 1122 2621 ed.
1224 2582 1248 2620 7
1280 2591 1435 2634 reyum
1467 2577 1539 2621 ed.
1646 2580 1698 2618 15
1732 2578 1827 2620 iam
1850 2575 1892 2619 V

194 2640 288 2679 tam
331 2635 580 2679 ed.17
619 2649 779 2680 saevae
809 2636 852 2679 V
889 2650 1000 2681 suae
1038 2636 1110 2680 ed.
1234 2640 1288 2680 19
1327 2637 1512 2682 hironia
1547 2635 1600 2679 V.
1653 2635 1657 2692 Ι
1715 2636 1814 2679 alia
1851 2634 1893 2678 V

196 2708 309 2738 corr
354 2694 426 2738 ed
555 2697 765 2763 aeyreyia
802 2694 845 2739 V
887 2701 1041 2752 erepta
1083 2695 1154 2740 ed.
1277 2699 1334 2739 20
1375 2697 1508 2752 virya
1546 2693 1588 2735 V
1629 2695 1698 2738 vel
1734 2709 1774 2738 v.
1819 2694 1890 2738 ed.

196 2757 251 2796 21
295 2755 441 2822 magis
554 2755 745 2811 mayicis
786 2754 874 2798 edI
915 2756 969 2799 in
1005 2770 1061 2800 m
1107 2753 1210 2799 edF
1253 2755 1370 2798 mihi
1409 2755 1525 2798 Don.
1561 2753 1714 2809 magis
1752 2768 1892 2809 quam

195 2812 383 2856 venenis
425 2812 700 2870 intellegere
741 2813 938 2859 videtur.
997 2815 1001 2871 Ι
1059 2816 1111 2858 in
1145 2816 1310 2870 pinnis
1353 2828 1439 2857 om.
1474 2813 1546 2856 ed.
1668 2817 1725 2856 24
1761 2813 1893 2857 seele-

196 2873 291 2915 rati
311 2871 354 2914 V
386 2873 473 2917 -tis
503 2886 587 2916 nos
619 2877 717 2917 -tae
748 2872 820 2916 ed.
954 2878 1010 2917 26
1041 2887 1132 2918 sese
1156 2872 1198 2917 V
1228 2887 1272 2917 se
1304 2873 1375 2916 ed.
1432 2874 1434 2916 ἒ
1493 2873 1688 2916 intra—
1700 2873 1894 2928 imperat

198 2932 245 2973 et
287 2943 406 2985 quae
452 2930 576 2974 infra
622 2933 879 2987 sequuntur
924 2937 965 2976 et
1004 2933 1188 2977 solio—
1203 2933 1326 2977 avito
1375 2931 1490 2975 Don.
1540 2929 1784 2975 aberrante
1832 2931 1893 2974 ad

197 3002 238 3032 v.
267 2993 349 3033 169
382 2990 606 3035 memoria
637 2989 836 3046 scripsit.
