2050 3226
222 189 293 242 62
690 187 924 232 DONATI
953 189 1234 234 INTERPR„
1259 189 1440 235 Vnae.

218 327 338 375 talis
378 328 622 392 virginem
660 330 826 377 sumat
857 330 946 392 qui
975 331 1149 378 ventos
1180 329 1423 394 fugitivus
1457 330 1692 392 expectet.
1756 329 1908 378 habes

221 403 479 450 externum
541 403 845 451 consortium
898 404 1076 465 Turni,
1138 421 1286 467 quem
1339 403 1382 452 si
1435 403 1577 452 nobis
1640 403 1908 466 aliquando

221 475 434 524 adfinem
462 476 592 524 ratio
623 478 861 540 temporis
894 478 1034 539 fecit,
1073 479 1286 540 repetita
1316 479 1484 525 tamen
1516 477 1654 541 origo
1686 479 1911 540 superior

220 551 271 598 et
309 549 412 598 eius
451 552 702 599 numerati
738 553 952 600 maiores
987 553 1037 600 et
1067 552 1230 614 patria
1260 568 1357 614 quo
1389 551 1587 599 nomine
1618 551 1794 600 debeat
1824 568 1911 614 ap-

219 623 400 687 pellari
429 624 648 674 evidenti
678 625 1039 689 significatione
1069 626 1433 675 monstrabunt.
1479 626 1692 675 mutatio
1725 625 1911 688 quippe

159 721 163 723 ’
219 700 463 746 terrarum
514 699 758 763 originem
802 699 1038 748 nascendi
1085 716 1184 748 non
1233 703 1410 748 mutat.
1493 700 1707 748 Inachus
1745 701 1824 748 illi
1862 702 1913 748 et

219 771 442 822 Acrisius
488 775 699 821 maiores
743 775 1067 822 numerantur
1104 777 1155 822 et
1191 774 1511 838 Mycenarum
1550 775 1696 822 illum
1735 775 1911 823 civitas

220 849 372 895 tenet.
441 849 572 896 cives
612 847 710 895 dici
735 884 1910 897 ...........................

459 921 595 970 deest
630 922 977 984 interpretatio
1015 938 1173 984 usque
1212 922 1276 970 ad
1313 937 1509 971 versum
1549 924 1672 970 414.

342 1031 795 1044 .............
821 998 1052 1058 suscepta
1082 996 1350 1046 sacerdotis
1381 1012 1606 1058 persona,
1636 999 1696 1045 ut
1724 995 1911 1044 maiore

117 1076 203 1116 415
221 1068 519 1117 auctoritate
569 1070 871 1132 loqueretur.
946 1071 1137 1118 interea
1183 1086 1335 1132 quam
1373 1071 1578 1133 pulchre
1616 1071 1787 1133 posuit
1824 1069 1911 1118 Al-

220 1143 347 1191 lecto
386 1145 581 1192 torvam
621 1144 800 1192 faciem
839 1146 889 1192 et
926 1144 1128 1193 furialia
1157 1145 1379 1193 membra
1410 1145 1570 1206 exuit,
1601 1145 1721 1192 item
1750 1144 1914 1192 induit

221 1217 360 1265 albos
411 1233 523 1266 cum
572 1218 700 1266 vitta
750 1219 921 1266 crinis!
997 1236 1114 1267 nam
1160 1219 1298 1267 exuit
1343 1222 1392 1267 et
1429 1218 1596 1266 induit
1634 1219 1704 1267 sic
1742 1220 1818 1266 est
1854 1219 1914 1265 ut

221 1293 297 1340 est
342 1291 472 1339 illud
522 1307 633 1340 cum
674 1295 860 1341 vestem
908 1295 1272 1356 permutamus,
1312 1294 1534 1341 exuimus
1575 1308 1729 1355 quam
1765 1291 1912 1340 babe-

219 1381 331 1413 mus
370 1367 421 1414 et
457 1365 709 1414 induimus
750 1367 972 1415 alteram.
1041 1367 1206 1415 induit
1244 1367 1382 1416 albos
1423 1383 1534 1415 cum
1571 1368 1701 1415 vitta
1740 1366 1912 1415 crinis:

117 1446 203 1486 420
221 1439 319 1488 cito
371 1440 589 1488 ostendit
638 1443 687 1488 et
737 1442 885 1490 crinis
933 1443 982 1489 et
1020 1443 1201 1490 vittam
1243 1441 1379 1489 albos
1419 1441 1584 1489 fuisse.
1662 1444 1705 1488 ct
1747 1441 1913 1488 iuveni

221 1517 333 1561 ante
381 1514 541 1562 oculos
591 1515 666 1562 his
715 1529 766 1562 se
816 1530 925 1563 cum
972 1517 1167 1564 vocibus
1217 1517 1377 1575 offert:
1452 1517 1582 1563 recte
1637 1517 1910 1563 commotae

219 1587 367 1636 vultu
420 1588 655 1650 apparuit
708 1588 973 1653 obiurgans
1027 1591 1277 1651 iuvenem,
1333 1589 1465 1652 quod
1517 1590 1571 1637 in
1620 1605 1711 1637 sua
1761 1603 1913 1636 causa

219 1664 324 1710 tam
364 1663 528 1725 segnis
569 1663 823 1724 existeret,
865 1663 953 1726 qui
992 1667 1041 1712 et
1079 1665 1297 1728 cogitare
1337 1663 1535 1711 deberet
1566 1663 1789 1726 pericula
1820 1677 1912 1711 sua

221 1739 272 1784 et
311 1736 489 1784 aetatis
530 1737 765 1800 suffragio
806 1740 975 1799 posset
1013 1738 1274 1786 adversum
1313 1753 1363 1785 se
1401 1738 1622 1801 cogitata
1653 1737 1911 1799 depellere.

222 1810 400 1867 Turne,
434 1814 498 1857 tot
527 1811 582 1857 in
613 1825 806 1858 cassum
835 1812 973 1870 fusos
995 1813 1187 1871 patiere
1219 1812 1439 1860 labores?
1500 1811 1701 1874 poteris,
1732 1810 1912 1872 inquit,

219 1884 328 1946 pati
365 1887 501 1945 tuos,
540 1884 725 1946 Turne,
767 1885 961 1934 labores
1008 1886 1216 1947 effundi,
1262 1886 1355 1933 hoc
1399 1887 1475 1934 est
1511 1901 1610 1934 non
1649 1885 1911 1948 paulatim,

221 1958 306 2005 sed
351 1958 502 2006 semel
546 1958 783 2006 interire?
848 1959 1072 2008 funditur
1118 1960 1250 2008 enim
1296 1959 1532 2022 quicquid
1569 1975 1667 2008 uno
1707 1959 1912 2021 inpulsu

220 2034 558 2094 contemptum
595 2032 811 2081 traditur
848 2036 1022 2082 terrae.
1084 2033 1185 2095 [et]
1223 2037 1310 2082 tna
1339 2035 1620 2082 Dardaniis
1650 2033 1912 2082 transcribi

219 2110 409 2166 sceptra
448 2107 657 2154 colonis?
720 2109 770 2155 et
806 2107 1071 2170 imperium
1107 2108 1210 2155 iam
1240 2108 1340 2156 tuis
1370 2107 1560 2156 meritis
1594 2107 1814 2155 debitum
1847 2106 1911 2154 ad

219 2180 451 2244 indignos
492 2182 542 2228 et
580 2181 796 2229 advenas
835 2183 939 2229 sine
979 2182 1147 2230 labore
1185 2181 1434 2230 transire?
1494 2183 1684 2244 patiere
1722 2180 1797 2228 bis
1835 2180 1910 2227 in-

341 2297 365 2335 6
398 2297 628 2335 conmutat
658 2291 701 2334 V
732 2292 819 2346 ed,
859 2293 940 2336 sed
981 2293 1214 2338 sententia
1251 2307 1344 2338 non
1375 2298 1523 2337 mutat
1550 2291 1759 2348 postulat
1791 2293 1838 2334 et
1868 2290 1911 2333 V

220 2356 465 2396 commutat
506 2350 706 2394 scribere
752 2351 890 2406 solet,
936 2367 1077 2407 quare
1121 2353 1310 2396 correxi.
1434 2356 1460 2395 8
1499 2353 1617 2396 cives
1646 2351 1740 2394 dici
1769 2349 1907 2393 VMO

222 2425 309 2455 om.
335 2409 377 2453 U
402 2410 494 2454 ed.:
529 2413 636 2453 sunt
667 2410 781 2454 haec
812 2411 980 2454 ultima
1010 2411 1150 2454 verba
1180 2412 1264 2454 imi
1294 2425 1451 2455 versus
1483 2410 1560 2453 fol.
1587 2413 1643 2453 50
1669 2408 1747 2451 Bb
1780 2409 1830 2452 in
1853 2408 1908 2462 V,

222 2485 326 2513 cum
370 2469 460 2513 fine
503 2469 726 2513 orationis
764 2469 960 2514 Amatae
1002 2471 1143 2525 periit
1183 2470 1506 2525 interpretatio
1539 2483 1606 2512 vv.
1635 2473 1907 2511 373—414:

221 2530 270 2572 in
301 2543 447 2586 marg.
472 2527 604 2572 infer.
629 2543 771 2571 manu
798 2529 1053 2572 recentiore
1081 2530 1355 2573 adnotatum
1387 2530 1459 2572 hic
1489 2529 1681 2572 multum
1711 2528 1830 2570 deest
1853 2526 1908 2580 V3

223 2588 457 2632 defectum
505 2588 655 2643 spatio
703 2587 831 2631 brevi
879 2589 1177 2644 signaverunt
1219 2587 1331 2641 MU,
1379 2587 1562 2630 adiecta
1608 2586 1908 2630 adnotatione

223 2647 310 2691 OU
344 2648 414 2691 ed.
460 2647 669 2702 sequitur
706 2647 755 2690 in
786 2646 828 2689 V
859 2647 937 2691 fol.
972 2652 1023 2690 51
1059 2648 1140 2690 Aa
1185 2652 1391 2702 suscepta
1430 2646 1677 2690 sacerdotis
1710 2659 1910 2700 persona

222 2708 335 2750 item
368 2705 514 2750 MOU
553 2706 614 2760 (H
653 2707 911 2761 comparari
942 2707 1105 2761 nequit
1145 2707 1201 2749 cf.
1234 2706 1418 2761 praef.):
1460 2705 1573 2747 haec
1604 2707 1778 2747 temere
1809 2718 1908 2746 mu-

221 2767 339 2808 tavit
372 2767 443 2809 ed.
476 2766 680 2821 praefixo
712 2765 929 2808 lemmate
962 2770 1210 2808 415—419
1245 2763 1770 2818 ‚‚Alecto—eacerdos“
1804 2777 1908 2805 011111

224 2838 374 2868 errore
401 2826 618 2879 ‚‚Ber0e“
642 2839 725 2880 pro
752 2823 1012 2879 ,‚Calybe“‚
1039 2838 1176 2878 quem
1203 2826 1442 2878 tamquam
1466 2822 1638 2864 Donati
1662 2822 1907 2865 lectionem

224 2884 418 2927 adnotat
442 2883 891 2940 Heyne—Wagner.
979 2888 1030 2925 11
1066 2884 1245 2936 allecto,
1278 2881 1393 2924 alibi
1424 2883 1565 2925 alecto
1589 2880 1643 2924 V.
1730 2885 1782 2923 17
1816 2895 1908 2924 rec-

224 2948 294 2987 tae
326 2943 366 2985 V
399 2958 512 2987 corr.
546 2943 615 2986 ed.
731 2948 785 2985 21
818 2943 895 2997 fus
925 2942 978 2985 V.
1095 2947 1150 2985 24
1182 2946 1447 2985 contemtum
1477 2939 1519 2982 V
1549 2945 1804 2984 contentum
1835 2939 1906 2982 ed.

225 3002 396 3057 (neseio
431 3017 489 3044 an
521 3004 677 3058 recte).
716 3002 720 3060 Ι
757 3007 797 3046 et
828 3016 916 3046 om.
942 3000 995 3044 V.
1120 3005 1174 3044 26
1202 3001 1378 3056 patiere
1411 3013 1498 3042 om.
1532 2999 1602 3042 ed.

1943 1014 1985 1045 10

1944 1382 1985 1414 15

1944 1751 1986 1784 20

1943 2121 1985 2153 25
