2078 3260
267 182 376 237 632
739 181 971 226 DONATI
1002 181 1282 225 INTERPR.
1307 180 1487 226 VERG.

265 321 495 384 pentibus
521 322 741 384 quatere.
785 321 860 368 illi
889 322 1107 369 membra
1136 335 1292 369 novus
1320 321 1461 369 sobvit
1488 322 1750 382 formidine
1771 325 1958 383 torpor:

265 395 462 444 Turnus
501 411 611 444 cum
650 396 743 444 hoc
781 394 995 456 videret,
1040 395 1292 443 intellecto
1332 395 1467 457 quod
1505 396 1672 443 omnia
1710 396 1957 460 significa·

262 471 438 518 rentur
475 472 715 529 extrema,
754 484 882 518 novo
917 471 1117 532 torpore
1157 468 1428 518 dissolutus
1466 472 1554 518 est.
1609 486 1793 519 novum
1831 469 1959 520 dixit

262 545 349 591 aut
391 545 590 607 qualem
634 558 777 590 nemo
825 542 1094 605 aliquando
1141 544 1376 592 sensisset
1425 546 1514 591 aut
1559 543 1819 593 insolitum
1863 544 1959 593 sibi

263 623 314 666 et
349 618 676 680 repentinum.
746 621 1052 678 arrectaeque
1089 617 1286 666 horrore
1324 631 1486 666 comae
1524 621 1566 665 et
1601 633 1692 666 vox
1728 619 1959 678 faucibus
2011 631 2031 664 5

261 692 439 740 haesit:
486 692 594 740 leve
640 690 760 752 fuit,
810 692 854 740 si
893 691 1138 740 diceretur
1177 692 1311 753 quod
1355 691 1508 755 vulgo
1555 691 1654 741 dici
1703 694 1959 742 consuevit

177 805 181 808 ⁴
262 767 508 814 steterunt
535 764 612 813 illi
644 764 837 828 capilli,
870 765 1003 829 quod
1033 766 1317 828 frequenter
1344 766 1610 829 contingit,
1642 783 1754 815 cum
1787 767 1956 830 aliquo

261 855 516 888 movemur
530 841 746 901 horrore,
770 839 856 888 sed
881 839 954 888 ait
977 841 1222 888 steterunt
1246 855 1435 902 comae,
1460 839 1754 903 capillorum
1772 842 1956 905 quippe

261 913 558 978 significatio
589 914 884 962 brevitatem
916 916 1168 962 attonsam
1200 914 1470 978 significat,
1502 930 1670 963 comae
1696 931 1812 963 vero
1844 931 1956 978 pro-

260 988 504 1036 lixitatem
541 990 844 1050 monstrant,
885 1003 1014 1051 quae
1043 991 1249 1051 propter
1286 990 1488 1052 longam
1525 989 1788 1037 mollitiem
1825 991 1956 1038 stare
1990 1003 2031 1034 ιο

259 1077 359 1109 non
389 1064 623 1125 possunt3
654 1065 704 1110 et
737 1066 921 1124 tamen,
952 1078 1066 1110 cum
1087 1062 1263 1127 ingens
1287 1065 1449 1111 metus
1473 1062 1780 1125 describitur,
1805 1063 1958 1111 etiam

259 1137 397 1199 ipsae
445 1139 576 1185 stare
620 1137 875 1198 dicuntur,
925 1137 1044 1185 licet
1089 1139 1221 1186 stare
1270 1153 1370 1185 non
1416 1138 1631 1199 possint,
1680 1139 1739 1186 ut
1784 1139 1957 1186 contra

259 1213 492 1259 naturam
530 1210 690 1259 maior
727 1212 803 1261 vis
842 1211 1046 1259 terroris
1084 1212 1178 1259 hoc
1216 1211 1377 1260 facere
1411 1211 1654 1260 videatur.
1709 1215 1761 1260 at
1782 1212 1957 1272 procul

257 1288 312 1332 ut
332 1285 491 1333 Dirae
521 1286 776 1334 stridorem
804 1286 998 1346 aynovit
1029 1289 1072 1333 et
1102 1286 1235 1334 alas:
1265 1286 1415 1347 hanc,
1446 1285 1634 1348 inquit,
1666 1301 1777 1333 cum
1807 1286 1954 1350 longe

258 1358 464 1408 vidisset
501 1360 715 1408 Iuturna
753 1359 961 1407 stridere
1000 1361 1303 1422 strepentem
1341 1362 1391 1408 et
1429 1360 1604 1409 volatu
1638 1360 1813 1408 Diram
1851 1376 1956 1408 esse
1989 1373 2029 1405 15

258 1435 494 1497 cognovit
532 1430 703 1500 (facile
742 1433 873 1481 enim
909 1434 1198 1498 intellegere
1229 1435 1397 1497 potuit
1427 1450 1580 1482 unam
1611 1449 1716 1483 esse
1756 1450 1813 1482 ex
1851 1435 1954 1483 illis

258 1524 386 1570 quae
418 1508 597 1557 solium
627 1508 758 1572 regis
790 1510 841 1556 et
870 1509 1020 1556 limen
1053 1508 1331 1570 observant,
1364 1508 1483 1571 quia
1513 1510 1563 1556 in
1597 1508 1799 1557 adfectu
1819 1507 1954 1557 Iovis

154 1590 240 1631 870
257 1582 530 1630 constituta
559 1583 649 1632 has
683 1583 906 1646 cognitas
931 1576 1147 1648 habuit),
1170 1583 1343 1642 infelix
1367 1583 1517 1631 crinis
1539 1583 1716 1630 scindit
1737 1583 1955 1631 Iuturna

256 1657 435 1705 solutos
457 1658 703 1718 unquibus
733 1671 823 1705 ora
849 1671 987 1705 soror
1008 1657 1214 1716 foedans
1245 1661 1289 1704 et
1305 1660 1501 1717 pectora
1516 1657 1715 1717 puynis‘.
1754 1659 1953 1704 tantum

257 1746 426 1778 earum
456 1731 669 1780 Iuturna
699 1747 843 1779 omen
873 1732 1100 1791 noverat,
1139 1734 1199 1778 ut
1235 1731 1329 1778 hac
1364 1731 1473 1780 visa·
1500 1731 1602 1779 iam
1632 1746 1722 1793 pro
1754 1733 1952 1780 mortuo
1986 1744 2028 1775 20

256 1806 517 1869 plangeret
561 1805 768 1853 fratrem
815 1821 928 1854 suos
977 1804 1223 1867 dissipans
1271 1804 1418 1853 crinis
1466 1807 1516 1853 et
1565 1820 1653 1852 ora
1701 1804 1951 1868 unguibus

257 1879 452 1927 lanians
499 1881 548 1927 et
593 1882 794 1942 pectora
847 1879 1028 1943 pugnis
1078 1879 1371 1927 obtundens.
1437 1879 1554 1938 quid
1595 1894 1726 1927 nune
1771 1882 1813 1927 te
1850 1882 1951 1935 tua,
2018 1892 2021 1893 ’

259 1953 443 2009 Turne,
477 1957 633 2012 potest
659 1968 898 2014 germana
927 1954 1132 2001 iuvare?
1171 1957 1257 2002 aut
1287 1954 1404 2014 quid
1433 1955 1536 2001 iam
1567 1953 1721 2001 durae
1754 1956 1955 2013 superat

255 2028 406 2074 mihi?
439 2043 535 2087 qua
565 2029 651 2075 tibi
682 2028 834 2076 lucem
862 2031 965 2075 arte
995 2028 1186 2075 morer?
1216 2026 1370 2089 [talin
1387 2042 1589 2088 possum
1610 2041 1686 2075 me
1716 2041 1953 2087 opponere

255 2104 466 2148 monstro
475 2100 529 2162 .9]
546 2118 603 2148 ex
615 2101 912 2163 praeteritis,
928 2101 1108 2164 inquit,
1124 2101 1295 2163 frater,
1310 2101 1529 2149 laborem
1552 2117 1720 2148 meum
1742 2101 1952 2163 probare
1984 2114 2026 2146 25

256 2175 486 2237 potuisti,
537 2175 633 2223 feci
679 2178 846 2224 omnia
891 2191 981 2238 pro
1033 2176 1192 2224 salute
1240 2177 1356 2236 tua,
1407 2175 1493 2225 sed
1538 2191 1670 2223 nunc
1713 2174 1834 2237 quid
1873 2191 1951 2223 ex-

257 2249 469 2312 cogitem
494 2265 642 2312 quam
667 2250 834 2312 potior
856 2250 1086 2299 inimicus
1112 2248 1395 2313 expugnat?
1438 2249 1560 2312 quid
1592 2252 1773 2313 agatur
1799 2249 1951 2297 etiam

255 2324 362 2386 ipse
392 2323 661 2387 cognoscis.
713 2326 872 2372 cessat
903 2324 1061 2372 omnis
1093 2323 1413 2373 subveniendi
1442 2323 1718 2383 subtilitas,
1750 2323 1949 2386 quando

255 2400 437 2460 urgent
490 2399 707 2445 extrema
760 2398 1048 2459 periturum.
1124 2398 1508 2462 inexpugnabile
1554 2399 1830 2446 monstrum
1875 2400 1951 2445 est

256 2472 392 2519 istud
430 2488 518 2519 nec
557 2472 659 2519 ullo
698 2474 864 2534 potest
903 2474 1129 2534 superari
1166 2472 1397 2520 remedio.
1471 2472 1596 2519 nihil
1635 2471 1779 2519 omisi
1818 2470 1949 2533 quod
1981 2485 2023 2516 30

257 2547 441 2594 faceret
479 2561 567 2608 pro
616 2546 870 2594 commodo
917 2547 1026 2607 tuo,
1075 2546 1177 2593 iam
1229 2546 1501 2594 cedendum
1552 2547 1627 2593 est
1670 2544 1781 2593 istis
1821 2561 1948 2607 quae

258 2619 417 2668 evinci
449 2619 746 2668 consulendo
778 2636 876 2668 non
907 2622 1136 2682 possunt,
1177 2619 1468 2680 cedendum,
1506 2620 1732 2682 inquam,
1763 2618 1947 2667 talibus

376 2766 403 2804 4
446 2762 694 2805 insolutum
726 2761 778 2804 V.
828 2762 831 2814 ἶ
881 2761 971 2804 sibi
1009 2774 1096 2803 om.
1130 2761 1201 2804 ed.
1325 2766 1351 2804 6
1382 2762 1514 2818 vulyo
1537 2759 1579 2803 V
1610 2760 1728 2816 quod
1756 2773 1796 2804 v.
1829 2759 1945 2802 edF.

259 2825 314 2863 15
338 2821 574 2876 stripentes
598 2820 639 2863 V
657 2835 768 2864 corr.
796 2819 867 2863 ed.
949 2824 1002 2863 16
1027 2821 1232 2876 coynovit
1255 2819 1295 2862 V
1321 2820 1390 2863 ed.
1417 2821 1607 2864 -vissew
1687 2823 1739 2862 17
1764 2819 1890 2862 obser
1905 2818 1947 2860 V

257 2880 493 2923 observant
534 2894 616 2922 nos
659 2880 953 2935 frequentans
992 2879 1063 2922 ed.
1115 2879 1119 2936 Ι
1177 2880 1286 2934 quia
1327 2893 1414 2922 om.
1451 2879 1523 2921 ed.
1652 2881 1706 2920 23
1739 2877 1882 2921 durae
1905 2876 1947 2919 V

257 2939 444 2982 miserae
476 2938 546 2981 ed.
641 2943 697 2982 24
728 2939 914 2982 talin—
934 2941 988 2980 25
1021 2943 1216 2981 monstro
1249 2938 1380 2981 deest
1410 2938 1459 2980 in
1482 2937 1537 2991 V,
1567 2936 1646 2980 sed
1673 2935 1944 2991 explicatur.

259 3000 314 3038 30
345 3011 560 3052 superare
583 2997 625 3040 V
656 2999 729 3042 -ri
760 2997 831 3041 ed.
955 3001 1007 3040 31
1043 3010 1098 3041 ex
1127 2997 1230 3041 istis
1252 2996 1294 3039 V
1319 3010 1431 3040 corr.
1459 2996 1531 3040 ed.
1888 3026 1892 3031 -
