2078 3260
757 159 1061 206 AENEmos
1092 160 1180 204 ΧΠ
1708 164 1816 218 639

122 306 200 353 est
219 302 274 351 in
295 302 394 351 illis
418 301 623 351 vocibus
649 301 961 351 alacritatem
986 301 1142 350 fuisse
1162 300 1479 349 Teucrorum.
1518 301 1600 348 ille
1621 302 1820 350 humilis
1836 312 1922 353 930

120 377 435 438 supplexque,
467 376 671 424 humilis
702 391 906 439 corpore
937 377 989 424 et
1017 375 1154 425 fastu
1182 373 1364 423 reiecto
1393 389 1491 437 quo
1524 378 1673 423 antea
1696 376 1818 424 fere·

121 451 292 513 batur,
346 450 508 499 oculos
560 450 872 510 dextramque
910 453 1194 510 precantem
1233 449 1554 510 protendens:
1604 450 1820 509 equidem

121 525 278 574 merui
306 538 394 573 nec
423 524 663 584 deprecor,
695 525 873 584 inquit,
912 527 1044 572 utere
1072 527 1199 572 sorte
1228 526 1339 571 tua:
1375 538 1614 587 magnum
1642 526 1821 586 poetae

120 599 381 648 inventum
430 601 490 646 ut
526 599 724 647 hastam
773 614 874 647 non
921 597 975 646 in
1025 613 1134 647 eam
1183 599 1378 660 partem
1423 598 1642 661 corporis
1694 613 1821 660 quae

121 673 287 722 letalis
327 675 457 722 esset
488 671 671 721 diceret
700 673 1004 735 pervenisse,
1044 673 1131 721 sed
1167 671 1221 719 in
1260 687 1371 720 eam
1401 686 1530 735 quae
1562 674 1823 734 superaret

121 748 315 797 hostem
354 749 405 795 et
441 749 610 795 tamen
647 747 821 796 vivum
858 747 1080 795 servaret
1129 746 1194 794 ad
1238 761 1430 809 preces3
1481 747 1666 809 quippe
1711 747 1821 809 ipso

56 885 60 888 K
120 821 221 870 fuit
243 820 488 884 supplicio
512 820 653 884 peius
669 822 875 884 propria
888 836 1008 870 voce
1031 821 1256 869 confiteri
1278 835 1330 869 se
1345 821 1535 869 victum
1559 821 1610 868 et
1629 821 1822 869 hostem

50 986 92 1018 10

0 1355 92 1388 :15

50 1727 93 1758 20

51 2096 94 2129 25

53 2466 96 2498 30

121 911 267 945 suum
305 895 629 958 pronuntiare
665 896 906 944 victorem
945 894 1274 958 omnibusque
1313 909 1364 942 se
1403 893 1614 958 dignum
1650 895 1823 958 poenis

123 971 209 1033 qui
233 972 362 1019 esset
383 969 580 1018 fortiori
603 985 908 1034 congressus,
970 985 1078 1032 ego,
1108 968 1291 1031 inquit,
1320 967 1454 1032 quod
1476 969 1644 1032 patior
1665 968 1825 1017 merui

122 1060 212 1092 nec
249 1045 444 1093 veniam
482 1046 621 1107 peto:
672 1045 743 1092 sic
790 1045 923 1092 enim
960 1044 1185 1106 peccavi,
1233 1045 1293 1091 ut
1328 1043 1458 1092 hanc
1501 1044 1679 1091 mereri
1724 1059 1824 1092 non

122 1118 322 1181 possim.
378 1119 517 1166 utere
557 1120 688 1167 sorte
725 1120 837 1166 tua:
875 1116 1086 1166 Lavinia
1123 1120 1200 1166 est
1236 1117 1334 1166 ista
1373 1132 1479 1166 sors
1510 1123 1561 1166 et
1590 1118 1823 1166 interitus

123 1192 296 1240 Turni.
355 1193 523 1240 miseri
560 1196 602 1240 tc
639 1193 684 1240 si
722 1206 820 1252 qua
849 1192 1076 1252 parentis
1114 1195 1309 1252 tanqere
1347 1206 1469 1240 cura
1499 1194 1676 1251 potest,
1717 1206 1826 1240 oro:

122 1282 222 1314 non
252 1269 302 1315 te
335 1268 540 1330 propter
561 1282 639 1314 me
666 1282 788 1330 rogo
814 1267 904 1330 qui
934 1281 1034 1314 non
1056 1281 1246 1314 mereor
1268 1266 1480 1327 veniam,
1505 1265 1591 1314 sed
1620 1268 1827 1328 propter

122 1341 371 1389 infelicem
408 1343 604 1403 patrem
640 1356 820 1388 meum.
866 1340 964 1400 fuit
1000 1343 1044 1388 et
1081 1341 1167 1388 tibi
1205 1340 1319 1388 talis
1347 1338 1588 1388 Anchises
1622 1341 1823 1401 qenitor,

122 1414 328 1477 [Dauni
364 1416 590 1463 miserere
627 1413 887 1476 senectaeJ:
935 1413 1163 1462 faciendo
1214 1413 1620 1476 conparationem
1657 1414 1827 1464 miseri

122 1489 282 1552 patris
322 1491 373 1537 et
410 1488 541 1538 senis
581 1491 821 1551 quantam
860 1489 1080 1551 speravit
1109 1490 1361 1537 moturum
1401 1503 1452 1536 se
1491 1503 1595 1537 esse
1634 1487 1826 1537 miseri·

124 1564 365 1624 cordiam,
405 1566 463 1611 ut
491 1563 577 1611 ille
608 1563 762 1612 flexus
796 1562 1261 1612 commemoratione
1291 1564 1530 1626 paternae
1559 1563 1824 1612 memoriae

122 1638 403 1701 promptior
440 1637 637 1686 veniam
675 1637 837 1685 daret!
887 1638 1140 1698 miserere,
1180 1637 1371 1700 inquit,
1410 1639 1634 1686 senectae
1664 1636 1824 1699 patris

123 1711 243 1772 mei,
290 1713 481 1760 scilicet
518 1728 579 1760 ne
619 1711 886 1761 orbitatem
923 1711 996 1759 fili
1034 1711 1198 1760 luctus
1238 1713 1475 1774 paternus
1515 1713 1744 1775 augeret,
1784 1711 1826 1759 si

124 1801 301 1848 corpus
332 1788 539 1850 negaret
569 1785 730 1834 occisi.
778 1787 945 1849 potest
975 1787 1026 1834 et
1055 1785 1140 1847 sic,
1171 1787 1229 1834 ut
1259 1786 1473 1834 salutem
1502 1786 1663 1848 patris
1694 1786 1824 1834 senis

125 1862 176 1908 et
213 1860 377 1908 orbati
407 1860 775 1910 commendasse
806 1859 1057 1920 videatur,
1096 1876 1157 1907 ne
1198 1860 1343 1922 quasi
1372 1862 1516 1922 pater
1546 1860 1704 1909 hostis
1742 1876 1827 1908 ne-

125 1936 336 1983 caretur.
392 1938 435 1982 et
479 1948 554 1982 me
598 1948 684 1982 seu
730 1948 904 1994 corpus
941 1934 1204 1994 spoliatum
1243 1934 1424 1981 lumine
1471 1935 1632 1982 mavis
1679 1934 1827 1982 redde
1843 1941 1928 1982 935

124 2009 267 2056 meis:
305 2007 454 2057 redde
492 2009 636 2056 meis:
676 2023 784 2057 ecce
823 2007 910 2056 ubi
949 2007 1167 2057 ostendit
1205 2023 1257 2056 se
1294 2008 1421 2057 velle
1460 2009 1670 2071 servari3
1712 2010 1828 2071 post

125 2083 418 2146 petitionem
458 2083 643 2145 quippe
681 2082 880 2131 nomine
910 2082 1068 2144 patris
1108 2081 1457 2145 interpositam
1494 2081 1634 2131 venit
1673 2083 1736 2130 ad
1776 2098 1826 2131 se

126 2158 177 2204 et
208 2157 280 2205 ait
311 2159 361 2205 et
390 2173 468 2205 me
499 2172 585 2205 seu
617 2172 793 2219 corpus
826 2156 1097 2219 spoliatum
1127 2156 1313 2204 lumine
1343 2156 1525 2206 mavis:
1562 2172 1674 2205 cum
1705 2155 1827 2205 dicit

126 2246 235 2292 seu,
274 2231 366 2280 hoc
404 2230 603 2279 videtur
633 2230 795 2279 dicere
825 2230 1041 2280 voluisse
1072 2230 1208 2292 quod
1237 2230 1427 2294 pudore
1464 2230 1826 2279 interveniente

125 2321 226 2354 non
265 2304 392 2352 dixit
429 2306 667 2368 apertius,
722 2306 766 2354 si
804 2305 1021 2354 volueris
1060 2320 1138 2353 me
1177 2304 1419 2366 occidere,
1457 2305 1605 2353 redde
1645 2319 1824 2367 corpus

127 2395 292 2427 meum
339 2382 388 2426 et
433 2378 553 2428 meis
602 2379 937 2443 sepeliendum
983 2379 1192 2427 concede
1231 2379 1325 2442 ait3
1376 2380 1584 2428 alteram
1630 2380 1826 2441 partem

128 2452 360 2502 servandi
409 2452 650 2516 supplicis
695 2454 802 2516 ipse
841 2452 1153 2519 intellegeret
1199 2455 1249 2502 et
1293 2453 1523 2515 inpleret.
1587 2453 1747 2501 vicisti
1785 2456 1828 2500 et

128 2528 305 2575 victum
336 2527 525 2575 tendere
549 2528 749 2587 palmas
779 2524 992 2575 Ausonii
1026 2527 1208 2584 videre,
1250 2531 1335 2576 tua
1367 2531 1435 2575 est
1464 2527 1687 2575 Lavinia
1718 2541 1826 2574 con-

130 2602 274 2648 iunx:
310 2602 570 2663 utrosque,
602 2601 696 2662 ait,
736 2600 968 2649 viderunt
997 2602 1212 2650 Ausonii
1242 2604 1293 2650 et
1324 2602 1510 2649 exitum
1542 2600 1824 2649 certaminis

129 2675 484 2738 probaverunt:
533 2691 612 2723 me
658 2674 848 2723 scilicet
891 2676 1080 2724 victum
1117 2675 1402 2723 tendentem
1448 2675 1640 2737 palmas
1688 2676 1739 2722 et
1775 2677 1824 2723 te

252 2806 305 2844 12
334 2815 518 2857 possum
545 2800 584 2844 V
609 2814 722 2845 corr.
750 2801 821 2846 ed.
864 2801 870 2858 Ι
911 2806 1103 2847 uterc—
1125 2805 1178 2844 13
1209 2801 1357 2847 Twrni
1388 2815 1476 2845 om.
1503 2800 1573 2845 ed.
1614 2801 1619 2858 Ι
1663 2814 1754 2845 esse
1783 2799 1826 2843 V

132 2865 197 2904 est
237 2874 333 2904 nos.
472 2865 526 2904 16
570 2860 1024 2906 Dauni—senectae
1066 2861 1199 2905 deest
1239 2861 1290 2905 in
1323 2860 1380 2914 V,
1425 2860 1507 2909 sed
1550 2859 1823 2916 explicatur.

136 2924 187 2962 17
232 2925 454 2975 quantum
496 2919 567 2963 ed.
691 2923 747 2964 20
787 2920 977 2965 orbitate
1011 2919 1053 2963 V
1084 2919 1156 2964 ed.
1201 2926 1312 2965 -tem
1352 2933 1448 2963 nos,
1499 2919 1504 2977 Ι
1563 2924 1746 2976 auyeret
1783 2918 1826 2961 V

51 2980 54 2982 ’
134 2983 312 3023 -eretur
343 2978 415 3023 ed.
539 2982 594 3022 30
625 2979 841 3023 servandi
862 2978 904 3022 V
935 2979 1073 3024 -dam
1105 2979 1176 3024 ed.
1223 2981 1228 3038 Ι
1279 2980 1374 3035 ipse
1397 2978 1439 3021 V
1469 2983 1522 3023 ut
1552 2978 1623 3022 ed.
