2050 3226
237 134 309 188 32
709 132 944 178 DONATI
971 133 1254 180 mTERPR.
1278 133 1457 178 Vnae.

237 288 406 322 eorum
442 273 754 336 postulatum
788 275 839 323 et
867 274 1000 322 ultro
1032 274 1218 322 obtulit
1247 273 1382 336 quod
1405 273 1639 337 sperabat
1667 273 1927 337 petituros·

235 347 412 396 melius
463 347 595 395 enim
643 347 743 395 fuit
791 350 966 411 sponte
1014 349 1239 412 ingerere
1289 348 1423 410 quod
1467 347 1782 410 poscentibus
1826 363 1928 397 non

235 421 403 470 fuerat
460 422 732 485 negaturus
784 423 838 470 in
899 438 956 470 eo
1015 423 1125 485 ipso
1186 422 1446 470 cumulans
1504 421 1819 483 beneficium,
1870 425 1930 470 ut

235 510 407 544 eorum
441 495 716 544 amicitiam
746 496 944 545 offerret
974 496 1061 558 qui
1092 512 1122 543 a
1155 495 1372 544 Saturno
1411 511 1566 560 genus
1597 497 1649 544 et
1686 495 1929 560 originem

132 577 219 618 205
235 568 486 619 ducerent.
547 573 689 629 atque
719 570 936 629 equidem
964 570 1164 618 memini
1194 570 1358 629 (fama
1389 573 1458 618 cst
1485 570 1735 618 obscwrior
1757 570 1927 631 annis)
1981 580 2001 613 5

199 637 204 640 ’
235 643 498 692 Auruncos
534 644 606 692 ita
649 645 780 704 ferre
823 658 960 692 senes
968 662 983 692 .·
1036 647 1252 693 veterem
1290 643 1414 692 satis
1452 644 1743 692 memoriam
1779 644 1928 707 repli-

236 719 318 766 cat
361 732 462 765 non
513 719 711 766 tantum
758 717 853 766 sibi
897 718 1021 767 vitio
1069 717 1387 781 antiquitatis
1442 717 1704 766 obscuram
1756 734 1927 766 verum

236 791 388 840 etiam
432 791 682 841 Auruncis
730 793 928 840 senibus
966 792 1185 840 tenuiter
1220 794 1415 853 notam,
1463 793 1550 855 qui
1586 792 1769 840 referre
1816 807 1928 840 con-

237 867 461 914 suessent
515 882 643 929 quae
695 865 829 914 infra
873 866 1050 914 tenuit.
1125 867 1223 923 hiS,
1269 865 1459 928 inquit,
1508 869 1643 914 ortus
1691 869 1747 914 ut
1795 867 1930 927 ayris

234 939 513 988 Dardanus
560 940 747 988 Idaeas
793 941 1036 1002 Phryyiae
1078 941 1354 1000 penetravit
1401 940 1467 988 ad
1506 941 1645 989 urbis
1685 941 1930 988 Thracici-
1962 954 2004 986 10

235 1028 408 1073 amque
436 1013 663 1071 Samwm,
702 1028 826 1073 quac
862 1029 995 1062 nunc
1030 1014 1368 1063 Samothracia
1397 1016 1567 1075 fertur.
1642 1014 1755 1062 hinc
1790 1015 1932 1062 ilbam

132 1094 219 1135 210
239 1086 434 1149 Corythi
487 1088 743 1149 Tyrrhena
802 1090 864 1137 ab
925 1088 1035 1136 sede
1086 1089 1361 1149 profectwn
1414 1102 1569 1137 aurea
1621 1103 1753 1136 nunc
1811 1089 1930 1136 solio

235 1162 472 1210 stellantis
508 1162 646 1222 reqia
683 1163 805 1210 caeli
843 1163 1018 1222 accipit
1055 1166 1098 1210 ct
1130 1177 1389 1210 numerum
1427 1163 1651 1210 divorwm
1693 1162 1932 1210 altaribus

236 1239 401 1297 auyct:
431 1235 658 1284 omnibus
687 1236 848 1285 modis
880 1237 1143 1285 adstruens
1172 1235 1562 1286 benivolentiam
1585 1251 1726 1284 suam
1756 1236 1930 1285 multis

236 1309 496 1374 generibus
528 1310 748 1359 ostendit
777 1326 859 1359 eos
889 1311 1069 1359 habere
1100 1311 1274 1359 debere
1304 1310 1537 1359 fiduciam
1567 1311 1932 1373 praesumendi,
1964 1322 2005 1355 15

238 1384 360 1432 adeo
398 1387 458 1432 ut
495 1383 695 1432 adserat
737 1386 868 1433 inter
914 1385 1152 1434 Troianos
1201 1387 1251 1433 et
1295 1385 1450 1434 Italos
1497 1385 1693 1432 nullum
1739 1385 1930 1448 generis

155 1460 164 1470 “
237 1473 342 1506 esse
388 1458 664 1506 discrimen.
741 1459 856 1507 licet
909 1459 1154 1520 obruerit,
1206 1459 1394 1521 inquit,
1447 1459 1599 1523 longa
1650 1461 1932 1521 temporum

237 1533 386 1580 series
426 1532 710 1593 veritatem,
755 1535 970 1582 novatur
1013 1536 1182 1581 tamen
1229 1549 1341 1582 cum
1378 1532 1704 1581 relationibus
1743 1548 1930 1594 senum,

236 1606 420 1656 transit
458 1606 523 1654 ad
560 1609 800 1668 posteros.
876 1606 1122 1656 Auruncis
1170 1607 1377 1670 quippe,
1430 1610 1488 1655 ut
1535 1607 1761 1668 memini,
1807 1607 1931 1655 refe-

236 1681 461 1728 rentibus
499 1680 656 1728 habeo
690 1684 978 1743 conpertum
1007 1681 1298 1729 Dardanum
1334 1681 1385 1729 in
1417 1682 1495 1730 his
1531 1682 1755 1745 genitum
1784 1681 1930 1729 terris
1962 1694 2007 1726 20

237 1755 513 1817 profectum
567 1770 672 1802 esse
727 1754 791 1802 ad
843 1755 1135 1819 Phrygiam,
1187 1756 1302 1803 inde
1358 1755 1456 1804 isse
1511 1755 1575 1803 ad
1620 1754 1933 1803 Thraeiciam

241 1827 465 1890 Samum,
527 1843 654 1890 quae
713 1829 1071 1891 posterioribus
1135 1829 1343 1878 saeculis
1400 1829 1745 1877 Samothracia
1799 1828 1933 1877 dicta

239 1906 335 1964 est,
376 1919 406 1950 a
447 1901 663 1964 Corytho
711 1918 827 1951 vero
880 1903 944 1951 ad
983 1904 1174 1952 caelum
1222 1919 1326 1952 esse
1374 1903 1627 1952 sublatum
1667 1905 1716 1951 et
1753 1904 1930 1951 merito

238 1976 463 2025 inlustris
502 1977 636 2024 vitae
673 1977 888 2024 relatum
925 1977 1056 2025 inter
1094 1977 1223 2026 deos.
1292 1978 1423 2026 unde
1463 1978 1627 2040 coepit
1664 1976 1779 2026 inde
1819 1992 1931 2025 con-

240 2051 390 2100 clusit
428 2049 694 2098 dictionem
733 2066 897 2110 suam3
942 2067 1060 2099 nam
1105 2051 1346 2114 incipiens
1388 2051 1515 2100 dixit
1560 2051 1765 2113 ‚,dicite,
1807 2051 1931 2098 Dar·
1963 2063 2006 2095 25

240 2123 486 2173 danidae“
526 2126 576 2172 et
614 2123 746 2186 quod
785 2125 1007 2172 clausum
1036 2127 1168 2173 inter
1197 2125 1345 2173 initia
1383 2125 1482 2173 fuit
1513 2125 1710 2188 aperuit
1738 2124 1791 2171 in
1821 2124 1932 2184 fine,

239 2202 299 2247 ut
343 2197 547 2246 Troiani
599 2214 698 2246 non
743 2200 943 2246 tantum
992 2198 1051 2246 de
1109 2215 1239 2248 nova
1284 2198 1532 2247 amicitiae
1587 2198 1931 2247 coniunctione

240 2289 411 2322 verum
449 2271 600 2320 etiam
639 2272 697 2319 de
737 2272 1010 2320 adfinitatis
1050 2273 1232 2321 fiducia
1271 2272 1615 2336 gloriarentur.
1718 2335 1721 2337 Β

357 2347 589 2402 Dixerat,
637 2349 680 2393 ct
717 2346 847 2393 dicta
884 2346 1111 2394 Ilioneus
1156 2348 1226 2395 sic
1271 2360 1382 2394 voce
1427 2349 1639 2394 secutus:
1693 2345 1810 2393 licet
1847 2346 1931 2393 ille

240 2421 681 2484 interrogationem
720 2434 861 2468 suam
906 2420 1202 2468 relevaverit
1249 2419 1492 2468 offerendo
1533 2419 1762 2467 Troianis
1803 2435 1931 2482 quae
1964 2432 2007 2463 30

361 2596 387 2634 2
418 2590 650 2648 inyredere
673 2589 766 2632 VH
797 2591 997 2646 inyerere
1030 2588 1116 2633 OU
1149 2589 1221 2633 ed.
1311 2593 1335 2632 9
1368 2603 1482 2644 quac
1512 2591 1641 2645 infra
1671 2591 1819 2634 tenuit
1840 2588 1932 2632 VU

242 2649 475 2695 meminit?
505 2663 621 2706 quac
643 2650 763 2694 inter
784 2650 931 2693 tenuit
952 2647 994 2690 H
1026 2663 1141 2704 quae
1163 2649 1331 2692 itenuit
1354 2647 1390 2692 O
1416 2663 1529 2704 quae
1551 2654 1800 2704 sequuntur
1823 2648 1894 2692 ed.

241 2710 312 2753 his
335 2710 487 2766 inquit
507 2714 559 2753 ut
581 2707 623 2751 V
645 2709 717 2752 his
740 2713 865 2753 ortus
887 2713 940 2751 ut
963 2707 1033 2751 ed.
1117 2712 1170 2750 12
1204 2722 1234 2751 a
1256 2707 1357 2751 sede
1380 2707 1449 2751 ed.
1528 2712 1581 2750 19
1615 2709 1784 2753 transit
1805 2707 1868 2751 ad

243 2768 404 2812 deinde
434 2770 655 2823 interpos.
688 2767 759 2811 ed.
868 2771 923 2809 23
955 2767 1187 2810 chorintho
1218 2765 1260 2808 V
1291 2768 1450 2822 (supra
1482 2768 1637 2822 recte).
1743 2771 1798 2810 24
1830 2779 1933 2810 con-

242 2827 377 2871 clusit
400 2826 440 2869 V
471 2827 702 2872 concluxit
722 2826 766 2869 H
797 2826 1017 2870 conduxit
1049 2824 1135 2869 OU
1168 2825 1260 2868 ed.:
1295 2838 1404 2881 ergo
1436 2825 1485 2867 in
1518 2826 1751 2869 communi
1782 2838 1933 2868 exem-

242 2885 364 2940 plari
409 2887 639 2930 conduxit
679 2885 821 2929 fuisse
862 2884 1065 2938 videtur,
1110 2884 1234 2940 quod
1273 2884 1315 2926 H
1358 2883 1585 2939 reddidit,
1630 2884 1773 2929 ceteri
1813 2882 1931 2926 falso

245 2945 616 2989 emendaverunt.
