2050 3226
97 980 139 1013 10

95 1350 136 1384 16

91 1720 135 1752 20

90 2090 132 2123 25

821 154 1126 201 AENEIDOS
1156 154 1222 199 XI
1757 159 1867 213 433

174 311 326 344 causa
362 297 422 344 ut
459 296 566 344 eius
604 297 779 344 mortis
827 297 1081 344 auctorem
1117 297 1445 359 persequatur
1482 295 1627 344 fortis
1667 296 1867 346 dextera

173 373 276 419 tua.
336 369 587 434 intellegis
628 372 759 418 enim
799 369 973 418 debere
1003 371 1054 418 te
1082 370 1177 418 hoc
1206 369 1421 430 meritis,
1458 372 1517 417 ut
1546 387 1636 433 per
1664 372 1714 418 te
1754 387 1865 420 con-

172 444 343 509 tingat
378 444 603 492 Turnum
640 444 807 492 videre
844 446 1167 507 prostratum.
1226 444 1320 492 hoc
1358 442 1527 492 Pallas
1560 444 1737 507 exigit,
1773 445 1867 494 hoc

173 534 265 582 ego
296 517 665 566 infelicissimus
688 520 845 580 pater.
893 518 988 567 erit
1010 517 1322 566 commodum
1343 516 1524 567 vixisse
1546 520 1662 580 post
1691 517 1866 579 filium,

173 593 216 640 si
253 592 345 641 sub
384 593 535 641 armis
573 592 675 640 tuis
714 593 911 640 Turnus
950 592 1209 641 occumbat
1254 594 1304 640 et
1341 593 1574 641 lacrimas
1615 608 1751 641 meas
1791 593 1866 641 in·

170 667 351 715 teritus
382 667 487 715 eius
519 669 779 715 consumat
809 669 860 715 et
888 669 1067 731 tergat.
1127 669 1272 715 vacat
1307 666 1384 714 hic
1420 667 1508 714 tibi
1544 667 1677 715 solus
1714 668 1867 726 fortu-
1886 677 1969 718 180

170 754 356 800 uaeque
395 740 550 789 locus:
598 740 876 789 reddendae
915 740 1274 790 vicissitudinis
1312 741 1476 788 locum
1514 741 1678 789 solum
1713 741 1867 789 istum

169 813 266 863 tibi
294 829 508 865 vacuum
545 815 750 863 fortuna
788 816 1027 864 servavit:
1066 816 1270 877 expecto
1310 816 1542 865 eventum
1579 817 1730 877 atque
1769 817 1866 863 exi-

169 891 281 937 tum
316 888 450 938 necis
487 888 699 938 hostilis.
760 904 859 937 non
896 890 1024 938 vitae
1057 890 1247 950 yaudia
1286 903 1465 948 quaero
1503 903 1590 938 nec
1625 890 1731 949 fas,
1782 890 1867 937 sed

165 966 314 1023 ⁸(mato
358 964 523 1011 ‘manis
561 963 782 1023 perferre
827 964 918 1011 sub
956 964 1103 1012 imos:
1150 979 1309 1026 neque
1360 965 1493 1012 enim
1539 963 1865 1012 delectatione

167 1036 295 1086 lucis
333 1037 479 1085 istius
518 1036 633 1086 vivo
680 1040 771 1085 aut
807 1038 884 1086 fas
932 1039 1007 1086 est
1053 1053 1306 1100 superesse
1356 1038 1586 1086 orbatum
1630 1037 1726 1086 tali
1762 1038 1864 1087 filio

167 1114 386 1174 patrem,
424 1109 510 1160 sed
540 1114 599 1160 ut
628 1112 833 1160 nuntius
866 1110 931 1160 ad
959 1111 1144 1160 inferos
1169 1127 1374 1176 pergam
1408 1128 1465 1160 ac
1488 1111 1711 1160 Pallanti
1740 1112 1866 1162 refe·⁴

167 1202 276 1235 ram
322 1187 550 1248 optatam
598 1185 660 1234 ab
706 1186 849 1235 hoste
895 1188 1148 1248 sumptam
1194 1201 1298 1234 esse
1340 1186 1630 1236 vindictam.
1691 1187 1866 1236 vivant

169 1259 350 1321 quibus
380 1260 656 1308 iucundum
686 1261 763 1308 est
791 1261 981 1322 vivere,
1012 1260 1188 1310 vivant
1218 1261 1306 1322 qui
1335 1276 1435 1308 non
1466 1259 1653 1309 habent
1681 1260 1735 1308 in
1759 1261 1866 1309 vita

168 1334 303 1396 quod
324 1334 590 1398 plangant,
621 1335 798 1383 vivant
825 1333 1003 1396 quibus
1035 1334 1215 1382 desunt
1251 1335 1502 1383 tormenta
1540 1350 1668 1397 quae
1697 1335 1865 1384 viven-

166 1409 232 1456 tis
273 1410 565 1456 excrucient.
618 1409 745 1456 mihi
774 1410 973 1457 tantum
1011 1411 1186 1471 optata
1224 1409 1513 1470 succedant,
1550 1411 1610 1457 ut
1646 1408 1751 1456 filio
1789 1424 1862 1457 re-

165 1482 324 1530 feram
339 1482 621 1531 confossum
637 1482 822 1531 virtute
838 1482 1052 1546 hospitis
1069 1483 1306 1531 Turnum.
1346 1499 1437 1547 ego
1453 1483 1590 1531 illius
1606 1483 1865 1531 interitum

165 1557 212 1604 ei
242 1557 468 1605 nuntiem
501 1557 640 1605 cuius
673 1572 824 1606 causa
853 1557 980 1604 mori
1002 1557 1170 1619 potius
1193 1557 1327 1606 malo
1354 1573 1506 1620 quam
1527 1557 1863 1606 miserabilem

164 1631 323 1679 vitam
359 1631 557 1695 iugibus
589 1646 786 1680 servare
818 1630 1093 1679 tormentis
1149 1631 1283 1694 quod
1314 1631 1440 1679 dixit
1475 1646 1627 1693 supra
1656 1632 1864 1692 meritis,

166 1707 314 1754 vacat
358 1706 439 1753 hic
482 1705 577 1752 tibi
623 1706 757 1754 solus
798 1705 1126 1768 fortunaeque
1165 1706 1325 1766 locuS,
1373 1721 1472 1753 non
1519 1705 1581 1754 ab
1630 1721 1688 1753 eo
1729 1706 1863 1768 quod

165 1780 242 1827 est
277 1781 511 1828 meritum
551 1781 602 1827 et
638 1779 818 1828 merita
850 1779 1141 1841 declinavit,
1180 1780 1267 1828 sed
1303 1780 1367 1827 ad
1398 1795 1634 1842 personas
1663 1779 1864 1828 rettulit

166 1852 227 1901 ab
275 1869 332 1902 eo
372 1853 506 1916 quod
552 1855 628 1902 est
672 1855 752 1902 hic
797 1855 1028 1915 meritus,
1078 1855 1138 1902 ut
1183 1853 1412 1902 feminini
1457 1854 1650 1918 generis
1697 1855 1764 1902 sit
1813 1856 1864 1902 et

163 1926 320 1975 faciat
363 1928 454 1976 has
498 1928 703 1976 meritas
750 1943 986 1991 personas
1038 1930 1126 1976 aut
1170 1927 1436 1977 masculini
1473 1928 1667 1992 generis
1708 1930 1758 1977 et
1795 1929 1863 1977 sit

163 2002 241 2050 his
280 2001 470 2050 meritis
508 2001 813 2064 hominibus,
852 2018 953 2052 non
981 2004 1150 2050 tamen
1188 2003 1382 2066 generis
1421 2002 1607 2064 neutri,
1645 2004 1705 2050 ut
1739 2004 1861 2051 haec

163 2076 345 2124 merita
392 2077 442 2124 et
477 2075 555 2124 his
600 2077 791 2126 meritis
831 2076 1017 2125 dixisse
1062 2076 1305 2126 videatur.
1383 2076 1641 2125 Terentius
1683 2071 1859 2143 (Andr.

164 2151 214 2210 3,
254 2151 303 2211 5,
347 2143 437 2216 15)
479 2151 570 2198 sic:
613 2151 772 2213 „quid
809 2149 1088 2199 meritus?“
1127 2150 1245 2200 huic
1283 2150 1417 2200 dicto
1455 2166 1747 2214 responsum
1786 2153 1861 2200 est

164 2239 397 2285 „crucem
407 2222 449 2271 “.

280 2297 484 2346 Aurora
506 2298 692 2354 interea
713 2299 906 2346 miseris
928 2298 1215 2347 mortalibus
1243 2299 1427 2347 almam
1450 2299 1686 2347 extulerat
1708 2299 1858 2346 lucem

161 2374 377 2431 referens
416 2387 564 2433 opera
603 2376 744 2433 atque
783 2373 994 2420 labores:
1031 2372 1202 2421 multis
1233 2373 1356 2422 locis
1387 2375 1536 2436 poeta
1567 2373 1857 2421 lucescentis

164 2446 268 2494 dies
304 2446 551 2509 describit,
576 2447 634 2495 de
658 2445 885 2495 noctibus
909 2448 1043 2495 tacet
1065 2447 1324 2496 consulens
1347 2447 1585 2496 brevitati
1610 2447 1856 2508 dictioniS,

281 2623 309 2661 4
340 2623 438 2662 erat
470 2618 542 2662 ed.
657 2621 683 2660 8
715 2631 909 2662 vacuum
941 2631 1028 2661 om.
1056 2618 1128 2662 ed.
1238 2623 1292 2662 13
1324 2619 1446 2662 hoste
1471 2617 1510 2660 V
1542 2619 1599 2662 ab
1630 2619 1751 2662 hoste
1782 2618 1854 2662 ed.

165 2681 218 2720 19
258 2677 336 2721 hic
374 2676 491 2721 Don.
531 2678 703 2722 meritis
742 2691 847 2720 cum
886 2677 1189 2732 sequentibus
1225 2678 1506 2733 coniungere
1536 2677 1741 2731 videtur,
1775 2677 1856 2720 sed

162 2736 348 2781 videtur
376 2736 703 2780 tantummodo
734 2735 887 2780 verbis
917 2742 1055 2782 vacat
1092 2739 1178 2781 etc.
1219 2737 1269 2780 in
1302 2750 1486 2780 cassum
1519 2736 1715 2790 additis;
1748 2750 1855 2779 nam

162 2795 354 2852 interpr.
386 2796 492 2852 ipsa
531 2809 637 2840 eum
675 2796 729 2839 ut
767 2808 908 2850 supra
942 2797 1113 2840 meritis
1144 2796 1205 2839 ad
1233 2801 1457 2853 quamque
1484 2797 1695 2851 patrique
1725 2809 1856 2839 revo-

164 2868 292 2898 casse
326 2854 475 2899 docet.
584 2858 639 2898 20
670 2854 810 2899 habeo
834 2853 876 2897 V
906 2855 964 2899 ab
996 2868 1045 2899 eo
1077 2855 1148 2899 ed.
1257 2859 1310 2898 22
1344 2855 1462 2910 quod
1493 2859 1556 2898 est
1584 2855 1656 2898 his
1684 2855 1857 2899 meritis

162 2913 205 2956 V
236 2914 308 2957 ed.
429 2918 485 2958 26
524 2915 698 2959 meritis
727 2913 770 2956 V
807 2914 993 2958 meritus
1023 2914 1126 2958 edF
1165 2913 1434 2964 secundum¹
1455 2912 1663 2957 Terentii
1701 2913 1854 2957 locum

162 2985 249 3016 nec
281 2972 604 3028 explicationis
636 2972 930 3016 Donatianae
962 2973 1073 3017 ordo
1106 2973 1236 3017 aliud
1267 2973 1459 3028 patitur.

255 3062 352 3095 Don.
369 3062 525 3101 interpr.
538 3062 650 3102 Verg.
674 3062 747 3095 vol.
763 3062 815 3095 11.
1532 3066 1586 3105 28
