2050 3226
219 163 287 216 78
690 160 922 206 DONATI
951 161 1017 205 IN
1019 160 1232 205 TERPR.
1256 160 1436 207 VERG.

111 310 198 351 510
215 315 440 362 quercuum
491 302 655 350 cuneis
706 305 762 349 ut
803 302 927 362 forte
971 302 1146 350 coactis
1190 301 1459 358 scindebat,
1513 306 1660 363 rapta
1704 303 1904 364 spirans

213 377 413 424 inmane
456 378 638 424 securi:
678 376 910 425 veniebat
952 376 1188 424 iuvenum
1232 391 1430 438 manus,
1476 392 1603 439 quae
1648 376 1906 426 scindebat

213 451 382 498 cuneis
411 465 661 512 quercum,
691 451 889 498 inmane
920 449 1115 512 spirans
1146 451 1196 498 et
1219 448 1565 499 crudelitatem
1594 450 1647 498 in
1680 451 1905 499 anhelitu

213 523 365 572 etiam
414 523 682 587 spondens,
732 524 944 573 securim
993 540 1110 572 vero
1157 538 1322 572 secum
1367 524 1548 573 vehens
1595 524 1659 574 ad
1703 524 1904 587 bellum,

213 614 314 661 qua
337 598 619 647 scindendis
643 598 901 647 roboribus
926 613 1129 660 operam
1160 597 1329 659 dabat,
1362 598 1546 647 securis
1569 601 1716 661 rapta
1741 601 1902 648 osten·
1956 612 1976 645 5
2049 612 2050 638 ὲ

155 730 160 733 q
211 672 287 720 dit
323 688 510 721 meram
548 672 760 721 furentis
797 673 1060 720 insaniam.

328 745 397 794 At
434 761 585 795 saeva
615 761 639 794 e
669 747 876 806 speculis
915 750 1100 806 teinpus
1138 746 1229 794 dea
1263 749 1446 794 nancta
1475 748 1680 795 nocendi
1708 745 1903 808 [ardua

209 823 330 868 tecta
344 822 467 881 petit
487 819 697 883 stabuli]
705 838 720 868 .·
760 837 785 869 e
812 820 1022 884 speculis
1053 821 1147 868 hoc
1177 821 1252 869 est
1283 835 1342 868 ex
1372 836 1585 883 summo3
1623 821 1739 869 inde
1770 821 1902 870 enim

208 894 446 942 inferiora
476 895 556 943 vel
587 895 734 959 longe
764 895 930 957 posita
961 894 1158 942 facilius
1190 896 1474 944 cernuntur.
1526 895 1651 943 mire
1681 896 1903 958 positum

207 970 403 1032 tempus
436 969 529 1017 dea
559 972 743 1018 nancta
773 969 1004 1030 nocendi3
1042 985 1197 1016 unum
1228 970 1304 1017 est
1334 968 1465 1017 enim
1489 969 1548 1017 de
1578 969 1737 1018 tribus
1771 986 1900 1032 quae
1933 984 1975 1016 10

206 1042 260 1090 in
300 1042 436 1091 omni
474 1046 589 1092 actu
627 1045 838 1106 possunt
875 1044 1118 1105 explicare
1158 1059 1287 1105 quae
1326 1044 1574 1106 cupimus;
1614 1045 1732 1093 sunt
1769 1045 1901 1092 enim

207 1117 370 1178 locus,
408 1119 625 1180 tempus,
664 1133 889 1179 persona.
965 1117 1277 1179 oportunitas
1316 1117 1473 1181 igitur
1508 1117 1746 1180 temporis
1780 1134 1900 1181 quo-

207 1192 344 1238 niam
367 1192 610 1240 nitentem
633 1194 831 1254 poterat
853 1191 1024 1239 iuvare
1056 1191 1294 1255 suffragio
1326 1207 1432 1252 suo,
1466 1207 1576 1239 eam
1606 1208 1706 1240 non
1731 1193 1901 1241 amisit

205 1266 424 1327 Allect03
457 1266 642 1328 quippe
675 1265 884 1314 nocendi
914 1266 1094 1328 peritia
1125 1266 1309 1315 callens
1335 1267 1552 1314 amicum
1583 1266 1901 1328 dispositioni

207 1355 324 1388 suae
361 1341 557 1402 tempus
596 1342 646 1388 et
688 1340 861 1388 efficax
898 1339 1166 1401 praeterire
1203 1355 1303 1387 non
1341 1355 1490 1402 passa
1530 1342 1618 1389 est.
1688 1341 1899 1404 denique
1929 1354 1972 1388 15

206 1413 649 1462 eminentissimum
679 1415 842 1462 tenuit
872 1414 1058 1475 locum,
1096 1416 1344 1462 tectorum
1376 1415 1565 1463 scilicet
1594 1414 1802 1476 stabuli,
1842 1417 1899 1463 ut

84 1483 109 1506 ⁶
207 1487 444 1550 quicquid
474 1488 671 1536 fecisset
701 1489 780 1536 vel
818 1489 1058 1536 voluisset
1088 1487 1248 1536 dicere
1286 1488 1340 1535 id
1378 1505 1477 1537 non
1508 1489 1641 1551 ipsa,
1681 1489 1767 1537 sed
1798 1491 1897 1536 sta-

204 1561 311 1609 buli
349 1561 576 1610 dominus
623 1563 785 1611 facere
823 1563 903 1611 vel
950 1562 1110 1610 dicere
1156 1561 1419 1610 videretur.
1497 1566 1541 1610 et
1584 1563 1642 1610 de
1689 1563 1896 1610 culmine

204 1651 390 1684 summo
430 1637 681 1696 pastorale
726 1638 858 1684 canit
901 1637 1118 1696 sianum:
1166 1638 1226 1684 ut
1270 1638 1528 1698 pastorum
1575 1636 1894 1700 congregatio

203 1710 343 1758 fieret
371 1711 551 1771 maior,
592 1710 650 1758 de
682 1725 874 1758 summo
908 1710 1079 1757 datum
1111 1709 1310 1773 signum
1350 1711 1425 1758 est
1463 1710 1654 1759 cunctis
1685 1712 1895 1773 pastori·
1927 1725 1970 1757 20

203 1784 296 1832 bus
334 1786 522 1832 notum.
599 1799 839 1843 cornuque
883 1798 1082 1831 recurvo
1127 1785 1419 1832 Tartaream
1464 1785 1668 1832 intendit
1712 1799 1895 1833 vocem:

203 1858 368 1907 emisit
398 1859 595 1906 tristem
624 1874 795 1908 vocem
828 1875 886 1905 ex
915 1857 1051 1906 tuba.
1114 1858 1406 1906 Tartaream
1435 1858 1568 1919 ideo,
1602 1860 1744 1920 quia,
1783 1875 1895 1906 cum

201 1932 543 1994 intervenerit,
583 1932 758 1980 funera
798 1933 1169 1993 consequuntur
1207 1934 1256 1979 et
1294 1933 1482 1981 caedes.
1537 1948 1632 1993 qua
1665 1934 1894 1993 protinus

99 2011 184 2050 515
201 2021 339 2054 omne
370 2007 652 2054 contremuit
680 2021 871 2054 nemus:
911 2022 1061 2068 quam
1092 2006 1377 2054 luctuosum
1407 2007 1508 2054 fuit
1539 2007 1672 2069 quod
1702 2007 1892 2055 emitte-

201 2080 349 2128 batur
387 2097 445 2127 ex
482 2080 627 2141 tuba,
676 2080 875 2142 quando
922 2081 1014 2128 hoc
1062 2082 1262 2142 accepto
1301 2081 1413 2142 ipsa
1453 2097 1652 2144 quoque
1690 2097 1892 2130 nemora
1924 2093 1966 2126 25

200 2155 526 2202 tremuerunt!
583 2158 624 2201 et
654 2155 806 2202 silvae
836 2155 1093 2201 insonuere
1116 2155 1422 2214 profundae:
1452 2157 1651 2203 tantum
1682 2154 1892 2217 profecit

201 2228 414 2276 altitudo
465 2228 583 2288 loci,
628 2231 687 2276 ut
733 2229 907 2276 exinde
953 2228 1115 2275 letalis
1161 2243 1309 2276 sonus
1349 2230 1502 2276 etiam
1541 2229 1606 2276 ad
1651 2228 1889 2276 silvarum

199 2302 445 2365 profunda
477 2303 802 2364 pervenisset,
834 2303 927 2350 hoc
959 2304 1033 2350 est
1063 2303 1302 2350 interiora
1334 2305 1384 2349 et
1413 2302 1613 2364 penitus
1645 2302 1888 2351 abstrusa.

200 2377 359 2424 audiit
396 2379 438 2424 et
477 2377 674 2423 Triviae
714 2376 848 2437 lonye
888 2377 1044 2432 lacus,
1084 2376 1137 2423 id
1176 2378 1250 2424 est
1288 2376 1530 2437 Avernus,
1570 2375 1658 2438 qui
1696 2377 1817 2424 satis
1860 2392 1889 2424 a

199 2450 370 2498 Latini
400 2450 597 2499 stabulo
631 2450 795 2497 fuerat
824 2450 1195 2498 remotissimus.
1251 2451 1410 2498 audiit
1440 2451 1600 2498 amnis
1623 2450 1888 2509 sulphurea
1919 2463 1962 2495 30

198 2525 311 2572 Nar
349 2525 491 2572 albus
522 2539 652 2584 aqua
682 2525 928 2584 fontesque
970 2525 1150 2571 Velini:
1188 2541 1277 2586 per
1314 2525 1535 2572 locorum
1573 2523 1774 2570 nomina
1809 2540 1886 2571 ex-

192 2673 359 2735 pedam
382 2680 425 2723 V
456 2679 531 2736 (cf.
558 2679 860 2734 decempeda)
892 2680 1199 2734 quadrifidam
1231 2680 1301 2723 ed.
1336 2681 1383 2723 et
1405 2678 1542 2735 Verg.
1572 2677 1682 2721 libri
1713 2693 1884 2722 omnes.

201 2744 222 2781 1
257 2740 522 2783 scindebant
553 2753 675 2794 susp.
702 2738 915 2793 Hoppius
939 2753 983 2793 p.
1003 2744 1030 2781 4
1061 2739 1274 2795 neglecto
1300 2738 1423 2794 quod
1449 2737 1658 2793 sequitur
1680 2739 1886 2793 spirans:

198 2798 312 2840 Don.
335 2804 388 2842 ut
407 2799 476 2842 ita
496 2798 681 2853 accipit,
698 2800 752 2840 ut
768 2799 956 2840 vocatos
978 2798 1139 2841 eodem
1160 2798 1328 2842 habitu
1344 2797 1486 2840 fuisse
1504 2798 1696 2839 statuat.
1760 2801 1784 2838 2
1810 2811 1885 2840 ar-

198 2857 293 2900 dua
316 2862 430 2900 tecta
455 2859 572 2912 petit
593 2857 763 2901 stabuli
784 2858 892 2912 post
913 2858 1062 2900 securi
1084 2857 1242 2912 inepte
1266 2854 1535 2912 intel-poll]
1552 2855 1623 2899 ed.
1699 2859 1722 2898 7
1749 2869 1770 2898 e
1795 2869 1882 2898 om.

197 2916 247 2958 in
278 2915 494 2959 lemmate
528 2915 582 2959 V.
619 2915 622 2974 Ι
666 2916 886 2960 ardua—
912 2919 937 2958 8
969 2916 1139 2959 stabuli
1170 2917 1300 2960 deest
1330 2916 1378 2959 in
1410 2914 1465 2969 V,
1499 2914 1581 2958 sed
1612 2913 1883 2969 explicatur.

199 2980 223 3016 9
242 2975 491 3030 positumV
501 2989 549 3031 p.
569 2975 719 3019 ested.
770 2979 824 3018 14
835 2976 1051 3030 peritiam
1071 2975 1139 3018 ed.
1190 2979 1245 3018 20
1262 2976 1368 3019 dato
1383 2973 1438 3018 V.
1487 2978 1542 3017 26
1559 2975 1794 3018 intonuere
1811 2973 1881 3017 ed.
