2050 3226
812 130 1118 176 AENEIDOS
1150 130 1214 174 IX
1751 133 1860 188 205

170 270 321 320 sunt?
380 271 496 319 huic
542 287 600 320 ex
646 270 839 320 occulto
883 270 1143 333 respondit
1189 269 1354 319 dicens
1400 273 1466 318 tot
1500 271 1662 328 milia,
1699 275 1862 332 yentes

169 359 312 394 arma
347 345 514 405 ferunt
541 344 730 394 Italae:
764 345 898 394 hunc
935 345 1100 393 locum
1137 360 1248 393 cum
1287 345 1690 407 pronuntiamuS‚
1722 361 1861 408 sepa-

166 435 276 468 rare
331 418 562 468 debemus
615 420 695 468 tot
742 418 906 481 milia,
959 434 1188 481 separare
1238 420 1432 483 genteS,
1485 434 1547 466 ne
1598 418 1863 468 coniuncta

167 494 347 542 vitium
390 493 603 554 faciant,
648 493 692 542 si
729 492 950 542 dicamus
996 494 1075 542 tot
1122 493 1266 540 milia
1311 494 1503 556 gentes,
1550 493 1862 556 separatione

117 581 136 614 5
167 583 283 617 vero
322 567 458 616 facta
494 582 596 615 non
634 568 785 616 semel
820 567 1168 631 intellegamus
1206 567 1427 629 positum
1463 568 1562 627 tot,
1599 569 1659 615 ut
1689 566 1756 615 sit
1784 569 1863 615 tot

167 642 330 703 milia,
366 643 446 690 tot
476 643 647 706 gentes
679 656 818 690 arma
849 641 1031 690 ferunt.
1093 641 1228 704 quod
1254 641 1422 704 ipsum
1453 641 1524 690 sio
1554 640 1863 705 intellegitur

167 715 395 780 posuisse
435 719 588 778 atque
627 714 830 778 dixisse,
867 718 927 764 ut
965 715 1214 764 adsereret
1243 731 1295 764 se
1332 730 1423 763 nec
1459 714 1587 762 illud
1625 717 1862 778 metuere,

169 790 304 854 quod
343 805 453 838 cum
494 789 693 839 auxiliis
724 789 919 838 Aeneas
959 789 1255 852 sperabatur
1293 804 1397 838 esse
1435 791 1689 838 venturus.
1745 789 1862 838 hinc

166 863 350 913 transit
399 863 463 913 ad
510 864 664 912 aliam
714 864 1077 927 quaestionem3
1126 865 1296 926 potuit
1343 862 1475 911 enim
1525 863 1626 912 dici
1674 863 1862 912 frustra

93 952 135 984 10
167 937 508 987 contendimus
562 940 736 987 contra
789 953 872 987 eos
927 938 1015 1001 qui
1063 938 1159 987 diis
1209 940 1260 987 et
1301 938 1422 986 fatis
1467 937 1750 987 volentibus
1798 937 1863 986 ad

164 1013 373 1062 Italiam
410 1014 668 1061 venerunt.
730 1012 804 1061 ait
840 1013 948 1076 ipse
992 1012 1066 1060 nil
1101 1026 1178 1060 me
1213 1012 1396 1073 fatalia
1442 1015 1640 1069 terrent,
1681 1013 1726 1060 si
1764 1026 1863 1072 qua

164 1087 379 1148 Phryyes
415 1100 544 1147 prae
589 1100 640 1135 se
684 1088 890 1143 iactant,
939 1099 1178 1147 responsa
1226 1086 1451 1135 deorum:
1498 1102 1588 1135 nec
1633 1086 1724 1135 illa
1768 1103 1862 1148 me,

164 1161 353 1224 inquit,
389 1162 580 1209 terrent
617 1160 822 1210 deorum
858 1176 1098 1223 responsa
1127 1176 1255 1223 quae
1295 1176 1407 1209 cum
1436 1160 1658 1208 fatorum
1688 1160 1862 1209 volun-

165 1237 271 1284 tate
309 1251 360 1284 se
398 1234 637 1283 meruisse
675 1235 979 1299 confingunt.
1040 1234 1264 1299 Phryges
1295 1249 1386 1298 pro
1419 1235 1639 1283 convicio
1670 1236 1862 1297 posuit:

93 1322 134 1354 15
165 1325 265 1357 non
289 1310 422 1357 enim
443 1310 611 1372 potuit
640 1309 797 1358 hosfis
822 1324 939 1358 suos
962 1309 1069 1358 sine
1091 1308 1279 1358 iniuria
1308 1309 1581 1358 nominare.
1635 1312 1714 1356 sat
1741 1309 1863 1369 fatis
1881 1315 1965 1355 135

174 1383 440 1445 Venerique
484 1383 655 1432 datum
700 1387 789 1441 est,
835 1384 1025 1444 tetigere
1062 1383 1190 1444 quod
1227 1398 1354 1432 arva
1392 1383 1571 1442 fertilis
1607 1381 1863 1432 Ausoniae

167 1458 341 1506 Troes:
378 1457 542 1506 noluit
574 1458 628 1506 in
659 1473 716 1507 eo
747 1473 1086 1521 perseverare,
1126 1457 1259 1520 quod
1290 1457 1350 1506 de
1379 1456 1628 1520 responsis
1662 1459 1712 1506 et
1742 1457 1861 1506 fatis

166 1531 370 1581 Troiani
406 1533 759 1592 mentirentur,
797 1531 884 1580 sed
920 1533 1043 1580 haec
1080 1548 1171 1595 pro
1211 1533 1340 1581 veris
1381 1532 1610 1580 conlocat
1648 1533 1698 1580 et
1733 1532 1861 1580 tam·

165 1622 318 1668 quam
348 1621 468 1655 vera
506 1605 748 1656 dissolvit.
810 1622 911 1655 non
940 1607 1055 1668 hoc,
1086 1607 1273 1669 inquit,
1305 1606 1467 1655 solum
1499 1606 1695 1667 adser0,
1729 1605 1862 1668 quod

91 1692 134 1724 20
165 1680 369 1729 Troiani
406 1682 733 1742 mentiantur,
779 1681 946 1730 soluta
982 1682 1086 1729 iam
1125 1683 1262 1743 sunt,
1300 1681 1395 1729 etsi
1432 1697 1551 1729 vera
1586 1679 1861 1729 iactantur:

163 1754 439 1818 tetigerunt
475 1755 701 1817 Italiam,
740 1755 864 1817 quid
910 1755 1124 1819 amplius
1171 1753 1455 1818 quaerunt?
1517 1754 1639 1803 satis
1677 1754 1862 1802 Veneri

167 1829 356 1877 factum
401 1830 477 1877 est
522 1832 572 1878 et
615 1829 819 1877 illorum
863 1829 973 1878 fata
1011 1830 1243 1892 conpleta
1281 1831 1410 1877 sunt.
1474 1828 1627 1876 aliam
1665 1830 1862 1891 partem

166 1901 506 1966 dispositionis
545 1904 767 1952 fatorum
803 1919 1250 1966 responsorumque
1281 1903 1583 1965 divinorum,
1624 1902 1862 1965 quoniam

167 1977 416 2025 destruere
453 1994 555 2026 non
585 1977 806 2040 valebat,
846 1978 1037 2040 omisit,
1075 1978 1264 2027 scilicet
1294 1978 1427 2041 quod
1462 1977 1564 2026 illis
1604 1980 1654 2025 et
1691 1978 1861 2026 venire

93 2061 135 2095 85
165 2050 218 2098 in
256 2050 458 2100 Italiam
497 2053 547 2099 et
583 2053 636 2100 in
675 2067 733 2101 ea
770 2068 977 2116 regnare
1016 2051 1287 2102 deberetur.
1348 2052 1531 2100 idcirco
1571 2051 1699 2100 dixit
1730 2054 1861 2100 cer-te

168 2124 437 2174 debebatur
474 2125 704 2175 Troianis
749 2126 918 2175 videre
963 2127 1190 2186 Italiam,
1234 2126 1424 2175 factum
1470 2127 1688 2187 constat,
1733 2126 1861 2173 nihil

164 2199 268 2248 iam
313 2202 512 2262 praeter
549 2216 719 2249 eorum
757 2199 964 2249 exitium
1002 2202 1242 2263 superest.
1308 2204 1424 2248 sunt
1462 2203 1506 2248 et
1540 2214 1651 2248 mea
1693 2202 1861 2248 contra

165 2274 275 2333 faia
311 2274 456 2322 mihi:
503 2274 647 2336 fatis,
691 2274 880 2337 inquit,
917 2274 1119 2324 illorum
1158 2290 1354 2338 oppono
1402 2275 1555 2323 etiam
1600 2275 1706 2336 ipse
1752 2274 1860 2322 fata

165 2363 296 2396 meat
335 2363 435 2396 non
474 2348 606 2396 enim
643 2348 763 2397 solis
803 2349 920 2397 licet
955 2349 1151 2398 habere.
1212 2349 1376 2397 fatum
1414 2349 1512 2396 fuit
1547 2349 1771 2410 ipsorum
1801 2349 1861 2395 ut

23 2457 29 2474 ι
94 2432 137 2465 ³0
165 2423 323 2470 terras
345 2422 524 2471 Italias
547 2424 824 2487 tangerent,
854 2422 1013 2472 habeo
1044 2426 1094 2472 et
1119 2424 1226 2486 ipse
1259 2422 1477 2471 debitam
1506 2422 1628 2470 meis
1661 2422 1859 2470 virtuti-

165 2494 256 2544 bus
284 2498 501 2558 partem‚
530 2498 662 2557 ferro
690 2497 974 2546 sceleratam
1001 2497 1249 2546 excindere
1276 2500 1462 2558 yentem
1493 2497 1690 2556 coniuye
1711 2509 1860 2555 prae-

165 2572 326 2630 repta:
357 2570 620 2632 effundam,
651 2570 833 2635 inquit,
864 2572 1213 2620 sceleratorum
1244 2570 1536 2635 sanguinem
1559 2569 1859 2632 repetiturus

287 2715 341 2755 13
374 2712 553 2756 demum
575 2711 618 2756 V
642 2712 713 2756 ed.
739 2713 924 2757 deorum
947 2726 1045 2756 nos.
1132 2716 1186 2756 15
1218 2717 1308 2757 stat
1336 2725 1421 2768 pro
1453 2716 1526 2755 sat
1550 2710 1663 2754 Don.
1688 2709 1860 2767 legisse

166 2771 340 2814 temere
387 2785 510 2827 susp.
551 2771 777 2828 Hoppius.
922 2775 978 2815 20
1031 2772 1109 2816 sed
1163 2773 1273 2815 ante
1315 2772 1467 2816 soluta
1520 2769 1735 2825 interpol.
1785 2769 1857 2813 ed.

168 2832 221 2871 21
255 2830 368 2874 satis
389 2829 432 2874 V
462 2831 576 2885 fatis
606 2831 677 2875 ed.
714 2831 719 2890 Ι
757 2832 967 2875 venerari
989 2830 1030 2874 V
1063 2831 1227 2875 Veneri
1256 2844 1339 2875 nos
1373 2830 1616 2884 Venerique
1647 2829 1756 2873 dari
1785 2828 1857 2872 ed.

168 2891 224 2989 ξι
254 2890 474 2934 venire—
494 2894 549 2933 25
574 2890 804 2935 deberetur
834 2892 1008 2935 temere
1039 2892 1153 2934 mut.
1180 2890 1251 2934 ed.
1351 2893 1407 2933 30
1438 2889 1597 2933 italias
1626 2889 1681 2932 ut
1712 2892 1753 2941 6,
1773 2892 1859 2931 764

240 2948 389 2992 Italas
420 2948 490 2992 ed.
