2078 3260
241 220 351 273 602
715 216 948 262 ΒΟΝΑΤΙ
977 216 1260 261 INTERPR.
1284 216 1466 262 VERG.

239 360 290 406 et
327 373 415 406 suo
454 373 589 406 more
630 373 686 406 ac
724 359 946 420 tempore
993 371 1096 405 esse
1137 356 1440 404 detrahenda
1484 357 1631 407 terris
1678 373 1805 421 quae
1845 357 1934 407 ali·

240 431 420 494 quibus
445 434 564 480 sunt
585 430 898 494 procuranda
927 429 1180 493 remediis»,
1210 432 1269 478 ut
1298 430 1405 493 ipse
1437 431 1536 480 alio
1567 432 1675 482 loco
1707 426 1783 499 (4,
1803 426 1934 499 513)

238 506 490 570 Vergilius
543 505 672 553 dixit
720 504 968 567 „falcibus
1016 506 1067 552 et
1110 520 1267 553 messe
1315 505 1379 552 ad
1416 505 1587 554 lunam
1627 509 1936 570 quaeruntur

239 581 376 628 aenis
415 579 654 643 pubentes
691 578 872 627 herbae
882 577 925 627 “.
986 594 1094 627 ecce
1134 581 1185 626 et
1225 578 1331 627 illic
1368 578 1578 628 falcibus
1627 580 1752 629 dixit
1799 579 1935 630 aenis

239 657 290 703 et
320 654 383 702 ad
414 655 585 702 lunam
617 656 667 702 et
696 654 870 702 messis
893 654 1130 716 tempore,
1152 655 1205 701 in
1236 654 1490 716 praesenti
1518 670 1633 702 vero
1666 655 1739 704 ait
1767 670 1935 705 manu.
1989 669 2010 701 5

238 729 428 777 caulem
467 729 661 791 posuit,
700 728 930 790 thyrsum
967 727 1133 790 ipsum
1171 728 1361 776 scilicet
1398 743 1497 790 quo
1537 728 1841 793 erigebatur,
1879 730 1938 778 ut

183 798 187 800 ’
238 803 486 851 emitteret
522 802 713 863 florem,
764 801 939 849 deinde
985 802 1151 864 ipsum
1195 802 1366 850 florem
1413 801 1636 851 adseruit
1681 819 1784 852 esse
1822 820 1936 866 pur-

239 893 449 940 pureum
487 879 539 925 et
577 878 874 938 comantem3
925 892 1024 924 non
1071 875 1202 923 enim
1248 891 1378 924 unus
1426 878 1515 924 aut
1553 877 1820 941 singularis
1862 880 1938 926 est

238 953 296 999 ut
333 967 475 1000 rosae
514 953 603 998 aut
640 949 758 1011 lilii,
798 950 884 999 sed
923 950 1069 1013 quasi
1105 949 1158 997 in
1198 965 1362 999 comas
1398 967 1647 1013 purpureo
1684 951 1803 1000 flore
1843 951 1935 999 dif-

135 1035 221 1074 415
238 1025 480 1073 funditur.
533 1039 633 1073 non
661 1025 752 1072 illa
781 1025 903 1085 feris
935 1025 1181 1085 incoynita
1208 1026 1372 1085 capris
1391 1025 1644 1085 qramina,
1677 1040 1786 1073 ewm
1810 1029 1937 1086 teryo
1970 1040 2012 1071 10

238 1100 455 1147 volueres
491 1099 687 1147 haesere
728 1099 956 1159 sayittae:
1007 1100 1172 1160 tanta,
1222 1099 1414 1162 inquit,
1463 1098 1709 1148 naturalis
1747 1099 1823 1148 vis
1863 1100 1938 1148 est

237 1175 290 1221 in
321 1174 439 1222 feris
471 1173 649 1237 capris,
679 1174 772 1221 hoc
805 1174 881 1221 est
911 1173 1169 1235 capreolis,
1199 1176 1271 1234 ut,
1303 1189 1415 1220 cum
1445 1173 1598 1237 tergis
1622 1174 1751 1222 forte
1782 1173 1936 1237 sagit-

236 1249 316 1296 tas
349 1247 651 1311 exceperint,
683 1247 975 1309 confugiant
1002 1246 1139 1296 illico
1173 1247 1236 1295 ad
1260 1247 1387 1295 hanc
1418 1247 1644 1309 herbam,
1677 1248 1939 1296 comedant

239 1337 349 1369 eam
388 1324 438 1370 et
476 1321 676 1386 sagittis
709 1323 858 1370 simul
898 1323 947 1369 et
977 1320 1264 1370 vulneribus
1299 1323 1513 1370 careant.
1569 1325 1761 1385 quanta
1792 1323 1938 1386 signa

236 1396 382 1444 istius
415 1396 536 1445 data
565 1397 683 1445 sunt
713 1395 914 1458 speciei,
947 1396 1086 1444 0111113
1118 1411 1298 1443 nomen
1330 1395 1566 1445 omissum
1599 1397 1694 1444 est!
1750 1397 1936 1460 quippe
1970 1413 2012 1445 15

183 1486 187 1489 ·
238 1472 289 1518 et
325 1470 463 1534 regio
503 1485 733 1533 expressa
782 1472 859 1518 est
906 1471 959 1516 in
1007 1486 1105 1532 qua
1154 1469 1376 1519 nascitur
1422 1471 1472 1518 et
1520 1486 1699 1519 nomen
1748 1470 1936 1519 editum

237 1545 422 1593 montis
460 1546 510 1592 et
546 1544 701 1606 ipsius
735 1543 949 1593 nominis
981 1545 1204 1608 signum,
1244 1543 1446 1604 deinde,
1486 1560 1594 1593 cum
1630 1544 1692 1592 ad
1724 1544 1936 1607 descrip-

237 1618 424 1667 tionem
462 1618 707 1681 praedicti
740 1617 979 1682 graminis
1020 1618 1296 1680 accederet,
1334 1619 1547 1680 caulem,
1587 1618 1775 1680 inquit,
1814 1619 1938 1666 facit

238 1696 289 1741 et
338 1695 614 1741 comantem
663 1693 833 1741 florem
883 1692 1044 1741 colore
1094 1708 1366 1755 purpureo,
1415 1708 1570 1740 manu
1619 1691 1763 1740 debet
1811 1692 1937 1753 tolli,

239 1783 351 1815 cum
382 1767 446 1816 ad
475 1783 593 1815 usus
624 1767 953 1815 remediorum
975 1769 1284 1829 procuratur,
1316 1767 1466 1814 huius
1490 1767 1730 1814 virtutem
1757 1781 1935 1829 caprae
1967 1783 2011 1816 20

238 1842 372 1889 ferae
411 1841 757 1904 prodiderunt3
806 1857 923 1889 nam
961 1842 1073 1904 ipsa
1112 1843 1372 1902 curantur,
1417 1840 1654 1902 quoniam
1693 1842 1938 1889 noverunt

239 1931 369 1976 eam,
410 1918 460 1963 et
498 1915 719 1964 naturali
747 1915 994 1964 industria
1023 1915 1160 1977 ipsae
1196 1914 1292 1963 sibi
1321 1916 1553 1977 prosunt,
1593 1930 1706 1963 cum
1737 1914 1936 1979 sagittis

241 1989 556 2052 adpetuntur.
634 2005 836 2054 gramen
886 1989 1159 2052 appellavit
1205 2005 1334 2038 novo
1379 1988 1719 2052 usurpationis
1759 2005 1935 2052 genere

240 2063 431 2111 caulem
477 2063 642 2112 dicens
681 2064 826 2126 folia,
874 2065 1093 2111 ceterum
1133 2079 1247 2112 vero
1287 2065 1484 2112 nomine
1531 2063 1838 2111 dictamnum
1883 2064 1935 2110 in

238 2138 439 2202 regione
479 2153 568 2185 sua
608 2138 791 2186 dicitur
829 2138 1093 2200 appellari,
1141 2137 1268 2185 unde
1307 2137 1537 2185 nonnulli
1575 2137 1645 2186 sic
1684 2139 1937 2199 exponunt
1966 2150 2008 2184 25

238 2211 369 2260 hunc
422 2212 606 2272 locum,
666 2215 723 2260 ut
778 2213 1010 2260 adserant
1061 2211 1341 2276 Vergilium
1397 2211 1576 2259 dixisse
1631 2210 1934 2259 dictamnum

240 2286 464 2350 genetrix
497 2285 704 2334 Cretaea
735 2287 897 2348 carpit
936 2286 997 2334 ab
1036 2285 1149 2347 Ida,
1191 2286 1324 2348 quod
1358 2301 1513 2348 usque
1547 2284 1668 2334 adeo
1707 2301 1805 2334 non
1845 2287 1934 2347 est,

238 2362 316 2421 ut,
368 2360 410 2408 31
455 2361 713 2422 sequentia
763 2361 1059 2424 coniungas,
1109 2360 1199 2407 fiat
1247 2359 1439 2409 vitium.
1518 2359 1756 2407 dictamni
1805 2360 1935 2406 enim

241 2434 431 2482 caulem
464 2434 622 2482 dicere
662 2433 852 2494 debuit,
892 2450 991 2481 non
1032 2434 1340 2482 dictamnum
1379 2434 1585 2481 caulem.
1645 2432 1822 2480 melior
1860 2434 1935 2481 est

360 2564 385 2602 3
424 2574 593 2604 messae
627 2560 682 2614 V,
723 2559 804 2603 sed
847 2559 962 2604 Don.
1003 2574 1140 2605 messe
1174 2560 1343 2617 legisse
1375 2560 1566 2615 interpr.
1601 2559 1756 2612 docet,
1789 2558 1839 2601 in
1869 2558 1932 2601 IV

240 2618 370 2661 locus
404 2619 558 2674 periit.
654 2624 678 2662 6
705 2621 862 2676 posuit
884 2619 926 2662 V
958 2621 1108 2676 carpit
1137 2621 1330 2675 propter
1359 2631 1550 2675 pravam
1585 2617 1932 2662 distinctionem

241 2677 313 2721 ed.
367 2683 369 2734 Ι
424 2679 616 2723 thir-sum
646 2678 688 2721 V
722 2678 791 2722 ed.
915 2682 940 2720 9
979 2684 1031 2723 ut
1068 2693 1197 2723 rosae
1235 2683 1318 2722 ant
1355 2679 1392 2722 li
1428 2678 1507 2722 sed
1536 2677 1579 2721 V
1609 2683 1660 2722 ut
1689 2682 1797 2721 swnt
1825 2691 1861 2720 r.
1888 2691 1930 2721 a.

242 2737 345 2780 lilia
374 2737 451 2780 sed
482 2737 553 2780 ed.
654 2742 709 2780 13
741 2738 1024 2793 excoeperint
1046 2736 1100 2781 V.
1200 2742 1254 2780 14
1286 2751 1342 2782 ex
1371 2738 1632 2781 vulneribus
1654 2735 1697 2779 V
1720 2749 1832 2779 corr.
1859 2736 1930 2778 ed.

243 2799 296 2837 19
329 2797 481 2851 florem
505 2796 546 2839 V
577 2798 622 2852 fl.
648 2802 690 2841 et
720 2796 790 2841 011.
845 2798 848 2853 ξ
903 2797 1134 2840 mandebit
1163 2797 1281 2841 tollit
1311 2810 1412 2840 ewm
1435 2795 1477 2839 V
1508 2810 1650 2840 mann
1680 2795 1805 2839 debet
1835 2795 1934 2838 tolli

241 2868 342 2898 cum
373 2869 456 2898 nos
487 2856 661 2910 partim
695 2869 782 2899 om.
814 2855 986 2911 partim
1018 2857 1132 2898 mut.
1159 2855 1229 2899 011.
1353 2858 1409 2898 20
1441 2859 1720 2910 procuratur
1750 2852 1792 2896 V
1823 2867 1931 2908 pro-

242 2918 451 2958 curatum
493 2928 584 2958 esse
623 2915 818 2959 ostendit
858 2914 927 2958 ed.
1052 2919 1107 2957 24
1151 2915 1293 2958 aliam
1327 2913 1369 2957 V
1408 2915 1505 2958 alia
1545 2913 1632 2957 edI
1670 2913 1791 2956 alias
1829 2912 1931 2955 edF

242 2972 414 3016 caulem
449 2987 544 3017 nos.
589 2974 593 3029 Ι
637 2974 859 3018 dictamni
894 2973 965 3016 ed.
1087 2978 1143 3017 25
1175 2978 1402 3029 reponunt
1432 2972 1502 3016 ed.
1626 2975 1681 3015 28
1713 2971 1934 3015 dictamni

243 3032 362 3074 enim
386 3031 427 3074 V
452 3032 522 3075 ed.
548 3033 666 3088 post.
695 3032 902 3087 corrupit
934 3031 1004 3075 ed.
