<?xml version="1.0" encoding="UTF-8"?>
<!DOCTYPE html PUBLIC "-//W3C//DTD XHTML 1.0 Transitional//EN"
    "http://www.w3.org/TR/xhtml1/DTD/xhtml1-transitional.dtd">
<html xmlns="http://www.w3.org/1999/xhtml" xml:lang="en" lang="en">
 <head>
  <title>
</title>
<meta http-equiv="Content-Type" content="text/html;charset=utf-8" />
  <meta name='ocr-system' content='tesseract 3.04.00' />
  <meta name='ocr-capabilities' content='ocr_page ocr_carea ocr_par ocr_line ocrx_word'/>
</head>
<body>
  <div class='ocr_page' id='page_1' title='image "./interpretationes02donauoft_0538.png"; bbox 0 0 2050 3226; ppageno 0'>
   <div class='ocr_carea' id='block_1_1' title="bbox 249 136 1475 194">
    <p class='ocr_par' dir='ltr' id='par_1_1' title="bbox 249 136 1475 194">
     <span class='ocr_line' id='line_1_1' title="bbox 249 136 1475 194; baseline -0.01 0"><span class='ocrx_word' id='word_1_1' title='bbox 249 139 360 194; x_wconf 84' lang='lat'>534</span> <span class='ocrx_word' id='word_1_2' title='bbox 727 137 961 182; x_wconf 88' lang='lat' dir='ltr'><strong>DONATI</strong></span> <span class='ocrx_word' id='word_1_3' title='bbox 989 136 1271 181; x_wconf 86' lang='lat' dir='ltr'>INTERPR.</span> <span class='ocrx_word' id='word_1_4' title='bbox 1295 136 1475 182; x_wconf 82' lang='lat' dir='ltr'><strong>VERG.</strong></span> 
     </span>
    </p>
   </div>
   <div class='ocr_carea' id='block_1_2' title="bbox 140 275 2021 2561">
    <p class='ocr_par' dir='ltr' id='par_1_2' title="bbox 144 275 2020 783">
     <span class='ocr_line' id='line_1_2' title="bbox 144 275 1947 341; baseline 0 -14"><span class='ocrx_word' id='word_1_5' title='bbox 144 286 230 327; x_wconf 82' lang='lat'>825</span> <span class='ocrx_word' id='word_1_6' title='bbox 247 279 425 338; x_wconf 75' lang='lat' dir='ltr'>effaye:</span> <span class='ocrx_word' id='word_1_7' title='bbox 475 279 802 341; x_wconf 74' lang='lat' dir='ltr'>properatum</span> <span class='ocrx_word' id='word_1_8' title='bbox 862 278 959 326; x_wconf 88' lang='lat' dir='ltr'>iter</span> <span class='ocrx_word' id='word_1_9' title='bbox 1018 277 1193 340; x_wconf 84' lang='lat' dir='ltr'>fugam</span> <span class='ocrx_word' id='word_1_10' title='bbox 1247 275 1482 325; x_wconf 86' lang='lat' dir='ltr'>dixerunt</span> <span class='ocrx_word' id='word_1_11' title='bbox 1541 278 1730 326; x_wconf 83' lang='lat' dir='ltr'>veteres</span> <span class='ocrx_word' id='word_1_12' title='bbox 1789 279 1947 328; x_wconf 83' lang='lat' dir='ltr'>nostri</span> 
     </span>
     <span class='ocr_line' id='line_1_3' title="bbox 244 350 1948 416; baseline 0.001 -17"><span class='ocrx_word' id='word_1_13' title='bbox 244 351 456 414; x_wconf 91' lang='lat' dir='ltr'>ideoque</span> <span class='ocrx_word' id='word_1_14' title='bbox 494 351 722 416; x_wconf 86' lang='lat' dir='ltr'>fugitivis</span> <span class='ocrx_word' id='word_1_15' title='bbox 760 352 855 399; x_wconf 89' lang='lat' dir='ltr'>hoc</span> <span class='ocrx_word' id='word_1_16' title='bbox 895 350 1181 412; x_wconf 89' lang='lat' dir='ltr'>adpositum</span> <span class='ocrx_word' id='word_1_17' title='bbox 1217 366 1398 398; x_wconf 92' lang='lat' dir='ltr'>nomen</span> <span class='ocrx_word' id='word_1_18' title='bbox 1436 353 1533 413; x_wconf 87' lang='lat' dir='ltr'>est,</span> <span class='ocrx_word' id='word_1_19' title='bbox 1581 351 1701 414; x_wconf 89' lang='lat' dir='ltr'>quia</span> <span class='ocrx_word' id='word_1_20' title='bbox 1739 355 1948 402; x_wconf 81' lang='lat' dir='ltr'>currunt</span> 
     </span>
     <span class='ocr_line' id='line_1_4' title="bbox 244 424 1945 491; baseline 0 -17"><span class='ocrx_word' id='word_1_21' title='bbox 244 426 614 474; x_wconf 84' lang='lat' dir='ltr'>tantummodo:</span> <span class='ocrx_word' id='word_1_22' title='bbox 647 441 763 489; x_wconf 89' lang='lat' dir='ltr'>ergo</span> <span class='ocrx_word' id='word_1_23' title='bbox 795 424 1140 488; x_wconf 82' lang='lat' dir='ltr'>fugitivorum,</span> <span class='ocrx_word' id='word_1_24' title='bbox 1171 424 1352 486; x_wconf 85' lang='lat' dir='ltr'>inquit,</span> <span class='ocrx_word' id='word_1_25' title='bbox 1381 441 1518 474; x_wconf 92' lang='lat' dir='ltr'>more</span> <span class='ocrx_word' id='word_1_26' title='bbox 1546 427 1758 474; x_wconf 79' lang='lat' dir='ltr'>&#39;celerius</span> <span class='ocrx_word' id='word_1_27' title='bbox 1797 442 1945 491; x_wconf 84' lang='lat' dir='ltr'>perge</span> 
     </span>
     <span class='ocr_line' id='line_1_5' title="bbox 246 499 1945 558; baseline 0.001 -10"><span class='ocrx_word' id='word_1_28' title='bbox 246 503 290 548; x_wconf 90' lang='lat' dir='ltr'>et</span> <span class='ocrx_word' id='word_1_29' title='bbox 325 500 444 548; x_wconf 78' lang='lat' dir='ltr'>haec</span> <span class='ocrx_word' id='word_1_30' title='bbox 482 501 650 548; x_wconf 79' lang='lat' dir='ltr'>Turno</span> <span class='ocrx_word' id='word_1_31' title='bbox 687 499 927 546; x_wconf 83' lang='lat' dir='ltr'>mandata</span> <span class='ocrx_word' id='word_1_32' title='bbox 965 499 1236 546; x_wconf 82' lang='lat' dir='ltr'>novissima</span> <span class='ocrx_word' id='word_1_33' title='bbox 1269 499 1459 558; x_wconf 79' lang='lat' dir='ltr'>perfer:</span> <span class='ocrx_word' id='word_1_34' title='bbox 1496 501 1770 550; x_wconf 83' lang='lat' dir='ltr'>novissima</span> <span class='ocrx_word' id='word_1_35' title='bbox 1807 516 1945 549; x_wconf 88' lang='lat' dir='ltr'>man·</span> 
     </span>
     <span class='ocr_line' id='line_1_6' title="bbox 246 572 2020 637; baseline 0.001 -16"><span class='ocrx_word' id='word_1_36' title='bbox 246 573 367 622; x_wconf 83' lang='lat' dir='ltr'>data.</span> <span class='ocrx_word' id='word_1_37' title='bbox 413 573 547 634; x_wconf 88' lang='lat' dir='ltr'>ideo,</span> <span class='ocrx_word' id='word_1_38' title='bbox 596 575 656 621; x_wconf 92' lang='lat' dir='ltr'>ut</span> <span class='ocrx_word' id='word_1_39' title='bbox 712 573 863 621; x_wconf 90' lang='lat' dir='ltr'>sciret</span> <span class='ocrx_word' id='word_1_40' title='bbox 918 572 1020 620; x_wconf 90' lang='lat' dir='ltr'>iam</span> <span class='ocrx_word' id='word_1_41' title='bbox 1076 588 1177 621; x_wconf 90' lang='lat' dir='ltr'>non</span> <span class='ocrx_word' id='word_1_42' title='bbox 1235 573 1607 635; x_wconf 68' lang='lat' dir='ltr'>superfuturum</span> <span class='ocrx_word' id='word_1_43' title='bbox 1666 590 1796 637; x_wconf 89' lang='lat' dir='ltr'>quae</span> <span class='ocrx_word' id='word_1_44' title='bbox 1845 574 1947 623; x_wconf 88' lang='lat' dir='ltr'>alia</span> <span class='ocrx_word' id='word_1_45' title='bbox 2001 589 2020 622; x_wconf 84' lang='lat'><strong>5</strong></span> 
     </span>
     <span class='ocr_line' id='line_1_7' title="bbox 244 646 1946 710; baseline -0.001 -13"><span class='ocrx_word' id='word_1_46' title='bbox 244 650 414 710; x_wconf 90' lang='lat' dir='ltr'>posset</span> <span class='ocrx_word' id='word_1_47' title='bbox 450 649 633 696; x_wconf 88' lang='lat' dir='ltr'>iterum</span> <span class='ocrx_word' id='word_1_48' title='bbox 670 647 951 708; x_wconf 74' lang='lat' dir='ltr'>iterumque</span> <span class='ocrx_word' id='word_1_49' title='bbox 989 646 1242 695; x_wconf 87' lang='lat' dir='ltr'>mandare.</span> <span class='ocrx_word' id='word_1_50' title='bbox 1295 647 1519 695; x_wconf 78' lang='lat' dir='ltr'>succedat</span> <span class='ocrx_word' id='word_1_51' title='bbox 1547 662 1749 709; x_wconf 61' lang='lat' dir='ltr'>pugnae</span> <span class='ocrx_word' id='word_1_52' title='bbox 1774 649 1946 697; x_wconf 83' lang='lat' dir='ltr'>Troia-</span> 
     </span>
     <span class='ocr_line' id='line_1_8' title="bbox 243 720 1948 783; baseline 0.001 -13"><span class='ocrx_word' id='word_1_53' title='bbox 243 736 425 782; x_wconf 76' lang='lat' dir='ltr'>nosque</span> <span class='ocrx_word' id='word_1_54' title='bbox 463 724 628 770; x_wconf 89' lang='lat' dir='ltr'>arceat</span> <span class='ocrx_word' id='word_1_55' title='bbox 663 722 807 769; x_wconf 78' lang='lat' dir='ltr'>urbe:</span> <span class='ocrx_word' id='word_1_56' title='bbox 844 720 961 769; x_wconf 90' lang='lat' dir='ltr'>licet</span> <span class='ocrx_word' id='word_1_57' title='bbox 996 720 1051 768; x_wconf 90' lang='lat' dir='ltr'>in</span> <span class='ocrx_word' id='word_1_58' title='bbox 1087 720 1200 783; x_wconf 86' lang='lat' dir='ltr'>ipsa</span> <span class='ocrx_word' id='word_1_59' title='bbox 1244 722 1404 769; x_wconf 86' lang='lat' dir='ltr'>morte</span> <span class='ocrx_word' id='word_1_60' title='bbox 1451 723 1723 770; x_wconf 87' lang='lat' dir='ltr'>constituta</span> <span class='ocrx_word' id='word_1_61' title='bbox 1767 722 1948 771; x_wconf 77' lang='lat' dir='ltr'>habuit</span> 
     </span>
    </p>

    <p class='ocr_par' dir='ltr' id='par_1_3' title="bbox 154 794 2021 1969">
     <span class='ocr_line' id='line_1_9' title="bbox 154 794 1947 859; baseline 0 -15"><span class='ocrx_word' id='word_1_62' title='bbox 154 803 158 806; x_wconf 81' lang='grc'><strong><em>’</em></strong></span> <span class='ocrx_word' id='word_1_63' title='bbox 243 797 298 844; x_wconf 89' lang='lat' dir='ltr'>in</span> <span class='ocrx_word' id='word_1_64' title='bbox 353 797 519 844; x_wconf 87' lang='lat' dir='ltr'>animo</span> <span class='ocrx_word' id='word_1_65' title='bbox 578 795 891 844; x_wconf 86' lang='lat' dir='ltr'>commodum</span> <span class='ocrx_word' id='word_1_66' title='bbox 941 794 1119 842; x_wconf 88' lang='lat' dir='ltr'>Turni:</span> <span class='ocrx_word' id='word_1_67' title='bbox 1177 794 1524 857; x_wconf 72' lang='lat' dir='ltr'>principaliter</span> <span class='ocrx_word' id='word_1_68' title='bbox 1581 796 1765 859; x_wconf 87' lang='lat' dir='ltr'>quippe</span> <span class='ocrx_word' id='word_1_69' title='bbox 1818 797 1947 844; x_wconf 90' lang='lat' dir='ltr'>nihil</span> 
     </span>
     <span class='ocr_line' id='line_1_10' title="bbox 243 868 1944 932; baseline 0 -14"><span class='ocrx_word' id='word_1_70' title='bbox 243 870 409 918; x_wconf 86' lang='lat' dir='ltr'>fuerat</span> <span class='ocrx_word' id='word_1_71' title='bbox 447 869 722 918; x_wconf 89' lang='lat' dir='ltr'>curandum</span> <span class='ocrx_word' id='word_1_72' title='bbox 759 869 857 917; x_wconf 88' lang='lat' dir='ltr'>nisi</span> <span class='ocrx_word' id='word_1_73' title='bbox 893 871 953 916; x_wconf 91' lang='lat' dir='ltr'>ut</span> <span class='ocrx_word' id='word_1_74' title='bbox 988 868 1162 917; x_wconf 91' lang='lat' dir='ltr'>urbem</span> <span class='ocrx_word' id='word_1_75' title='bbox 1200 883 1300 916; x_wconf 89' lang='lat' dir='ltr'>non</span> <span class='ocrx_word' id='word_1_76' title='bbox 1330 868 1589 918; x_wconf 85' lang='lat' dir='ltr'>invaderet</span> <span class='ocrx_word' id='word_1_77' title='bbox 1616 869 1863 932; x_wconf 83' lang='lat' dir='ltr'>inimicus,</span> <span class='ocrx_word' id='word_1_78' title='bbox 1892 871 1944 918; x_wconf 90' lang='lat' dir='ltr'>in</span> 
     </span>
     <span class='ocr_line' id='line_1_11' title="bbox 245 942 2021 1006; baseline 0 -14"><span class='ocrx_word' id='word_1_79' title='bbox 245 960 345 1006; x_wconf 91' lang='lat' dir='ltr'>qua</span> <span class='ocrx_word' id='word_1_80' title='bbox 382 943 597 992; x_wconf 85' lang='lat' dir='ltr'>Lavinia</span> <span class='ocrx_word' id='word_1_81' title='bbox 635 943 850 1006; x_wconf 88' lang='lat' dir='ltr'>degebat</span> <span class='ocrx_word' id='word_1_82' title='bbox 899 959 1028 1006; x_wconf 89' lang='lat' dir='ltr'>quae</span> <span class='ocrx_word' id='word_1_83' title='bbox 1081 942 1180 991; x_wconf 89' lang='lat' dir='ltr'>fuit</span> <span class='ocrx_word' id='word_1_84' title='bbox 1232 943 1388 991; x_wconf 88' lang='lat' dir='ltr'>totius</span> <span class='ocrx_word' id='word_1_85' title='bbox 1440 944 1726 992; x_wconf 85' lang='lat' dir='ltr'>certaminis</span> <span class='ocrx_word' id='word_1_86' title='bbox 1781 959 1945 994; x_wconf 87' lang='lat' dir='ltr'>eausa.</span> <span class='ocrx_word' id='word_1_87' title='bbox 1978 959 2021 993; x_wconf 81' lang='grc' dir='ltr'>ιο</span> 
     </span>
     <span class='ocr_line' id='line_1_12' title="bbox 245 1016 1946 1080; baseline 0 -14"><span class='ocrx_word' id='word_1_88' title='bbox 245 1018 456 1080; x_wconf 90' lang='lat' dir='ltr'>denique</span> <span class='ocrx_word' id='word_1_89' title='bbox 499 1018 593 1066; x_wconf 91' lang='lat' dir='ltr'>hoc</span> <span class='ocrx_word' id='word_1_90' title='bbox 643 1018 690 1066; x_wconf 90' lang='lat' dir='ltr'>ei</span> <span class='ocrx_word' id='word_1_91' title='bbox 743 1016 1006 1065; x_wconf 90' lang='lat' dir='ltr'>consilium</span> <span class='ocrx_word' id='word_1_92' title='bbox 1055 1018 1106 1065; x_wconf 91' lang='lat' dir='ltr'>et</span> <span class='ocrx_word' id='word_1_93' title='bbox 1153 1016 1286 1064; x_wconf 87' lang='lat' dir='ltr'>inter</span> <span class='ocrx_word' id='word_1_94' title='bbox 1321 1018 1472 1066; x_wconf 90' lang='lat' dir='ltr'>initia</span> <span class='ocrx_word' id='word_1_95' title='bbox 1509 1019 1755 1066; x_wconf 89' lang='lat' dir='ltr'>tractatus</span> <span class='ocrx_word' id='word_1_96' title='bbox 1795 1018 1946 1080; x_wconf 84' lang='lat' dir='ltr'>dedit,</span> 
     </span>
     <span class='ocr_line' id='line_1_13' title="bbox 243 1085 1947 1159; baseline 0 -18"><span class='ocrx_word' id='word_1_97' title='bbox 243 1093 337 1141; x_wconf 92' lang='lat' dir='ltr'>hoc</span> <span class='ocrx_word' id='word_1_98' title='bbox 368 1093 520 1141; x_wconf 87' lang='lat' dir='ltr'>etiam</span> <span class='ocrx_word' id='word_1_99' title='bbox 550 1107 680 1140; x_wconf 90' lang='lat' dir='ltr'>nunc</span> <span class='ocrx_word' id='word_1_100' title='bbox 712 1091 919 1139; x_wconf 87' lang='lat' dir='ltr'>mandat</span> <span class='ocrx_word' id='word_1_101' title='bbox 949 1106 1054 1140; x_wconf 89' lang='lat' dir='ltr'>esse</span> <span class='ocrx_word' id='word_1_102' title='bbox 1086 1091 1408 1153; x_wconf 82' lang='lat' dir='ltr'>servandum3</span> <span class='ocrx_word' id='word_1_103' title='bbox 1440 1107 1593 1154; x_wconf 86' lang='lat' dir='ltr'>supra</span> <span class='ocrx_word' id='word_1_104' title='bbox 1625 1085 1783 1159; x_wconf 86' lang='lat'>(506)</span> <span class='ocrx_word' id='word_1_105' title='bbox 1815 1095 1947 1141; x_wconf 90' lang='lat' dir='ltr'>enim</span> 
     </span>
     <span class='ocr_line' id='line_1_14' title="bbox 244 1165 1946 1229; baseline 0.001 -15"><span class='ocrx_word' id='word_1_106' title='bbox 244 1166 372 1214; x_wconf 87' lang='lat' dir='ltr'>dixit</span> <span class='ocrx_word' id='word_1_107' title='bbox 426 1168 521 1228; x_wconf 89' lang='lat' dir='ltr'>„tu</span> <span class='ocrx_word' id='word_1_108' title='bbox 574 1165 722 1229; x_wconf 90' lang='lat' dir='ltr'>pedes</span> <span class='ocrx_word' id='word_1_109' title='bbox 781 1166 845 1213; x_wconf 90' lang='lat' dir='ltr'>ad</span> <span class='ocrx_word' id='word_1_110' title='bbox 897 1180 1066 1214; x_wconf 90' lang='lat' dir='ltr'>muros</span> <span class='ocrx_word' id='word_1_111' title='bbox 1122 1165 1336 1214; x_wconf 85' lang='lat' dir='ltr'>subsiste</span> <span class='ocrx_word' id='word_1_112' title='bbox 1389 1167 1439 1213; x_wconf 92' lang='lat' dir='ltr'>et</span> <span class='ocrx_word' id='word_1_113' title='bbox 1492 1167 1690 1214; x_wconf 87' lang='lat' dir='ltr'>moenia</span> <span class='ocrx_word' id='word_1_114' title='bbox 1744 1165 1946 1215; x_wconf 84' lang='lat' dir='ltr'>serva“:</span> 
     </span>
     <span class='ocr_line' id='line_1_15' title="bbox 243 1239 1947 1304; baseline -0.001 -15"><span class='ocrx_word' id='word_1_115' title='bbox 243 1242 409 1303; x_wconf 88' lang='lat' dir='ltr'>prima</span> <span class='ocrx_word' id='word_1_116' title='bbox 447 1239 543 1288; x_wconf 88' lang='lat' dir='ltr'>erit</span> <span class='ocrx_word' id='word_1_117' title='bbox 581 1240 744 1304; x_wconf 88' lang='lat' dir='ltr'>gloria</span> <span class='ocrx_word' id='word_1_118' title='bbox 781 1254 995 1302; x_wconf 87' lang='lat' dir='ltr'>parsque</span> <span class='ocrx_word' id='word_1_119' title='bbox 1033 1240 1251 1287; x_wconf 87' lang='lat' dir='ltr'>maxima</span> <span class='ocrx_word' id='word_1_120' title='bbox 1290 1240 1551 1301; x_wconf 88' lang='lat' dir='ltr'>victoriae,</span> <span class='ocrx_word' id='word_1_121' title='bbox 1591 1240 1635 1288; x_wconf 90' lang='lat' dir='ltr'>si</span> <span class='ocrx_word' id='word_1_122' title='bbox 1673 1239 1737 1288; x_wconf 88' lang='lat' dir='ltr'>ad</span> <span class='ocrx_word' id='word_1_123' title='bbox 1774 1240 1947 1289; x_wconf 90' lang='lat' dir='ltr'>urbem</span> 
     </span>
     <span class='ocr_line' id='line_1_16' title="bbox 243 1313 2019 1377; baseline 0 -15"><span class='ocrx_word' id='word_1_124' title='bbox 243 1331 345 1363; x_wconf 89' lang='lat' dir='ltr'>non</span> <span class='ocrx_word' id='word_1_125' title='bbox 383 1314 580 1363; x_wconf 84' lang='lat' dir='ltr'>sinatur</span> <span class='ocrx_word' id='word_1_126' title='bbox 616 1315 776 1362; x_wconf 90' lang='lat' dir='ltr'>hostis</span> <span class='ocrx_word' id='word_1_127' title='bbox 817 1313 1056 1363; x_wconf 83' lang='lat' dir='ltr'>accedere.</span> <span class='ocrx_word' id='word_1_128' title='bbox 1112 1313 1239 1362; x_wconf 90' lang='lat' dir='ltr'>sciat</span> <span class='ocrx_word' id='word_1_129' title='bbox 1267 1330 1346 1362; x_wconf 93' lang='lat' dir='ltr'>me</span> <span class='ocrx_word' id='word_1_130' title='bbox 1376 1314 1462 1362; x_wconf 89' lang='lat' dir='ltr'>ille</span> <span class='ocrx_word' id='word_1_131' title='bbox 1494 1317 1746 1376; x_wconf 88' lang='lat' dir='ltr'>susceptas</span> <span class='ocrx_word' id='word_1_132' title='bbox 1785 1315 1944 1377; x_wconf 90' lang='lat' dir='ltr'>partis</span> <span class='ocrx_word' id='word_1_133' title='bbox 1977 1328 2019 1362; x_wconf 76' lang='lat'>15</span> 
     </span>
     <span class='ocr_line' id='line_1_17' title="bbox 243 1387 1945 1451; baseline 0 -15"><span class='ocrx_word' id='word_1_134' title='bbox 243 1405 344 1437; x_wconf 90' lang='lat' dir='ltr'>non</span> <span class='ocrx_word' id='word_1_135' title='bbox 381 1389 641 1438; x_wconf 84' lang='lat' dir='ltr'>voluntate</span> <span class='ocrx_word' id='word_1_136' title='bbox 678 1387 961 1451; x_wconf 84' lang='lat' dir='ltr'>reliquisse,</span> <span class='ocrx_word' id='word_1_137' title='bbox 1009 1388 1096 1436; x_wconf 89' lang='lat' dir='ltr'>sed</span> <span class='ocrx_word' id='word_1_138' title='bbox 1131 1390 1313 1449; x_wconf 80' lang='lat' dir='ltr'>morte,</span> <span class='ocrx_word' id='word_1_139' title='bbox 1354 1388 1585 1451; x_wconf 88' lang='lat' dir='ltr'>quocirca</span> <span class='ocrx_word' id='word_1_140' title='bbox 1624 1389 1856 1437; x_wconf 80' lang='lat' dir='ltr'>succedat</span> <span class='ocrx_word' id='word_1_141' title='bbox 1892 1389 1945 1436; x_wconf 91' lang='lat' dir='ltr'>in</span> 
     </span>
     <span class='ocr_line' id='line_1_18' title="bbox 244 1462 1942 1512; baseline 0 -1"><span class='ocrx_word' id='word_1_142' title='bbox 244 1462 632 1512; x_wconf 88' lang='lat' dir='ltr'>sollicitudinem</span> <span class='ocrx_word' id='word_1_143' title='bbox 661 1464 890 1510; x_wconf 89' lang='lat' dir='ltr'>mortuae</span> <span class='ocrx_word' id='word_1_144' title='bbox 922 1463 973 1509; x_wconf 91' lang='lat' dir='ltr'>et</span> <span class='ocrx_word' id='word_1_145' title='bbox 1003 1463 1119 1509; x_wconf 88' lang='lat' dir='ltr'>ante</span> <span class='ocrx_word' id='word_1_146' title='bbox 1152 1463 1320 1510; x_wconf 90' lang='lat' dir='ltr'>omnia</span> <span class='ocrx_word' id='word_1_147' title='bbox 1349 1462 1523 1511; x_wconf 80' lang='lat' dir='ltr'>urbem</span> <span class='ocrx_word' id='word_1_148' title='bbox 1555 1479 1585 1511; x_wconf 87' lang='lat' dir='ltr'>a</span> <span class='ocrx_word' id='word_1_149' title='bbox 1616 1463 1942 1511; x_wconf 86' lang='lat' dir='ltr'>Troianorum</span> 
     </span>
     <span class='ocr_line' id='line_1_19' title="bbox 243 1536 1945 1599; baseline 0 -15"><span class='ocrx_word' id='word_1_150' title='bbox 243 1537 502 1586; x_wconf 85' lang='lat' dir='ltr'>invasione</span> <span class='ocrx_word' id='word_1_151' title='bbox 543 1536 789 1584; x_wconf 86' lang='lat' dir='ltr'>defendat.</span> <span class='ocrx_word' id='word_1_152' title='bbox 866 1536 1060 1595; x_wconf 75' lang='lat' dir='ltr'>iamque</span> <span class='ocrx_word' id='word_1_153' title='bbox 1097 1536 1229 1584; x_wconf 78' lang='lat' dir='ltr'>vale:</span> <span class='ocrx_word' id='word_1_154' title='bbox 1269 1552 1381 1583; x_wconf 89' lang='lat' dir='ltr'>cum</span> <span class='ocrx_word' id='word_1_155' title='bbox 1419 1538 1634 1585; x_wconf 83' lang='lat' dir='ltr'>ulterius</span> <span class='ocrx_word' id='word_1_156' title='bbox 1672 1537 1815 1599; x_wconf 89' lang='lat' dir='ltr'>loqui</span> <span class='ocrx_word' id='word_1_157' title='bbox 1844 1553 1945 1584; x_wconf 88' lang='lat' dir='ltr'>non</span> 
     </span>
     <span class='ocr_line' id='line_1_20' title="bbox 244 1609 1944 1674; baseline -0.001 -14"><span class='ocrx_word' id='word_1_158' title='bbox 244 1613 435 1674; x_wconf 82' lang='lat' dir='ltr'>posset,</span> <span class='ocrx_word' id='word_1_159' title='bbox 476 1613 694 1659; x_wconf 83' lang='lat' dir='ltr'>extremo</span> <span class='ocrx_word' id='word_1_160' title='bbox 733 1609 883 1659; x_wconf 86' lang='lat' dir='ltr'>verbo</span> <span class='ocrx_word' id='word_1_161' title='bbox 925 1610 996 1657; x_wconf 89' lang='lat' dir='ltr'>ait</span> <span class='ocrx_word' id='word_1_162' title='bbox 1033 1611 1136 1658; x_wconf 90' lang='lat' dir='ltr'>iam</span> <span class='ocrx_word' id='word_1_163' title='bbox 1173 1610 1299 1658; x_wconf 87' lang='lat' dir='ltr'>vale.</span> <span class='ocrx_word' id='word_1_164' title='bbox 1375 1611 1524 1658; x_wconf 80' lang='lat' dir='ltr'>simul</span> <span class='ocrx_word' id='word_1_165' title='bbox 1560 1611 1636 1658; x_wconf 79' lang='lat' dir='ltr'>his</span> <span class='ocrx_word' id='word_1_166' title='bbox 1675 1611 1815 1658; x_wconf 82' lang='lat' dir='ltr'>dictis</span> <span class='ocrx_word' id='word_1_167' title='bbox 1854 1611 1944 1658; x_wconf 86' lang='lat' dir='ltr'>lin-</span> 
     </span>
     <span class='ocr_line' id='line_1_21' title="bbox 245 1685 2020 1749; baseline -0.001 -16"><span class='ocrx_word' id='word_1_168' title='bbox 245 1686 419 1747; x_wconf 76' lang='lat' dir='ltr'>quebat</span> <span class='ocrx_word' id='word_1_169' title='bbox 466 1686 683 1733; x_wconf 75' lang='lat' dir='ltr'>habenas</span> <span class='ocrx_word' id='word_1_170' title='bbox 733 1685 800 1732; x_wconf 91' lang='lat' dir='ltr'>ad</span> <span class='ocrx_word' id='word_1_171' title='bbox 851 1687 1033 1732; x_wconf 85' lang='lat' dir='ltr'>terram</span> <span class='ocrx_word' id='word_1_172' title='bbox 1076 1698 1177 1731; x_wconf 90' lang='lat' dir='ltr'>non</span> <span class='ocrx_word' id='word_1_173' title='bbox 1213 1687 1381 1744; x_wconf 82' lang='lat' dir='ltr'>sponte</span> <span class='ocrx_word' id='word_1_174' title='bbox 1417 1686 1599 1742; x_wconf 77' lang='lat' dir='ltr'>fluens:</span> <span class='ocrx_word' id='word_1_175' title='bbox 1644 1685 1765 1746; x_wconf 86' lang='lat' dir='ltr'>quia</span> <span class='ocrx_word' id='word_1_176' title='bbox 1802 1701 1943 1749; x_wconf 89' lang='lat' dir='ltr'>urge·</span> <span class='ocrx_word' id='word_1_177' title='bbox 1977 1699 2020 1732; x_wconf 73' lang='lat' dir='ltr'>eo</span> 
     </span>
     <span class='ocr_line' id='line_1_22' title="bbox 244 1757 1946 1822; baseline -0.001 -15"><span class='ocrx_word' id='word_1_178' title='bbox 244 1760 395 1808; x_wconf 89' lang='lat' dir='ltr'>batur</span> <span class='ocrx_word' id='word_1_179' title='bbox 443 1760 590 1822; x_wconf 89' lang='lat' dir='ltr'>pleno</span> <span class='ocrx_word' id='word_1_180' title='bbox 635 1759 777 1807; x_wconf 72' lang='lat' dir='ltr'>&#39;exitu</span> <span class='ocrx_word' id='word_1_181' title='bbox 827 1758 1042 1819; x_wconf 86' lang='lat' dir='ltr'>animae,</span> <span class='ocrx_word' id='word_1_182' title='bbox 1088 1760 1138 1806; x_wconf 88' lang='lat' dir='ltr'>et</span> <span class='ocrx_word' id='word_1_183' title='bbox 1181 1757 1400 1806; x_wconf 88' lang='lat' dir='ltr'>habenas</span> <span class='ocrx_word' id='word_1_184' title='bbox 1447 1759 1550 1806; x_wconf 91' lang='lat' dir='ltr'>iam</span> <span class='ocrx_word' id='word_1_185' title='bbox 1587 1758 1859 1821; x_wconf 89' lang='lat' dir='ltr'>reliquerat</span> <span class='ocrx_word' id='word_1_186' title='bbox 1896 1761 1946 1807; x_wconf 91' lang='lat' dir='ltr'>et</span> 
     </span>
     <span class='ocr_line' id='line_1_23' title="bbox 244 1832 1946 1893; baseline -0.001 -12"><span class='ocrx_word' id='word_1_187' title='bbox 244 1835 407 1882; x_wconf 87' lang='lat' dir='ltr'>invita</span> <span class='ocrx_word' id='word_1_188' title='bbox 444 1833 631 1882; x_wconf 85' lang='lat' dir='ltr'>fluebat</span> <span class='ocrx_word' id='word_1_189' title='bbox 666 1832 720 1880; x_wconf 89' lang='lat' dir='ltr'>in</span> <span class='ocrx_word' id='word_1_190' title='bbox 757 1834 956 1880; x_wconf 90' lang='lat' dir='ltr'>terram.</span> <span class='ocrx_word' id='word_1_191' title='bbox 1012 1836 1114 1879; x_wconf 83' lang='lat' dir='ltr'>twm</span> <span class='ocrx_word' id='word_1_192' title='bbox 1150 1832 1339 1892; x_wconf 61' lang='lat' dir='ltr'>frigida</span> <span class='ocrx_word' id='word_1_193' title='bbox 1376 1835 1468 1880; x_wconf 86' lang='lat' dir='ltr'>toto</span> <span class='ocrx_word' id='word_1_194' title='bbox 1491 1833 1742 1893; x_wconf 77' lang='lat' dir='ltr'>paulatim</span> <span class='ocrx_word' id='word_1_195' title='bbox 1773 1833 1946 1880; x_wconf 78' lang='lat' dir='ltr'>exolvit</span> 
     </span>
     <span class='ocr_line' id='line_1_24' title="bbox 245 1905 1944 1969; baseline -0.001 -14"><span class='ocrx_word' id='word_1_196' title='bbox 245 1922 297 1956; x_wconf 85' lang='lat' dir='ltr'>se</span> <span class='ocrx_word' id='word_1_197' title='bbox 347 1922 565 1967; x_wconf 86' lang='lat' dir='ltr'>corpore:</span> <span class='ocrx_word' id='word_1_198' title='bbox 613 1906 861 1969; x_wconf 87' lang='lat' dir='ltr'>paulatim</span> <span class='ocrx_word' id='word_1_199' title='bbox 910 1905 1165 1954; x_wconf 89' lang='lat' dir='ltr'>recedente</span> <span class='ocrx_word' id='word_1_200' title='bbox 1216 1906 1378 1954; x_wconf 86' lang='lat' dir='ltr'>calore</span> <span class='ocrx_word' id='word_1_201' title='bbox 1428 1908 1647 1969; x_wconf 91' lang='lat' dir='ltr'>corporis</span> <span class='ocrx_word' id='word_1_202' title='bbox 1696 1906 1944 1969; x_wconf 87' lang='lat' dir='ltr'>paulatim</span> 
     </span>
    </p>

    <p class='ocr_par' dir='ltr' id='par_1_4' title="bbox 140 1981 2019 2561">
     <span class='ocr_line' id='line_1_25' title="bbox 140 1981 1945 2045; baseline -0.001 -15"><span class='ocrx_word' id='word_1_203' title='bbox 140 1990 227 2030; x_wconf 87' lang='lat'>830</span> <span class='ocrx_word' id='word_1_204' title='bbox 246 1981 555 2045; x_wconf 86' lang='lat' dir='ltr'>frigescebat.</span> <span class='ocrx_word' id='word_1_205' title='bbox 646 1981 866 2040; x_wconf 77' lang='lat' dir='ltr'>lentaque</span> <span class='ocrx_word' id='word_1_206' title='bbox 916 1981 1040 2028; x_wconf 91' lang='lat' dir='ltr'>colla</span> <span class='ocrx_word' id='word_1_207' title='bbox 1090 1983 1134 2028; x_wconf 82' lang='lat' dir='ltr'>et</span> <span class='ocrx_word' id='word_1_208' title='bbox 1182 1984 1377 2041; x_wconf 78' lang='lat' dir='ltr'>captum</span> <span class='ocrx_word' id='word_1_209' title='bbox 1427 1981 1515 2028; x_wconf 87' lang='lat' dir='ltr'>leto</span> <span class='ocrx_word' id='word_1_210' title='bbox 1555 1981 1726 2040; x_wconf 76' lang='lat' dir='ltr'>posuit</span> <span class='ocrx_word' id='word_1_211' title='bbox 1777 1984 1945 2041; x_wconf 76' lang='lat' dir='ltr'>capnt.-</span> 
     </span>
     <span class='ocr_line' id='line_1_26' title="bbox 246 2053 2019 2119; baseline -0.002 -16"><span class='ocrx_word' id='word_1_212' title='bbox 246 2070 378 2103; x_wconf 89' lang='lat' dir='ltr'>mors</span> <span class='ocrx_word' id='word_1_213' title='bbox 418 2055 602 2117; x_wconf 87' lang='lat' dir='ltr'>quippe</span> <span class='ocrx_word' id='word_1_214' title='bbox 643 2056 794 2104; x_wconf 86' lang='lat' dir='ltr'>solvit</span> <span class='ocrx_word' id='word_1_215' title='bbox 832 2055 999 2102; x_wconf 92' lang='lat' dir='ltr'>omnia</span> <span class='ocrx_word' id='word_1_216' title='bbox 1045 2070 1170 2116; x_wconf 87' lang='lat' dir='ltr'>quae</span> <span class='ocrx_word' id='word_1_217' title='bbox 1215 2053 1440 2118; x_wconf 79' lang='lat' dir='ltr'>vigorem</span> <span class='ocrx_word' id='word_1_218' title='bbox 1486 2056 1705 2118; x_wconf 89' lang='lat' dir='ltr'>corporis</span> <span class='ocrx_word' id='word_1_219' title='bbox 1749 2056 1943 2119; x_wconf 90' lang='lat' dir='ltr'>regunt.</span> <span class='ocrx_word' id='word_1_220' title='bbox 1975 2067 2019 2101; x_wconf 77' lang='lat'>25</span> 
     </span>
     <span class='ocr_line' id='line_1_27' title="bbox 247 2128 1943 2190; baseline -0.001 -13"><span class='ocrx_word' id='word_1_221' title='bbox 247 2144 391 2178; x_wconf 84' lang='lat' dir='ltr'>arma</span> <span class='ocrx_word' id='word_1_222' title='bbox 427 2130 732 2188; x_wconf 77' lang='lat' dir='ltr'>relinquant:</span> <span class='ocrx_word' id='word_1_223' title='bbox 778 2128 1060 2177; x_wconf 87' lang='lat' dir='ltr'>ceciderunt</span> <span class='ocrx_word' id='word_1_224' title='bbox 1106 2130 1155 2176; x_wconf 88' lang='lat' dir='ltr'>et</span> <span class='ocrx_word' id='word_1_225' title='bbox 1202 2144 1363 2190; x_wconf 89' lang='lat' dir='ltr'>arma,</span> <span class='ocrx_word' id='word_1_226' title='bbox 1411 2144 1524 2177; x_wconf 95' lang='lat' dir='ltr'>cum</span> <span class='ocrx_word' id='word_1_227' title='bbox 1570 2130 1691 2176; x_wconf 88' lang='lat' dir='ltr'>haec</span> <span class='ocrx_word' id='word_1_228' title='bbox 1736 2128 1943 2177; x_wconf 88' lang='lat' dir='ltr'>ulterius</span> 
     </span>
     <span class='ocr_line' id='line_1_28' title="bbox 245 2203 1943 2264; baseline -0.001 -12"><span class='ocrx_word' id='word_1_229' title='bbox 245 2206 415 2252; x_wconf 90' lang='lat' dir='ltr'>tenere</span> <span class='ocrx_word' id='word_1_230' title='bbox 453 2219 553 2251; x_wconf 91' lang='lat' dir='ltr'>non</span> <span class='ocrx_word' id='word_1_231' title='bbox 584 2205 763 2264; x_wconf 89' lang='lat' dir='ltr'>posset.</span> <span class='ocrx_word' id='word_1_232' title='bbox 819 2204 1012 2264; x_wconf 73' lang='lat' dir='ltr'>vitaque</span> <span class='ocrx_word' id='word_1_233' title='bbox 1050 2217 1159 2250; x_wconf 80' lang='lat' dir='ltr'>cwm</span> <span class='ocrx_word' id='word_1_234' title='bbox 1193 2203 1373 2263; x_wconf 73' lang='lat' dir='ltr'>yemitu</span> <span class='ocrx_word' id='word_1_235' title='bbox 1410 2203 1538 2264; x_wconf 72' lang='lat' dir='ltr'>fuyit</span> <span class='ocrx_word' id='word_1_236' title='bbox 1565 2203 1825 2263; x_wconf 75' lang='lat' dir='ltr'>indiynata</span> <span class='ocrx_word' id='word_1_237' title='bbox 1854 2204 1943 2251; x_wconf 77' lang='lat' dir='ltr'>sab</span> 
     </span>
     <span class='ocr_line' id='line_1_29' title="bbox 244 2276 1942 2340; baseline -0.001 -15"><span class='ocrx_word' id='word_1_238' title='bbox 244 2278 472 2326; x_wconf 82' lang='lat' dir='ltr'>wmbras:</span> <span class='ocrx_word' id='word_1_239' title='bbox 507 2276 710 2340; x_wconf 87' lang='lat' dir='ltr'>indigne</span> <span class='ocrx_word' id='word_1_240' title='bbox 757 2278 916 2325; x_wconf 87' lang='lat' dir='ltr'>ferens</span> <span class='ocrx_word' id='word_1_241' title='bbox 966 2277 1099 2338; x_wconf 89' lang='lat' dir='ltr'>quod</span> <span class='ocrx_word' id='word_1_242' title='bbox 1147 2276 1217 2326; x_wconf 89' lang='lat' dir='ltr'>sic</span> <span class='ocrx_word' id='word_1_243' title='bbox 1262 2276 1474 2338; x_wconf 88' lang='lat' dir='ltr'>perisset</span> <span class='ocrx_word' id='word_1_244' title='bbox 1518 2277 1693 2325; x_wconf 85' lang='lat' dir='ltr'>relicta</span> <span class='ocrx_word' id='word_1_245' title='bbox 1738 2277 1845 2324; x_wconf 81' lang='lat' dir='ltr'>vita</span> <span class='ocrx_word' id='word_1_246' title='bbox 1890 2277 1942 2323; x_wconf 92' lang='lat' dir='ltr'>in</span> 
     </span>
     <span class='ocr_line' id='line_1_30' title="bbox 245 2350 1942 2414; baseline -0.002 -14"><span class='ocrx_word' id='word_1_247' title='bbox 245 2351 474 2400; x_wconf 88' lang='lat' dir='ltr'>tenebras</span> <span class='ocrx_word' id='word_1_248' title='bbox 515 2350 817 2414; x_wconf 88' lang='lat' dir='ltr'>gemibunda</span> <span class='ocrx_word' id='word_1_249' title='bbox 855 2350 1083 2412; x_wconf 85' lang='lat' dir='ltr'>perrexit.</span> <span class='ocrx_word' id='word_1_250' title='bbox 1161 2354 1264 2398; x_wconf 76' lang='lat' dir='ltr'>tmn</span> <span class='ocrx_word' id='word_1_251' title='bbox 1300 2365 1411 2398; x_wconf 80' lang='lat' dir='ltr'>vero</span> <span class='ocrx_word' id='word_1_252' title='bbox 1450 2352 1702 2399; x_wconf 79' lang='lat' dir='ltr'>inmensus</span> <span class='ocrx_word' id='word_1_253' title='bbox 1739 2364 1942 2410; x_wconf 74' lang='lat' dir='ltr'>saryens</span> 
     </span>
     <span class='ocr_line' id='line_1_31' title="bbox 243 2417 2017 2491; baseline -0.002 -18"><span class='ocrx_word' id='word_1_254' title='bbox 243 2426 360 2485; x_wconf 77' lang='lat' dir='ltr'>ferit</span> <span class='ocrx_word' id='word_1_255' title='bbox 413 2439 567 2474; x_wconf 80' lang='lat' dir='ltr'>aurea</span> <span class='ocrx_word' id='word_1_256' title='bbox 613 2425 796 2472; x_wconf 84' lang='lat' dir='ltr'>clamor</span> <span class='ocrx_word' id='word_1_257' title='bbox 841 2425 1031 2472; x_wconf 83' lang='lat' dir='ltr'>sidera:</span> <span class='ocrx_word' id='word_1_258' title='bbox 1085 2424 1323 2487; x_wconf 90' lang='lat' dir='ltr'>quoniam</span> <span class='ocrx_word' id='word_1_259' title='bbox 1363 2440 1513 2486; x_wconf 89' lang='lat' dir='ltr'>supra</span> <span class='ocrx_word' id='word_1_260' title='bbox 1552 2417 1711 2491; x_wconf 83' lang='lat'>(805)</span> <span class='ocrx_word' id='word_1_261' title='bbox 1748 2423 1942 2472; x_wconf 80' lang='lat' dir='ltr'>&#39;dixerat</span> <span class='ocrx_word' id='word_1_262' title='bbox 1973 2437 2017 2470; x_wconf 76' lang='lat' dir='ltr'>so</span> 
     </span>
     <span class='ocr_line' id='line_1_32' title="bbox 246 2496 1942 2561; baseline -0.002 -13"><span class='ocrx_word' id='word_1_263' title='bbox 246 2500 585 2561; x_wconf 86' lang='lat' dir='ltr'>„concurrunt</span> <span class='ocrx_word' id='word_1_264' title='bbox 621 2498 843 2560; x_wconf 89' lang='lat' dir='ltr'>trepidae</span> <span class='ocrx_word' id='word_1_265' title='bbox 885 2499 1086 2547; x_wconf 89' lang='lat' dir='ltr'>comites</span> <span class='ocrx_word' id='word_1_266' title='bbox 1096 2498 1123 2521; x_wconf 92' lang='lat'>“</span> <span class='ocrx_word' id='word_1_267' title='bbox 1156 2500 1207 2546; x_wconf 93' lang='lat' dir='ltr'>et</span> <span class='ocrx_word' id='word_1_268' title='bbox 1235 2498 1477 2546; x_wconf 90' lang='lat' dir='ltr'>incertum</span> <span class='ocrx_word' id='word_1_269' title='bbox 1515 2498 1616 2547; x_wconf 79' lang='lat' dir='ltr'>fuit</span> <span class='ocrx_word' id='word_1_270' title='bbox 1655 2496 1775 2560; x_wconf 86' lang='lat' dir='ltr'>quid</span> <span class='ocrx_word' id='word_1_271' title='bbox 1812 2496 1942 2545; x_wconf 87' lang='lat' dir='ltr'>illud</span> 
     </span>
    </p>
   </div>
   <div class='ocr_carea' id='block_1_3' title="bbox 253 2592 607 2599">
    <p class='ocr_par' dir='ltr' id='par_1_5' title="bbox 253 2592 607 2599">
     <span class='ocr_line' id='line_1_33' title="bbox 253 2592 607 2599; baseline 0 0"><span class='ocrx_word' id='word_1_272' title='bbox 253 2592 607 2599; x_wconf 95' lang='lat' dir='ltr'> </span> 
     </span>
    </p>
   </div>
   <div class='ocr_carea' id='block_1_4' title="bbox 241 2652 1940 3004">
    <p class='ocr_par' dir='ltr' id='par_1_6' title="bbox 241 2652 1940 3004">
     <span class='ocr_line' id='line_1_34' title="bbox 364 2652 1937 2710; baseline -0.002 -12"><span class='ocrx_word' id='word_1_273' title='bbox 364 2659 388 2698; x_wconf 91' lang='lat'>1</span> <span class='ocrx_word' id='word_1_274' title='bbox 414 2659 744 2710; x_wconf 78' lang='lat' dir='ltr'>properantum</span> <span class='ocrx_word' id='word_1_275' title='bbox 776 2653 847 2697; x_wconf 87' lang='lat' dir='ltr'>ed.</span> <span class='ocrx_word' id='word_1_276' title='bbox 871 2655 991 2708; x_wconf 84' lang='lat' dir='ltr'>post.</span> <span class='ocrx_word' id='word_1_277' title='bbox 1118 2658 1144 2698; x_wconf 91' lang='lat'>8</span> <span class='ocrx_word' id='word_1_278' title='bbox 1171 2654 1496 2710; x_wconf 74' lang='lat' dir='ltr'>principaliter</span> <span class='ocrx_word' id='word_1_279' title='bbox 1521 2652 1563 2695; x_wconf 91' lang='lat' dir='ltr'><strong>V</strong></span> <span class='ocrx_word' id='word_1_280' title='bbox 1592 2653 1644 2696; x_wconf 89' lang='lat' dir='ltr'>in</span> <span class='ocrx_word' id='word_1_281' title='bbox 1669 2653 1836 2708; x_wconf 86' lang='lat' dir='ltr'>primis</span> <span class='ocrx_word' id='word_1_282' title='bbox 1867 2652 1937 2696; x_wconf 87' lang='lat' dir='ltr'>ed.</span> 
     </span>
     <span class='ocr_line' id='line_1_35' title="bbox 245 2710 1940 2770; baseline -0.001 -13"><span class='ocrx_word' id='word_1_283' title='bbox 245 2718 270 2757; x_wconf 84' lang='lat'>9</span> <span class='ocrx_word' id='word_1_284' title='bbox 309 2714 579 2758; x_wconf 86' lang='lat' dir='ltr'>invaderent</span> <span class='ocrx_word' id='word_1_285' title='bbox 614 2714 796 2757; x_wconf 86' lang='lat' dir='ltr'>inimici</span> <span class='ocrx_word' id='word_1_286' title='bbox 833 2713 904 2756; x_wconf 88' lang='lat' dir='ltr'>ed.</span> <span class='ocrx_word' id='word_1_287' title='bbox 1028 2717 1083 2756; x_wconf 92' lang='lat'>10</span> <span class='ocrx_word' id='word_1_288' title='bbox 1123 2714 1309 2770; x_wconf 73' lang='lat' dir='ltr'>deyebat</span> <span class='ocrx_word' id='word_1_289' title='bbox 1347 2711 1419 2756; x_wconf 87' lang='lat' dir='ltr'>bie</span> <span class='ocrx_word' id='word_1_290' title='bbox 1460 2726 1544 2756; x_wconf 86' lang='lat' dir='ltr'>scr.</span> <span class='ocrx_word' id='word_1_291' title='bbox 1574 2710 1628 2754; x_wconf 93' lang='lat' dir='ltr'>V.</span> <span class='ocrx_word' id='word_1_292' title='bbox 1752 2715 1806 2753; x_wconf 83' lang='lat'>12</span> <span class='ocrx_word' id='word_1_293' title='bbox 1850 2724 1940 2755; x_wconf 83' lang='lat' dir='ltr'>esse</span> 
     </span>
     <span class='ocr_line' id='line_1_36' title="bbox 245 2769 1938 2827; baseline -0.003 -10"><span class='ocrx_word' id='word_1_294' title='bbox 245 2787 332 2817; x_wconf 91' lang='lat' dir='ltr'>om.</span> <span class='ocrx_word' id='word_1_295' title='bbox 359 2773 430 2816; x_wconf 91' lang='lat' dir='ltr'>ed.</span> <span class='ocrx_word' id='word_1_296' title='bbox 524 2777 577 2815; x_wconf 84' lang='lat'>17</span> <span class='ocrx_word' id='word_1_297' title='bbox 610 2772 917 2816; x_wconf 80' lang='lat' dir='ltr'>sollicitudine</span> <span class='ocrx_word' id='word_1_298' title='bbox 938 2770 981 2814; x_wconf 93' lang='lat' dir='ltr'><strong>V</strong></span> <span class='ocrx_word' id='word_1_299' title='bbox 1005 2772 1075 2815; x_wconf 88' lang='lat' dir='ltr'>ed.</span> <span class='ocrx_word' id='word_1_300' title='bbox 1169 2776 1223 2815; x_wconf 82' lang='lat'>26</span> <span class='ocrx_word' id='word_1_301' title='bbox 1256 2772 1529 2827; x_wconf 78' lang='lat' dir='ltr'>relinquint,</span> <span class='ocrx_word' id='word_1_302' title='bbox 1561 2769 1644 2814; x_wconf 84' lang='lat' dir='ltr'>sed</span> <span class='ocrx_word' id='word_1_303' title='bbox 1676 2771 1938 2813; x_wconf 83' lang='lat' dir='ltr'>atramento</span> 
     </span>
     <span class='ocr_line' id='line_1_37' title="bbox 260 2828 1939 2888; baseline -0.002 -13"><span class='ocrx_word' id='word_1_304' title='bbox 260 2831 286 2858; x_wconf 78' lang='lat' dir='ltr'><strong>V</strong></span> <span class='ocrx_word' id='word_1_305' title='bbox 319 2845 554 2887; x_wconf 84' lang='lat' dir='ltr'>superpos.</span> <span class='ocrx_word' id='word_1_306' title='bbox 581 2830 623 2874; x_wconf 92' lang='lat' dir='ltr'><strong>V</strong></span> <span class='ocrx_word' id='word_1_307' title='bbox 651 2832 869 2887; x_wconf 78' lang='lat' dir='ltr'>relinquit</span> <span class='ocrx_word' id='word_1_308' title='bbox 898 2829 970 2874; x_wconf 86' lang='lat' dir='ltr'>ed.</span> <span class='ocrx_word' id='word_1_309' title='bbox 1023 2830 1027 2888; x_wconf 83' lang='grc' dir='ltr'>Ι</span> <span class='ocrx_word' id='word_1_310' title='bbox 1076 2833 1185 2875; x_wconf 81' lang='lat' dir='ltr'>haec</span> <span class='ocrx_word' id='word_1_311' title='bbox 1207 2830 1250 2873; x_wconf 95' lang='lat' dir='ltr'><strong>V</strong></span> <span class='ocrx_word' id='word_1_312' title='bbox 1281 2836 1323 2875; x_wconf 93' lang='lat' dir='ltr'>et</span> <span class='ocrx_word' id='word_1_313' title='bbox 1351 2831 1393 2874; x_wconf 80' lang='lat' dir='ltr'>h.</span> <span class='ocrx_word' id='word_1_314' title='bbox 1427 2830 1498 2874; x_wconf 91' lang='lat' dir='ltr'>ed.</span> <span class='ocrx_word' id='word_1_315' title='bbox 1622 2832 1678 2872; x_wconf 85' lang='lat'>28</span> <span class='ocrx_word' id='word_1_316' title='bbox 1716 2829 1866 2882; x_wconf 80' lang='lat' dir='ltr'>ferens</span> <span class='ocrx_word' id='word_1_317' title='bbox 1897 2828 1939 2872; x_wconf 96' lang='lat' dir='ltr'><strong>V</strong></span> 
     </span>
     <span class='ocr_line' id='line_1_38' title="bbox 241 2887 1936 2992; baseline -0.001 -59"><span class='ocrx_word' id='word_1_318' title='bbox 241 2891 440 2944; x_wconf 80' lang='lat' dir='ltr'>referens</span> <span class='ocrx_word' id='word_1_319' title='bbox 471 2890 542 2934; x_wconf 88' lang='lat' dir='ltr'>ed.</span> <span class='ocrx_word' id='word_1_320' title='bbox 558 2949 588 2992; x_wconf 74' lang='lat' dir='ltr'>d</span> <span class='ocrx_word' id='word_1_321' title='bbox 650 2894 705 2933; x_wconf 83' lang='lat'>29</span> <span class='ocrx_word' id='word_1_322' title='bbox 737 2889 1014 2947; x_wconf 73' lang='lat' dir='ltr'>qemebwnda</span> <span class='ocrx_word' id='word_1_323' title='bbox 1046 2890 1117 2934; x_wconf 91' lang='lat' dir='ltr'>ed.</span> <span class='ocrx_word' id='word_1_324' title='bbox 1235 2893 1290 2933; x_wconf 85' lang='lat'>30</span> <span class='ocrx_word' id='word_1_325' title='bbox 1323 2903 1461 2945; x_wconf 79' lang='lat' dir='ltr'>quam</span> <span class='ocrx_word' id='word_1_326' title='bbox 1490 2902 1633 2944; x_wconf 80' lang='lat' dir='ltr'>supra</span> <span class='ocrx_word' id='word_1_327' title='bbox 1663 2887 1835 2932; x_wconf 78' lang='lat' dir='ltr'>dixerit</span> <span class='ocrx_word' id='word_1_328' title='bbox 1865 2887 1936 2931; x_wconf 89' lang='lat' dir='ltr'>ed.</span> 
     </span>
     <span class='ocr_line' id='line_1_39' title="bbox 245 2951 601 3004; baseline 0.006 -12"><span class='ocrx_word' id='word_1_329' title='bbox 245 2954 299 2992; x_wconf 91' lang='lat'>31</span> <span class='ocrx_word' id='word_1_330' title='bbox 331 2951 495 3004; x_wconf 81' lang='lat' dir='ltr'>fwisset</span> <span class='ocrx_word' id='word_1_331' title='bbox 529 2962 553 2993; x_wconf 90' lang='lat' dir='ltr'>e</span> <span class='ocrx_word' id='word_1_332' title='bbox 591 2983 601 2993; x_wconf 89' lang='lat'><strong>.</strong></span> 
     </span>
    </p>
   </div>
  </div>
 </body>
</html>
