2050 3226
796 162 1101 208 AENEmos
1125 162 1212 207 vn
1745 167 1850 222 103

159 306 251 353 hoe
297 305 372 352 est
417 303 503 351 ubi
548 303 676 352 vites
723 305 1036 366 superessent
1085 303 1315 352 fiorentes
1354 302 1461 352 vini
1504 303 1753 367 ubertate,
1797 305 1853 354 hi

157 377 331 427 rastris
370 378 573 426 vertunt
617 376 788 426 vineta
831 377 1074 426 Massica.
1135 380 1179 426 et
1223 381 1341 437 quos
1386 377 1445 426 de
1490 378 1689 427 collibus
1739 379 1852 428 altis

157 451 385 500 Aurunci
431 452 606 500 misere
644 454 816 511 patres
863 451 1178 512 Sidicinaque
1224 452 1364 500 iuxta
1413 466 1626 511 aequora
1679 453 1853 512 quique

161 525 302 575 Cales
340 526 567 585 linquunt
603 525 856 585 amnisque
885 526 1059 574 vadosi
1089 526 1254 574 accola
1285 525 1537 583 Vulturni,
1567 527 1852 586 pariterque

108 612 126 644 5
155 600 402 649 Saticulus
429 614 574 661 asper
606 598 931 659 Oscorumque
959 614 1163 648 manus:
1200 600 1290 649 hos
1324 600 1484 648 omnis
1516 600 1853 665 congregabat
1871 609 1955 650 ”130

156 675 300 723 favor
329 674 500 723 Turni.
555 677 720 722 teretes
749 676 867 722 sunt
895 674 1076 722 aclides
1105 674 1206 722 illis
1244 674 1363 723 tela:
1393 689 1494 722 non
1522 675 1705 723 teretes
1736 676 1853 724 sunt

155 750 272 811 tela,
310 749 397 798 sed
433 749 537 798 tela
573 747 674 797 illis
714 747 897 797 aclides
938 750 1056 797 sunt
1084 750 1278 797 teretes,
1332 749 1418 796 secl
1446 749 1565 797 haec
1595 749 1718 797 lento
1748 763 1853 797 mos

156 826 225 871 est
261 827 433 883 aptare
469 822 685 884 flaqello:
732 822 827 871 hoe
873 823 1005 870 enim
1050 837 1204 888 genus
1251 823 1342 872 teli
1385 822 1585 888 flagello
1633 825 1853 886 aptatur,

154 899 212 946 ut
248 897 348 946 iaci
384 897 545 960 possit
582 899 634 945 et
671 896 919 945 destinata
957 898 1225 959 percutere.
1303 897 1470 946 laevas
1515 900 1678 946 caetra
1719 897 1853 958 teqit:

83 989 124 1021 10
154 972 322 1021 laevas
362 972 486 1021 satis
524 972 654 1035 tegit
691 973 871 1020 caetra.
947 971 1121 1031 falcati
1167 972 1434 1020 comminus
1480 985 1640 1020 enses:
1690 971 1852 1036 desig-

154 1046 319 1095 nando
370 1061 509 1095 enses
561 1045 780 1094 ostendit
829 1045 1044 1094 dexteris
1098 1045 1327 1095 manibus
1382 1045 1502 1094 ferri
1547 1061 1637 1094 nec
1682 1047 1852 1095 tamen

154 1123 336 1182 reetOS‚
374 1123 432 1169 ut
470 1134 576 1169 mos
617 1121 713 1181 est,
754 1119 840 1168 sed
879 1123 1109 1169 curvatos
1147 1121 1201 1168 in
1238 1121 1443 1169 modum
1480 1119 1638 1168 falcis.

271 1195 376 1243 Nec
436 1198 488 1242 tu
541 1194 843 1242 carminibus
901 1195 1082 1243 nostris
1141 1195 1354 1242 indictus
1408 1195 1588 1250 abibis,
1653 1192 1853 1242 Oebale:

153 1268 357 1331 pulchre
406 1269 590 1317 transit
639 1267 703 1317 ad
751 1267 900 1317 huius
949 1283 1151 1331 nomen3
1205 1284 1323 1317 nam
1368 1268 1490 1317 fecit
1535 1268 1681 1331 quasi
1727 1269 1851 1317 alte-

81 1360 123 1392 15
152 1342 255 1391 rius
324 1342 625 1392 narrationis
695 1344 871 1404 caput,
946 1358 1046 1391 non
1120 1346 1196 1408 te,
1269 1341 1457 1406 inquit,
1532 1341 1851 1404 praeterient,

154 1415 358 1478 Oebale,
406 1418 628 1466 carmina
668 1432 795 1464 mea.
872 1419 1030 1476 quem'
1052 1431 1311 1478 qenerasse
1351 1418 1534 1466 Tbelon
1577 1415 1852 1465 Sebetliricle

150 1492 366 1552 nympha
410 1493 591 1551 fertur:
641 1491 712 1539 sic
756 1489 907 1540 huius
955 1492 1196 1556 originem
1242 1494 1438 1554 narrat,
1484 1492 1543 1540 ut
1591 1506 1692 1539 non
1741 1506 1852 1554 pro·
1871 1496 1954 1536 735

151 1565 327 1614 batum
379 1565 475 1614 sibi
525 1564 717 1629 aliquid
767 1565 924 1627 dicat,
978 1565 1063 1615 sed
1114 1567 1347 1629 opinione
1397 1567 1711 1629 conpertum,
1764 1564 1853 1614 dat

151 1642 319 1688 tamen
355 1641 593 1702 temporis
633 1641 800 1704 signa,
838 1643 898 1688 ut
935 1640 1083 1688 fidem
1122 1641 1278 1689 faciat
1317 1639 1519 1689 auditis.
1579 1640 1850 1697 Teleboum,

79 1730 121 1762 20
150 1713 340 1776 inquit,
381 1712 601 1774 Capreas
640 1728 750 1762 cum
786 1728 939 1775 reqna
988 1718 1165 1763 teneret
1207 1715 1311 1763 iam
1355 1716 1542 1763 senior:
1592 1729 1704 1762 cum
1750 1714 1852 1762 iam

151 1788 350 1837 senibus
389 1788 553 1837 senior
588 1790 819 1853 regnaret
857 1788 993 1852 apud
1026 1788 1264 1851 Capreas,
1301 1789 1435 1837 hunc
1467 1805 1525 1836 ex
1562 1787 1850 1836 Sebethride

151 1863 373 1925 nympha
410 1864 646 1926 suscepit.
712 1864 899 1922 patriis
936 1864 1022 1912 secl
1058 1878 1158 1912 non
1197 1867 1242 1912 et
1267 1864 1405 1922 filius
1436 1864 1571 1911 arvis
1603 1865 1850 1912 contentus

153 1936 246 1984 late
283 1938 386 1985 iam
424 1940 526 1985 tum
563 1938 750 1985 dicione
789 1939 1040 1997 premebat
1074 1937 1351 1986 Sarrastris
1394 1938 1599 1997 populos
1645 1940 1690 1984 et
1727 1950 1850 1996 quae

150 2011 281 2071 riqat
326 2025 538 2070 aequora
583 2011 798 2069 SarnuS,
851 2012 1025 2072 quique
1069 2012 1265 2072 Rufras
1310 2012 1644 2071 Batulumque
1693 2013 1851 2058 tenent

78 2099 119 2132 25
152 2088 293 2144 atque
333 2100 457 2133 arva
499 2084 772 2143 Celemnae,
814 2089 857 2133 et
894 2100 1012 2145 quos
1048 2086 1307 2147 maliferae
1345 2086 1622 2146 despectant
1656 2085 1850 2132 moenia
1868 2089 1952 2128 740

150 2158 346 2208 Bellae:
398 2157 611 2208 Oebalus
659 2175 772 2208 cum
816 2159 963 2222 parvi
999 2160 1238 2223 penderet
1276 2159 1410 2223 quod
1457 2159 1553 2209 sibi
1591 2158 1851 2207 dimiserat

151 2235 314 2295 pater,
363 2234 527 2282 tenuit
582 2234 704 2282 haec
760 2234 870 2282 loca
928 2236 979 2282 et
1035 2251 1124 2298 per
1178 2251 1237 2282 ea
1292 2234 1528 2284 dilatavit
1583 2233 1849 2296 imperium

269 2394 294 2433 2
341 2391 494 2435 vineta
531 2389 575 2434 V
619 2391 854 2434 humentia
900 2390 971 2434 ed.
1115 2396 1143 2434 4
1189 2391 1358 2436 undosi
1395 2390 1451 2434 V.
1510 2389 1515 2449 Ι
1572 2389 1753 2434 ulturni
1791 2385 1846 2432 V.

152 2453 177 2492 6
216 2450 399 2494 achides
437 2450 563 2494 bellis
604 2449 654 2492 in
696 2449 887 2504 interpr.
925 2450 1118 2508 achydes
1148 2449 1203 2493 V.
1327 2454 1382 2494 10
1413 2450 1526 2504 fatis
1549 2448 1592 2492 V
1620 2449 1733 2493 satis
1764 2460 1847 2491 nos

151 2521 238 2551 om.
273 2508 344 2552 ed.
405 2508 410 2568 1
467 2514 620 2553 caetra
646 2508 688 2551 V
719 2510 838 2553 scuti
865 2522 1008 2566 qenus
1046 2509 1153 2552 add.
1188 2509 1260 2553 ed.
1320 2509 1323 2566 Ι
1381 2510 1580 2566 qeminos
1614 2520 1699 2562 pro
1731 2519 1847 2550 com-

149 2568 302 2612 minus
324 2567 380 2612 V.
467 2572 522 2611 13
553 2569 736 2612 habebis
766 2581 851 2623 pro
882 2569 1030 2613 abibis
1053 2567 1108 2612 V.
1195 2573 1252 2612 14
1282 2570 1391 2612 uius
1413 2581 1575 2612 nomen
1599 2566 1641 2609 V
1671 2567 1847 2609 temere

149 2628 263 2670 mut.
297 2626 368 2670 ed.
477 2631 532 2671 15
558 2628 837 2683 praeterient
859 2627 901 2671 V
926 2628 1244 2684 praeteribunt
1275 2628 1346 2672 ed.
1463 2631 1518 2670 16
1550 2626 1699 2670 thelon
1729 2625 1847 2668 sebe-

149 2685 295 2730 thricle
329 2685 372 2728 V
415 2686 472 2730 cf.
508 2690 608 2731 680.
732 2690 786 2729 19
825 2688 1037 2743 temporis
1076 2688 1212 2744 siqua
1246 2686 1288 2730 V
1328 2691 1531 2742 tempora
1570 2684 1641 2728 ed.
1693 2683 1698 2742 Ι
1757 2684 1847 2727 tela

151 2743 282 2788 boum
313 2744 366 2788 V.
491 2750 548 2790 20
577 2747 731 2802 inquit
769 2758 857 2789 om.
891 2746 963 2790 ed.
1086 2751 1139 2789 21
1180 2747 1363 2790 senibus
1399 2759 1485 2788 om.
1520 2743 1590 2788 ed.
1645 2743 1649 2801 f
1708 2747 1848 2798 caput

151 2816 370 2859 capraeas
403 2803 446 2847 V
483 2805 612 2860 apud
650 2805 851 2861 Capreas
888 2819 972 2848 nos
1015 2806 1143 2861 apud
1181 2819 1268 2850 om.
1304 2805 1396 2849 ed.:
1441 2803 1625 2846 adiecto
1663 2802 1847 2846 senibus

151 2861 206 2905 D.
241 2864 609 2918 comparativum
640 2863 875 2920 explicare
905 2863 1102 2908 videtur.
1218 2869 1273 2907 22
1301 2863 1454 2920 patris
1477 2861 1531 2905 V.
1647 2865 1703 2904 23
1735 2860 1845 2906 Sar-

151 2925 293 2966 rastes
324 2922 394 2966 ed.
518 2927 574 2966 24
611 2923 771 2977 rufras
810 2924 849 2978 (s
879 2936 1025 2979 prope
1055 2922 1271 2979 evanida)
1304 2922 1358 2966 V.
1403 2922 1407 2980 Ι
1457 2920 1773 2976 stabulumque
1803 2919 1845 2962 V

151 2979 462 3037 Batulumque
493 2982 563 3025 ed.
590 2996 687 3025 nos.
810 2986 865 3024 25
898 2983 1150 3027 caelemnae
1173 2981 1227 3025 V.
