2078 3260
87 1010 131 1042 10

87 1379 130 1412 15

86 1750 130 1783 20

86 2119 130 2152 25

86 2489 130 2522 30

797 188 1102 234 AENEmos
1133 188 1220 233 ΧΠ
1749 193 1857 246 613

163 345 223 378 ex
261 328 418 392 Lycia
455 330 506 377 et
542 327 795 391 Apollinis
846 328 978 393 agris
1024 329 1113 377 isti
1150 329 1350 377 fuerant
1386 329 1579 378 fratres.
1656 329 1862 392 Lyciam

162 419 330 452 caram
366 403 522 451 fuisse
561 403 787 466 Apollini
825 405 876 452 et
912 403 1168 466 propriam
1217 402 1370 452 etiam
1418 404 1472 450 in
1512 407 1692 465 quarto
1732 404 1860 452 libro

163 471 320 544 (143)
343 476 639 526 memoravit
668 477 835 526 dicens
867 477 1071 539 „qualis
1102 476 1189 525 ubi
1219 477 1477 526 hibernam
1500 476 1707 540 Lyciam
1729 479 1861 526 Xan-

161 551 334 614 thique
364 551 552 599 fluenta
585 551 767 600 deserit
805 566 863 599 ac
893 551 1076 599 Delum
1110 553 1388 600 maternam
1421 552 1595 601 invisit
1624 551 1863 614 Apollo“.

162 629 206 674 et
241 627 463 674 iwvenem
509 640 706 674 exosum
750 627 1070 686 nequicquam
1117 626 1243 674 bella
1278 626 1559 674 Menoeten:
1610 626 1862 675 Menoetes

162 715 363 763 quoque
393 715 571 762 perosa
600 699 787 748 habens
827 698 981 760 bella,
1021 715 1135 748 cum
1172 701 1384 748 inertem
1415 702 1630 749 aetatem
1667 700 1861 749 iuvenis

161 774 383 835 duceret,
414 790 505 836 pro
537 773 777 822 bellatore
808 775 1087 836 prostratus
1119 777 1208 822 est.
1264 775 1385 822 dicit
1421 790 1621 824 causam
1658 778 1864 837 propter

162 863 315 910 quam
351 849 541 896 frustra
579 847 851 896 ducebatur
895 848 958 895 ad
994 848 1206 910 bellum3
1254 849 1367 911 ipsa
1411 850 1545 897 enim
1582 849 1768 898 fecerat
1804 850 1863 896 ut

159 938 385 986 pugnare
438 923 678 971 nesciret:
738 921 964 979 Arcada,
1011 923 1237 982 piscosae
1290 924 1368 970 cui
1421 923 1602 971 circwm
1653 924 1863 981 flumina

159 996 358 1044 Lernae
380 1011 467 1044 ars
488 997 655 1056 fuerat
667 1009 955 1057 pauperque
970 996 1142 1044 domus
1163 1011 1251 1044 nec
1264 1000 1380 1044 nota
1389 1001 1637 1057 potentum
1655 1011 1863 1046 munera
1879 1006 1966 1046 520

161 1071 487 1130 conductaque
516 1074 662 1131 pater
699 1070 868 1118 tellure
904 1071 1104 1118 serebat.
1176 1070 1331 1119 Arcas
1373 1071 1490 1131 iste,
1536 1071 1725 1133 inquit,
1764 1071 1864 1120 fuit

159 1144 387 1207 piscandi
426 1160 620 1206 semper
658 1144 854 1193 deditus
893 1143 1081 1205 stadie,
1133 1145 1220 1206 qui
1271 1145 1432 1193 solum
1469 1146 1633 1194 lacum
1672 1145 1863 1194 Lernae

161 1221 212 1267 et
262 1219 464 1266 domum
513 1233 659 1267 suam
708 1233 977 1281 pauperem
1027 1217 1080 1265 id
1130 1221 1206 1267 est
1256 1222 1497 1283 angustae
1551 1219 1862 1268 substantiae

159 1295 390 1354 noverat,
428 1294 651 1342 nesciens
688 1307 890 1356 prorsus
923 1292 1046 1355 quid
1076 1291 1255 1341 divites
1296 1297 1500 1357 agerent
1528 1309 1619 1342 nec
1650 1294 1863 1342 alicuius

160 1367 411 1430 obsequiis
465 1367 686 1428 deditus,
735 1382 823 1415 nec
877 1367 1039 1416 solum
1087 1366 1194 1429 ipse
1243 1383 1435 1430 pauper
1482 1385 1656 1418 verum
1710 1369 1863 1416 etiam

159 1443 305 1504 pater
343 1442 469 1503 eius3
507 1457 626 1489 nam
654 1442 708 1489 in
738 1443 874 1489 terra
905 1441 1150 1489 conducta
1178 1441 1472 1490 morabatur
1502 1442 1625 1491 dans
1658 1458 1862 1506 operam

160 1515 432 1564 seminibus
455 1516 706 1564 iaciendis.
761 1530 871 1563 ecce
894 1512 1172 1564 verecunda
1194 1518 1464 1578 paupertas
1491 1517 1544 1564 in
1567 1517 1861 1565 necessitate

160 1591 328 1653 posita
364 1605 464 1638 non
504 1589 721 1651 quaesiit
757 1589 1093 1652 patrocinium
1131 1588 1323 1651 divitis,
1367 1606 1466 1638 non
1503 1591 1708 1639 maioris
1747 1591 1860 1640 sub-

160 1666 375 1712 stantiae
414 1664 718 1713 desideravit
755 1663 1020 1724 auxilium,
1063 1664 1273 1726 piscatio
1314 1665 1480 1712 alebat
1515 1665 1696 1727 filium,
1747 1681 1861 1714 con-

161 1738 415 1787 ductorem
442 1741 636 1801 patrem
667 1753 788 1802 ager
817 1737 1055 1800 pascebat
1085 1738 1276 1786 alienus
1308 1741 1359 1787 et
1387 1738 1494 1801 ipse
1517 1755 1617 1787 non
1641 1740 1861 1803 grandiS‚
1955 1752 1959 1757 ’

161 1812 247 1860 sed
296 1829 387 1875 pro
441 1812 770 1861 facultatibus
819 1813 1056 1875 pauperis
1108 1812 1486 1876 intellegendus.
1563 1815 1673 1876 quis
1728 1814 1861 1862 enim

159 1887 370 1949 pauperi
391 1901 633 1950 magnum
656 1887 876 1935 crederet
898 1885 1192 1948 praedium?
1242 1886 1552 1935 laudandum
1581 1887 1635 1935 in
1667 1887 1861 1938 duobus

158 1961 471 2021 institutum,
511 1975 634 2024 quos
673 1977 773 2010 non
804 1960 989 2023 polluit
1025 1959 1288 2009 necessitas
1322 1963 1410 2010 aut
1444 1962 1613 2024 aliquo
1644 1962 1724 2011 vel
1761 1963 1862 2012 levi

160 2034 341 2083 scelere
378 2035 674 2083 maculavit!
730 2050 789 2083 ac
824 2035 955 2082 velut
988 2035 1183 2082 inmissi
1221 2035 1428 2084 diversis
1454 2037 1687 2095 partibus
1723 2037 1861 2098 iynes

160 2112 375 2157 arentem
410 2109 465 2156 in
502 2109 680 2157 silvam
718 2113 762 2157 et
797 2109 1009 2169 viryulta
1053 2110 1283 2157 sonantia
1321 2110 1483 2166 laur0,
1533 2114 1621 2158 aut
1655 2111 1742 2158 ubi
1779 2111 1859 2159 de-

160 2196 308 2230 cursu
337 2183 512 2243 rapido
544 2183 603 2231 de
631 2184 875 2231 montibus
906 2182 1019 2230 altis
1050 2182 1172 2230 dant
1200 2184 1412 2231 sonitum
1441 2186 1660 2244 spumosi
1690 2199 1860 2233 amnes

160 2260 204 2304 et
239 2257 294 2304 in
332 2270 545 2316 aequora
591 2260 814 2312 currunt,
862 2256 1061 2316 quisque
1105 2271 1249 2304 suwm
1288 2258 1556 2318 populatus
1599 2260 1711 2306 iter:
1759 2273 1857 2306 non
1875 2266 1960 2305 525

158 2331 355 2391 seynius
397 2331 559 2386 ambe,
599 2329 796 2379 Aeneas
836 2331 1148 2388 Turnusque,
1186 2335 1340 2379 ruunt
1382 2332 1437 2379 in
1474 2333 1687 2392 proelia,
1727 2347 1859 2381 nunc

158 2419 291 2452 nunc
312 2406 517 2462 fluctuat
542 2405 625 2452 ira
653 2405 800 2460 intuS,
832 2406 1130 2464 rumpuntur
1150 2406 1316 2453 nescia
1337 2407 1468 2453 vinci
1490 2409 1701 2466 pectora,
1727 2421 1859 2454 nunc

159 2480 268 2526 totis
297 2479 351 2526 in
381 2478 588 2526 vulnera
617 2479 806 2526 viribus
834 2478 961 2525 itwr:
992 2477 1114 2526 duas
1146 2478 1373 2528 flammas
1406 2480 1724 2543 diversosque
1754 2483 1856 2528 tor-

158 2553 313 2600 rentis
364 2551 557 2600 duobus
607 2553 728 2600 viris
767 2551 981 2600 fortibus
1030 2555 1345 2616 conparavit3
1395 2570 1511 2602 nam
1561 2569 1659 2615 quo
1707 2554 1856 2603 modo

159 2627 388 2674 flammae
428 2628 725 2674 consumunt
763 2625 1003 2688 quicquid
1041 2629 1310 2676 occurrerit
1352 2630 1402 2675 et
1439 2630 1681 2676 torrentes
1723 2629 1855 2690 quic-

281 2772 304 2810 1
338 2767 535 2823 apollini
555 2768 736 2811 saevisti
762 2765 799 2809 V
823 2768 903 2812 isti
925 2780 1013 2812 om.
1039 2768 1111 2812 ed.
1202 2774 1231 2812 4
1261 2770 1433 2813 invasit
1457 2767 1496 2811 V
1520 2769 1570 2812 in
1593 2768 1656 2812 IV
1679 2771 1852 2814 invisit.

160 2830 187 2868 5
228 2826 481 2870 Menoetem
523 2825 594 2869 ed.
717 2829 772 2869 19
814 2826 1128 2872 conductorem
1163 2827 1204 2870 V
1244 2833 1347 2872 -tus
1384 2827 1456 2872 ed.
1579 2832 1636 2870 20
1674 2829 1855 2873 alienus

162 2898 249 2928 om.
283 2885 354 2929 ed.
469 2889 522 2927 21
551 2898 733 2941 pauper
762 2886 814 2929 in
836 2885 878 2929 V
902 2899 1016 2932 corr.
1047 2887 1118 2931 ed.
1235 2891 1290 2930 23
1322 2887 1532 2931 vellevis
1561 2887 1697 2931 celere
1721 2887 1762 2929 V
1793 2888 1851 2931 cf.

163 2947 203 2996 3,
239 2947 320 2987 181
357 2949 614 3000 paupertas
649 2945 807 2989 scelere
844 2945 916 2989 ed.
1038 2949 1095 2989 28
1125 2946 1177 2989 in
1203 2946 1379 3001 proelia
1404 2945 1445 2987 V
1470 2959 1555 3001 per
1579 2960 1652 3002 pr.
1685 2947 1853 3002 optimi

161 3001 299 3059 Verg.
332 3002 454 3047 libri.
505 3004 510 3061 Ι
558 3017 682 3047 nwnc
713 3003 856 3047 semel
887 3018 971 3048 scr.
998 3004 1052 3048 V.
