2050 3226
203 163 313 216 434
683 161 916 206 DONATI
945 161 1226 206 JNTERPR.
1250 160 1429 206 VERG.

205 317 333 363 quae
372 300 651 366 legentibus
690 301 954 348 familiaris
994 303 1082 348 est.
1145 299 1266 362 quid
1305 301 1437 348 enim
1476 316 1600 363 opus
1640 302 1748 349 erat
1786 317 1898 350 con-

203 375 357 438 plecti
394 390 617 424 sermone
654 375 787 437 quod
826 391 885 422 ex
924 374 1023 421 diei
1060 389 1189 423 novo
1229 375 1345 422 ortu
1381 374 1582 438 probari
1611 375 1780 438 potuit
1818 391 1897 422 ex·

203 448 401 498 titisse?
467 452 577 497 orta
614 449 770 512 igitur
807 449 973 496 fuerat
1018 447 1103 494 lux
1149 448 1282 496 alma
1330 447 1526 510 quidem
1573 449 1666 497 hoc
1711 451 1787 498 est
1822 449 1897 496 in-

203 523 376 572 lustris
416 525 467 571 et
504 523 662 584 clara,
711 521 796 570 sed
833 522 1104 585 inportuna
1140 521 1447 586 hominibus,
1498 522 1728 585 quotiens
1767 524 1900 571 enim

205 597 375 646 existit
411 597 562 646 refert
601 611 750 658 opera
789 597 839 643 et
868 595 1062 644 labores
1100 611 1191 644 nec
1226 595 1347 645 sinit
1382 595 1437 644 in
1475 596 1577 645 otio
1609 612 1713 645 esse
1752 597 1898 645 mori·
1952 611 1975 651 5,

204 673 360 720 turos.
435 672 538 719 iam
576 673 721 729 pater
765 667 984 726 Aeneae,
1036 670 1139 717 iam
1194 684 1338 718 curvo
1389 671 1443 718 in
1493 671 1628 719 litore
1675 671 1900 719 Tarchon

103 754 187 794 185
206 747 487 794 constituere
517 758 701 804 pyras:
748 744 972 792 confecta
1009 743 1296 792 narratione
1331 743 1629 807 interposita
1667 761 1796 807 quae
1835 743 1900 793 ad

157 838 162 841 ’
205 821 356 868 funus
381 818 625 866 Pallantis
656 817 939 880 pertinebat
960 817 1092 866 redit
1115 817 1179 866 ad
1203 818 1485 868 ordinatam
1510 819 1899 881 dispositionem,

205 896 263 942 ut
302 894 579 941 ceterorum
618 907 816 954 quoque
855 891 1103 940 describat
1141 893 1386 954 exequias.
1461 892 1679 955 Aeneas,
1717 894 1900 956 inquit,

207 969 256 1016 et
294 967 521 1015 Tarchon
558 965 612 1013 in
649 968 758 1028 ipso
797 966 924 1014 lucis
965 967 1139 1014 exortu
1177 968 1460 1015 struxerant
1503 982 1654 1030 pyras
1693 967 1787 1015 hoc
1825 969 1902 1015 est
1931 981 1997 1025 10,

204 1043 315 1090 loca
347 1041 525 1104 quibus
555 1040 753 1088 incendi
783 1041 962 1088 funera
990 1039 1284 1102 potuissent.
1344 1041 1438 1088 huc
1469 1055 1672 1101 corpora
1702 1042 1901 1102 quisque
1993 1035 1995 1037 ’

204 1130 406 1163 suorum
456 1128 587 1162 more
623 1114 774 1162 tulere
806 1118 1032 1174 patrum.-
1085 1129 1289 1163 suorum
1333 1130 1540 1177 corpora
1589 1130 1651 1162 an
1700 1130 1902 1163 suorum

204 1191 409 1252 patrum
445 1204 580 1236 more
618 1187 862 1236 incertum
901 1190 996 1250 est,
1035 1188 1123 1237 sed
1158 1188 1337 1238 melius
1377 1190 1452 1237 est
1490 1188 1560 1237 sic
1598 1188 1901 1252 intellegere,

204 1266 265 1312 ut
303 1279 506 1312 suorum
545 1278 752 1325 corpora
789 1263 1131 1325 unusquisque
1166 1263 1338 1312 tulisse
1369 1262 1600 1311 videatur
1630 1262 1902 1311 secundm

204 1339 407 1400 patrum
459 1352 667 1398 morem,
720 1338 946 1399 quamvis
999 1337 1151 1385 etiam
1204 1337 1276 1386 sic
1327 1336 1489 1399 possit
1540 1336 1788 1400 intellegi,
1844 1339 1903 1385 ut
1933 1351 2001 1399 15„-

207 1427 411 1460 suorum
448 1427 547 1459 non
586 1411 738 1459 semel
778 1410 1076 1474 accipiatur,
1124 1411 1313 1459 scilicet
1358 1413 1418 1459 ut
1455 1426 1656 1459 suorum
1695 1427 1902 1473 corpora
1991 1404 1995 1407 ⁴

208 1485 433 1549 singulae
482 1487 650 1548 partes
697 1484 905 1534 tulerint
951 1485 1014 1533 ad
1059 1500 1207 1548 rogos
1253 1487 1456 1548 patrum
1506 1501 1708 1534 suorum
1751 1500 1900 1532 more.

208 1560 387 1623 quodsi
408 1559 482 1607 ita
506 1561 672 1622 placet
694 1560 942 1623 intellegi,
978 1574 1281 1621 consequens
1313 1561 1389 1608 est
1419 1561 1477 1607 ut
1505 1560 1559 1607 in
1584 1559 1901 1622 exportandis

207 1633 463 1682 funeribus
503 1634 723 1683 diversus
761 1634 983 1696 partium
1018 1632 1169 1680 fuerit
1205 1649 1312 1682 mos
1352 1635 1501 1696 atque
1534 1633 1680 1681 aliter
1710 1633 1901 1694 Teucri,

208 1708 355 1756 aliter
378 1707 623 1770 Tyrrheni
652 1708 839 1756 vexisse
870 1707 1147 1756 videantur.
1209 1707 1523 1767 subiectisque
1552 1708 1747 1768 iynibus
1779 1708 1901 1755 atris
1933 1723 2003 1773 20„

208 1783 429 1830 conditur
466 1783 519 1829 in
551 1783 772 1830 tenebras
804 1782 958 1830 altum
988 1781 1193 1842 caliyiue
1224 1781 1433 1829 caelum:
1470 1797 1570 1829 non
1600 1782 1780 1829 natura
1811 1796 1901 1828 sua
2002 1772 2005 1775 “

207 1856 336 1919 ignis
377 1857 543 1904 fuerat
581 1857 745 1920 niger,
794 1856 878 1904 sed
923 1871 982 1903 ex
1020 1854 1259 1903 viridibus
1299 1854 1449 1918 lignis
1492 1855 1668 1904 emisso
1707 1855 1902 1919 ingenti

208 1930 344 1977 fumo
384 1929 629 1991 fuscatus,
675 1945 834 1992 usque
874 1930 995 1978 adeo
1042 1932 1101 1977 ut
1139 1929 1330 1977 eaelum
1369 1945 1567 1992 quoque
1606 1929 1766 1978 videri
1802 1944 1902 1976 non

209 2005 389 2066 posset.
430 2006 573 2052 tanta
606 2006 773 2052 autem
803 2003 902 2051 fuit
939 2003 1013 2052 vis
1045 2003 1193 2065 fumi,
1231 2004 1289 2051 ut
1321 2003 1535 2052 altitudo
1572 2003 1697 2052 caeli
1727 2002 1903 2051 fuisset

209 2078 412 2140 oppleta
459 2079 508 2125 et
556 2080 743 2126 retecta
797 2078 1000 2126 claritas
1046 2077 1169 2125 lucis
1218 2077 1467 2139 descripta
1520 2077 1744 2140 superius
1792 2093 1903 2125 eum
1934 2091 1976 2123 25
1995 2121 2007 2130 ,,

208 2151 344 2199 caelo
383 2152 493 2214 ipso
532 2151 691 2199 videri
729 2167 827 2199 non
860 2153 1051 2215 posset3
1089 2151 1213 2199 haec
1244 2151 1428 2215 quippe
1461 2151 1734 2200 crassitudo
1765 2153 1902 2199 tene·
1999 2143 2002 2145 ’

207 2225 355 2274 brosa
401 2225 706 2273 confuderat.
783 2230 853 2273 ter
907 2226 1086 2273 circum
1140 2239 1363 2273 accensos
1418 2226 1558 2273 cincti
1606 2226 1903 2286 fulqeutibus

108 2308 191 2348 190
209 2300 362 2348 armis
401 2300 651 2347 decurrere
689 2314 848 2359 rocos,
888 2298 988 2361 [ter
1023 2303 1262 2347 maestum
1301 2301 1492 2359 funeris
1528 2300 1689 2360 iynem
1726 2301 1903 2346 lustra-

207 2388 316 2421 vere
353 2373 408 2421 iu
446 2371 625 2434 equiss·
668 2389 815 2436 rogos
845 2374 1004 2421 omnis
1036 2374 1349 2422 funereorum
1385 2389 1520 2422 more
1544 2388 1797 2421 sacrorum
1826 2375 1904 2421 ter

210 2447 495 2495 circumiere
526 2446 776 2495 currentes
803 2449 853 2495 et
875 2447 1142 2495 insidentes
1172 2448 1312 2509 equis
1345 2450 1421 2495 ter
1444 2463 1526 2496 eos
1550 2447 1902 2495 lustraverunt.
1934 2460 1976 2492 30

209 2522 518 2580 ululatusque
562 2535 642 2568 ore
681 2521 874 2568 dedere:
924 2523 974 2569 et
1019 2521 1112 2568 hoc
1157 2523 1234 2569 ter
1279 2522 1467 2570 factum
1511 2521 1902 2584 intellegendum

332 2684 355 2720 1
389 2677 587 2733 conflicti
608 2675 651 2719 V
681 2676 900 2732 conplecti
939 2691 1022 2720 nos
1061 2679 1243 2735 coufliyi
1282 2677 1352 2721 ed.
1483 2681 1509 2719 2
1542 2677 1740 2732 probare
1762 2675 1805 2719 V
1828 2675 1899 2720 ed.

213 2741 238 2780 6
270 2737 322 2780 iu
353 2737 577 2780 litharco‘n
600 2735 655 2779 V.
771 2739 826 2778 15
856 2741 1042 2790 patrum
1072 2751 1258 2781 suorum
1280 2736 1323 2779 V
1348 2735 1418 2780 ed.
1454 2735 1604 2780 delevi
1634 2749 1818 2779 suorum
1848 2736 1902 2778 ut

214 2794 272 2837 ab
305 2794 706 2851 interpretationis
739 2794 900 2838 ordine
933 2795 1149 2839 alienum.
1251 2800 1307 2838 24
1338 2800 1538 2839 tauta—
1557 2799 1612 2838 26
1633 2799 1781 2851 posset
1812 2807 1899 2837 om.

213 2854 284 2897 ed.
370 2859 425 2897 25
457 2856 628 2898 retacta
651 2853 693 2897 V
723 2859 887 2898 retecta
919 2867 1014 2896 noe.
1101 2860 1157 2898 26
1188 2856 1280 2910 ipsi
1301 2854 1344 2898 V
1374 2855 1474 2911 ipso
1504 2867 1600 2897 noe.
1687 2857 1741 2896 28
1766 2858 1899 2896 ter—

214 2917 268 2955 29
301 2914 425 2968 equis
456 2913 587 2957 deest
613 2914 663 2956 in
686 2912 741 2967 V,
772 2912 853 2956 sed
882 2912 1152 2968 explicatur.
1247 2917 1301 2956 29
1332 2913 1549 2968 funerum
1580 2912 1650 2955 ed.
1746 2916 1800 2955 30
1833 2913 1902 2955 lu-

212 2977 407 3016 stravere
439 2972 509 3016 ed.
