2050 3226
74 624 94 656 5

9 978 94 1035 {10

51 1363 94 1396 15

52 1733 96 1765 20

53 2101 96 2135 25

55 2471 98 2504 30

749 170 1054 215 AENEmos
1079 170 1194 215 vm·
1715 175 1815 227 121

125 311 411 375 prolixitate
443 310 777 373 suspenderet.
831 309 1054 359 Arcades
1090 311 1167 358 his
1205 312 1318 367 oris,
1348 325 1502 372 yenus
1534 327 1563 359 a
1595 312 1821 360 Pallante

118 387 403 447 profectum,
447 386 530 445 qui
566 399 726 446 reyem
763 385 1065 433 Euandrum
1103 385 1307 441 comiteS,
1348 386 1431 444 qui
1469 387 1613 446 siqna
1658 388 1819 442 secuti,

125 460 335 520 deleyere
374 460 530 507 locum
562 463 605 507 et
631 473 838 520 posuere
868 460 922 506 in
951 459 1196 525 mantibus
1225 460 1407 515 urbem,
1439 459 1684 507 Pallantis
1707 475 1813 520 pro·

126 535 208 582 avi
246 533 304 581 de
341 535 534 581 nornine
571 534 898 581 Pallanteum.
951 533 1002 580 hi
1042 533 1218 580 bellum
1257 533 1462 581 adsidue
1501 534 1684 581 ducunt
1714 548 1822 581 ewm
1840 545 1894 584 55

122 611 259 669 yente
297 608 500 657 Latina.
575 608 661 655 hos
708 608 882 655 castris
929 607 1102 654 adhibe
1147 607 1299 654 socios
1339 611 1382 654 el
1417 608 1616 668 foedera
1654 609 1822 668 iunye:

126 682 423 744 promiserat
454 697 504 730 se
536 681 710 743 paucis
743 697 847 729 esse
882 681 1133 729 dicturum
1165 683 1214 728 et
1244 682 1337 729 hoc
1367 683 1548 742 tenuit,
1588 682 1675 729 sed
1711 682 1823 744 ipsa

124 771 285 818 pauca
322 756 485 804 latum
521 756 708 804 habent
744 755 1075 817 intellectum3
1114 771 1231 803 nam
1270 755 1397 803 nihil
1437 755 1495 803 de
1535 757 1822 805 necessariis

123 830 482 893 praetermisit,
520 832 581 878 ut
618 831 779 878 solent
821 829 1012 878 efficere
1052 830 1139 891 qui
1170 830 1445 893 conpendio
1478 831 1681 878 student
1711 846 1822 878 oon-

125 904 290 953 stricti
321 904 571 953 sermonis.
624 904 751 952 dixit
782 904 912 951 enim
944 919 1116 967 genus,
1139 919 1319 952 nomen
1343 908 1392 953 et
1415 904 1546 952 unde
1571 904 1826 953 videretur

125 979 468 1041 adsumptum,
521 995 669 1041 quem
720 978 879 1027 secuti
927 980 1249 1026 noscerentur
1303 981 1353 1026 et
1407 995 1558 1041 quam
1610 979 1825 1040 proximi

125 1056 302 1114 essent,
333 1069 394 1100 ne
425 1053 591 1101 taedio
623 1052 821 1100 Aeneae
854 1053 984 1100 foret
1012 1053 1108 1100 tali
1137 1055 1359 1114 tempore
1398 1054 1673 1116 longinqua
1710 1069 1823 1116 pro-

124 1128 297 1191 fectio,
346 1127 541 1189 aperuit
586 1127 674 1174 ubi
721 1128 978 1175 civitatem
1024 1126 1361 1175 condidissent
1406 1129 1455 1174 et
1502 1143 1601 1188 quo
1641 1143 1699 1174 ea
1737 1143 1823 1176 no-

124 1203 255 1249 mine
288 1204 549 1250 vocaretur
579 1203 630 1249 et
658 1202 712 1249 in
744 1201 882 1249 cuius
914 1201 1152 1249 honorem
1189 1201 1291 1249 tale
1326 1202 1625 1250 vocabulum
1662 1218 1824 1249 meru·

124 1276 265 1337 isset,
326 1275 588 1337 praevenit
649 1291 766 1324 vero
828 1274 996 1323 omnia
1050 1290 1177 1336 quae
1240 1275 1427 1338 opponi
1488 1292 1513 1322 e
1576 1277 1824 1324 contrario

125 1351 417 1412 potuissent.
511 1350 732 1398 dicturus
773 1350 960 1412 quippe
998 1349 1115 1396 inde
1154 1365 1298 1411 posse
1340 1349 1527 1397 auxilia
1566 1349 1823 1412 provenire

125 1424 379 1486 praecepit
403 1423 818 1486 desperationem3
842 1425 1011 1486 posset
1035 1423 1167 1470 enim
1193 1423 1291 1471 dici
1314 1424 1543 1472 fortassis
1568 1440 1668 1471 non
1693 1424 1825 1484 dent,

126 1500 276 1561 atque
324 1498 436 1546 ideo
488 1497 615 1545 dixit
664 1498 766 1546 illis
810 1513 1185 1559 nonnumquam
1235 1514 1349 1546 cum
1387 1498 1582 1547 Latinis
1625 1514 1824 1546 causam

125 1573 346 1620 extitisse
400 1572 643 1633 bellandi,
697 1574 757 1619 ut
810 1573 1003 1620 Aeneas
1057 1571 1231 1620 fideret
1285 1574 1431 1621 certis
1488 1575 1538 1620 et
1592 1573 1656 1620 ad
1708 1573 1823 1620 illos

124 1648 447 1709 praesumpta
495 1646 771 1695 intentione
822 1647 1162 1707 contenderet,
1213 1646 1388 1695 debere
1438 1646 1552 1695 illos
1594 1649 1644 1695 et
1680 1662 1825 1709 posse

126 1721 300 1769 castris
342 1721 571 1770 Troianis
623 1721 852 1784 adiungi,
904 1736 1016 1768 cum
1063 1722 1207 1770 vetus
1253 1721 1634 1769 inimicitiarum
1676 1736 1825 1769 causa

125 1795 431 1844 subsisteret.
485 1796 607 1843 haec
637 1795 840 1843 fuerunt
872 1795 1015 1858 signa
1046 1796 1390 1844 instructionis
1423 1812 1552 1857 quae
1594 1795 1826 1844 docerent

125 1870 439 1917 nescientem.
491 1869 676 1918 idcirco
701 1871 869 1917 autem
893 1869 1019 1917 dixit
1042 1869 1259 1918 Arcades
1283 1886 1384 1917 non
1416 1886 1519 1918 esse
1549 1869 1825 1934 indigenas,

125 1946 183 1991 ut
228 1943 385 1991 Italos
438 1943 718 1991 ostenderet
767 1959 970 2006 perosos
1020 1943 1201 1991 habere
1252 1945 1538 2007 peregrinos
1590 1946 1640 1991 et
1689 1945 1824 2006 ipsos

126 2017 344 2065 Arcades
384 2016 747 2066 demonstraret
786 2019 958 2066 contra
990 2019 1208 2066 aemulos
1251 2034 1366 2066 suos
1407 2034 1520 2066 cum
1551 2018 1825 2082 peregrinis

126 2107 269 2154 posse
308 2091 475 2139 venire
515 2091 760 2140 Troianis.
837 2107 1139 2154 consequens
1179 2093 1280 2140 fuit
1319 2092 1471 2140 etiam
1507 2092 1650 2140 illam
1688 2108 1827 2154 prae-

126 2167 292 2214 venire
323 2168 533 2228 partem,
563 2167 799 2227 quoniam
829 2182 988 2214 novus
1019 2166 1322 2229 perindeque
1353 2166 1610 2230 incognita
1640 2166 1826 2214 habens

126 2241 359 2288 universa
398 2240 565 2302 potuit
596 2239 756 2287 dicere
787 2256 877 2288 nec
907 2241 1130 2289 homines
1163 2242 1282 2289 novi
1312 2257 1400 2289 nec
1432 2241 1542 2289 loca
1573 2256 1662 2288 nec
1693 2240 1828 2288 viam

129 2330 227 2376 qua
274 2314 396 2362 duee
445 2313 509 2361 ad
555 2329 638 2362 eos
689 2330 855 2362 secure
904 2315 1203 2376 perveniam.
1279 2316 1383 2374 ipse
1423 2329 1503 2375 eqo
1544 2318 1606 2371 te,
1647 2315 1827 2376 inquit,

126 2389 251 2447 ripis
291 2391 334 2435 el
369 2392 493 2436 recto
532 2389 733 2446 flumine
773 2388 962 2443 ducam,
1005 2389 1264 2436 adversum
1302 2390 1450 2436 remis
1489 2403 1686 2449 superes
1718 2390 1828 2436 sub-

127 2466 287 2509 vectus
331 2465 386 2509 ut
431 2476 647 2510 amnem:
698 2462 820 2510 dicit
870 2461 992 2524 quid
1041 2463 1131 2510 fiat
1182 2466 1231 2511 et
1282 2463 1527 2525 quomodo
1578 2463 1689 2523 fiat3
1735 2463 1828 2509 hoc

130 2535 260 2582 enim
311 2536 635 2584 conveniebat
685 2536 851 2584 studio
902 2537 1040 2598 pleni
1089 2537 1316 2585 fautoris.
1402 2553 1514 2600 ego,
1553 2538 1738 2599 inquit,
1779 2539 1828 2583 te

129 2610 306 2657 ducam
343 2626 432 2672 per
471 2626 668 2658 amnem
705 2627 870 2657 meum
918 2611 1010 2658 hoc
1051 2612 1338 2659 conlaturus
1379 2610 1567 2659 meritis
1608 2611 1731 2671 tuis,
1771 2613 1830 2657 ut

250 2755 272 2792 1
306 2751 565 2805 appellante
596 2765 680 2807 pro
713 2766 742 2794 a
774 2751 990 2794 Pallante
1013 2750 1069 2795 V.
1194 2756 1219 2794 3
1260 2752 1452 2808 deliyere
1485 2751 1539 2794 V.
1663 2756 1690 2794 4
1722 2752 1828 2806 pal-

131 2809 296 2852 lantem
336 2823 421 2864 pro
461 2810 755 2854 Pallanteum
788 2809 841 2853 V.
968 2814 1022 2854 16
1056 2811 1163 2854 dent
1186 2810 1229 2853 V
1259 2812 1390 2854 ibunt
1422 2810 1493 2854 ed.
1626 2813 1679 2852 19
1724 2823 1828 2854 eon-

129 2867 307 2911 tendere
349 2868 523 2912 deberet
570 2869 640 2913 ed.
685 2871 805 2924 post.
866 2869 868 2881 ³
927 2869 1030 2913 illos
1073 2871 1114 2913 ei
1153 2869 1195 2913 V
1233 2870 1305 2912 ed.
1354 2871 1383 2912 i.
1426 2870 1545 2913 enim
1592 2868 1664 2912 ed.
1707 2871 1826 2924 post.

132 2930 184 2968 21
223 2932 449 2982 quaerunt
478 2927 520 2970 V
560 2934 690 2972 erant
729 2928 799 2971 ed.
843 2928 1032 2981 fuerunt
1070 2942 1153 2972 nos
1198 2929 1255 2972 cf.
1290 2943 1330 2972 v.
1361 2931 1426 2971 10.
1480 2952 1481 2960 1
1542 2927 1714 2972 doceret
1756 2928 1827 2972 ed.

131 2989 186 3027 26
217 2999 353 3029 novos
376 2985 419 3028 V
451 3000 565 3030 corr.
600 2987 672 3031 ed.
717 2987 721 3043 ί
770 2987 960 3042 perinde
993 2987 1064 3030 ed.
1189 2992 1243 3029 29
1276 3001 1416 3031 remes
1448 2988 1513 3042 (et
1545 2986 1686 3043 infra)
1713 2987 1767 3029 V.
