<?xml version="1.0" encoding="UTF-8"?>
<!DOCTYPE html PUBLIC "-//W3C//DTD XHTML 1.0 Transitional//EN"
    "http://www.w3.org/TR/xhtml1/DTD/xhtml1-transitional.dtd">
<html xmlns="http://www.w3.org/1999/xhtml" xml:lang="en" lang="en">
 <head>
  <title>
</title>
<meta http-equiv="Content-Type" content="text/html;charset=utf-8" />
  <meta name='ocr-system' content='tesseract 3.04.00' />
  <meta name='ocr-capabilities' content='ocr_page ocr_carea ocr_par ocr_line ocrx_word'/>
</head>
<body>
  <div class='ocr_page' id='page_1' title='image "./interpretationes02donauoft_0394.png"; bbox 0 0 2050 3226; ppageno 0'>
   <div class='ocr_carea' id='block_1_1' title="bbox 241 166 1462 222">
    <p class='ocr_par' dir='ltr' id='par_1_1' title="bbox 241 166 1462 222">
     <span class='ocr_line' id='line_1_1' title="bbox 241 166 1462 222; baseline -0.002 -8"><span class='ocrx_word' id='word_1_1' title='bbox 241 168 350 222; x_wconf 84' lang='lat'>390</span> <span class='ocrx_word' id='word_1_2' title='bbox 715 166 948 212; x_wconf 85' lang='lat' dir='ltr'><strong>DONATI</strong></span> <span class='ocrx_word' id='word_1_3' title='bbox 977 166 1258 212; x_wconf 84' lang='lat' dir='ltr'><strong>INTERPR.</strong></span> <span class='ocrx_word' id='word_1_4' title='bbox 1283 167 1462 212; x_wconf 74' lang='lat' dir='ltr'><strong>VERG.</strong></span> 
     </span>
    </p>
   </div>
   <div class='ocr_carea' id='block_1_2' title="bbox 134 307 2006 2451">
    <p class='ocr_par' dir='ltr' id='par_1_2' title="bbox 235 307 2004 740">
     <span class='ocr_line' id='line_1_2' title="bbox 356 307 1931 369; baseline 0.001 -14"><span class='ocrx_word' id='word_1_5' title='bbox 356 307 457 355; x_wconf 88' lang='lat' dir='ltr'>Hic</span> <span class='ocrx_word' id='word_1_6' title='bbox 478 307 648 355; x_wconf 81' lang='lat' dir='ltr'>mortis</span> <span class='ocrx_word' id='word_1_7' title='bbox 671 307 826 356; x_wconf 90' lang='lat' dir='ltr'>durae</span> <span class='ocrx_word' id='word_1_8' title='bbox 850 321 1018 355; x_wconf 77' lang='lat' dir='ltr'>casum</span> <span class='ocrx_word' id='word_1_9' title='bbox 1040 310 1217 366; x_wconf 76' lang='lat' dir='ltr'>tuaque</span> <span class='ocrx_word' id='word_1_10' title='bbox 1240 307 1413 367; x_wconf 83' lang='lat' dir='ltr'>optime</span> <span class='ocrx_word' id='word_1_11' title='bbox 1434 308 1584 368; x_wconf 79' lang='lat' dir='ltr'>facta,</span> <span class='ocrx_word' id='word_1_12' title='bbox 1601 308 1646 356; x_wconf 91' lang='lat' dir='ltr'>si</span> <span class='ocrx_word' id='word_1_13' title='bbox 1669 323 1766 369; x_wconf 78' lang='lat' dir='ltr'>qua</span> <span class='ocrx_word' id='word_1_14' title='bbox 1785 308 1931 365; x_wconf 73' lang='lat' dir='ltr'>fidem</span> 
     </span>
     <span class='ocr_line' id='line_1_3' title="bbox 238 381 1931 442; baseline 0.001 -13"><span class='ocrx_word' id='word_1_15' title='bbox 238 383 370 429; x_wconf 92' lang='lat' dir='ltr'>tanto</span> <span class='ocrx_word' id='word_1_16' title='bbox 410 384 479 429; x_wconf 90' lang='lat' dir='ltr'>est</span> <span class='ocrx_word' id='word_1_17' title='bbox 515 381 649 442; x_wconf 89' lang='lat' dir='ltr'>operi</span> <span class='ocrx_word' id='word_1_18' title='bbox 680 381 844 430; x_wconf 83' lang='lat' dir='ltr'>latura</span> <span class='ocrx_word' id='word_1_19' title='bbox 873 383 1107 437; x_wconf 79' lang='lat' dir='ltr'>vetustaS,</span> <span class='ocrx_word' id='word_1_20' title='bbox 1140 395 1239 429; x_wconf 92' lang='lat' dir='ltr'>non</span> <span class='ocrx_word' id='word_1_21' title='bbox 1270 381 1486 442; x_wconf 77' lang='lat' dir='ltr'><strong><em>equidem</em></strong></span> <span class='ocrx_word' id='word_1_22' title='bbox 1515 396 1602 430; x_wconf 90' lang='lat' dir='ltr'>nec</span> <span class='ocrx_word' id='word_1_23' title='bbox 1639 385 1702 439; x_wconf 90' lang='lat' dir='ltr'>te,</span> <span class='ocrx_word' id='word_1_24' title='bbox 1741 383 1931 431; x_wconf 81' lang='lat' dir='ltr'>iuvenis</span> 
     </span>
     <span class='ocr_line' id='line_1_4' title="bbox 237 454 1931 518; baseline 0.001 -15"><span class='ocrx_word' id='word_1_25' title='bbox 237 455 567 512; x_wconf 76' lang='lat' dir='ltr'><em>memorande,</em></span> <span class='ocrx_word' id='word_1_26' title='bbox 592 455 762 503; x_wconf 85' lang='lat' dir='ltr'>silebo:</span> <span class='ocrx_word' id='word_1_27' title='bbox 801 454 976 502; x_wconf 88' lang='lat' dir='ltr'>duram</span> <span class='ocrx_word' id='word_1_28' title='bbox 999 457 1209 503; x_wconf 89' lang='lat' dir='ltr'>mortem</span> <span class='ocrx_word' id='word_1_29' title='bbox 1233 454 1297 504; x_wconf 87' lang='lat' dir='ltr'>ad</span> <span class='ocrx_word' id='word_1_30' title='bbox 1328 457 1543 504; x_wconf 91' lang='lat' dir='ltr'>aetatem</span> <span class='ocrx_word' id='word_1_31' title='bbox 1564 455 1782 518; x_wconf 89' lang='lat' dir='ltr'>rettulit,</span> <span class='ocrx_word' id='word_1_32' title='bbox 1814 457 1931 504; x_wconf 85' lang='lat' dir='ltr'>ado-</span> 
     </span>
     <span class='ocr_line' id='line_1_5' title="bbox 237 528 1930 592; baseline 0.001 -15"><span class='ocrx_word' id='word_1_33' title='bbox 237 529 468 578; x_wconf 89' lang='lat' dir='ltr'>lescentis</span> <span class='ocrx_word' id='word_1_34' title='bbox 501 529 636 578; x_wconf 89' lang='lat' dir='ltr'>facta</span> <span class='ocrx_word' id='word_1_35' title='bbox 667 544 784 578; x_wconf 86' lang='lat' dir='ltr'>vero</span> <span class='ocrx_word' id='word_1_36' title='bbox 818 529 1078 591; x_wconf 84' lang='lat' dir='ltr'>deputavit</span> <span class='ocrx_word' id='word_1_37' title='bbox 1107 528 1267 591; x_wconf 88' lang='lat' dir='ltr'>laudi,</span> <span class='ocrx_word' id='word_1_38' title='bbox 1308 531 1544 592; x_wconf 87' lang='lat' dir='ltr'>quoniam</span> <span class='ocrx_word' id='word_1_39' title='bbox 1569 529 1623 578; x_wconf 92' lang='lat' dir='ltr'>in</span> <span class='ocrx_word' id='word_1_40' title='bbox 1647 530 1930 579; x_wconf 83' lang='lat' dir='ltr'>defensione</span> 
     </span>
     <span class='ocr_line' id='line_1_6' title="bbox 236 602 2004 668; baseline 0.002 -16"><span class='ocrx_word' id='word_1_41' title='bbox 236 603 394 666; x_wconf 87' lang='lat' dir='ltr'>patris</span> <span class='ocrx_word' id='word_1_42' title='bbox 436 603 687 664; x_wconf 89' lang='lat' dir='ltr'>occubuit,</span> <span class='ocrx_word' id='word_1_43' title='bbox 721 604 791 664; x_wconf 89' lang='lat' dir='ltr'>et,</span> <span class='ocrx_word' id='word_1_44' title='bbox 825 603 943 666; x_wconf 90' lang='lat' dir='ltr'>quia</span> <span class='ocrx_word' id='word_1_45' title='bbox 980 602 1082 651; x_wconf 89' lang='lat' dir='ltr'>tale</span> <span class='ocrx_word' id='word_1_46' title='bbox 1121 603 1402 666; x_wconf 89' lang='lat' dir='ltr'>exemplum</span> <span class='ocrx_word' id='word_1_47' title='bbox 1429 605 1643 653; x_wconf 87' lang='lat' dir='ltr'>transire</span> <span class='ocrx_word' id='word_1_48' title='bbox 1675 604 1739 652; x_wconf 89' lang='lat' dir='ltr'>ad</span> <span class='ocrx_word' id='word_1_49' title='bbox 1769 607 1932 668; x_wconf 83' lang='lat' dir='ltr'>poste·</span> <span class='ocrx_word' id='word_1_50' title='bbox 1982 622 2004 656; x_wconf 80' lang='lat'><strong>5</strong></span> 
     </span>
     <span class='ocr_line' id='line_1_7' title="bbox 235 676 1931 740; baseline 0 -14"><span class='ocrx_word' id='word_1_51' title='bbox 235 693 316 726; x_wconf 91' lang='lat' dir='ltr'>ros</span> <span class='ocrx_word' id='word_1_52' title='bbox 358 676 550 738; x_wconf 90' lang='lat' dir='ltr'>debuit,</span> <span class='ocrx_word' id='word_1_53' title='bbox 590 677 664 725; x_wconf 91' lang='lat' dir='ltr'>ait</span> <span class='ocrx_word' id='word_1_54' title='bbox 700 677 852 739; x_wconf 91' lang='lat' dir='ltr'>poeta</span> <span class='ocrx_word' id='word_1_55' title='bbox 881 692 980 724; x_wconf 89' lang='lat' dir='ltr'>non</span> <span class='ocrx_word' id='word_1_56' title='bbox 1019 676 1173 725; x_wconf 85' lang='lat' dir='ltr'>silebo</span> <span class='ocrx_word' id='word_1_57' title='bbox 1196 678 1333 726; x_wconf 87' lang='lat' dir='ltr'>facta</span> <span class='ocrx_word' id='word_1_58' title='bbox 1353 679 1465 740; x_wconf 89' lang='lat' dir='ltr'>tua,</span> <span class='ocrx_word' id='word_1_59' title='bbox 1501 679 1816 727; x_wconf 84' lang='lat' dir='ltr'>memorande</span> <span class='ocrx_word' id='word_1_60' title='bbox 1854 679 1931 726; x_wconf 93' lang='lat' dir='ltr'>iu-</span> 
     </span>
    </p>

    <p class='ocr_par' dir='ltr' id='par_1_3' title="bbox 149 750 1932 888">
     <span class='ocr_line' id='line_1_8' title="bbox 149 750 1932 815; baseline 0 -15"><span class='ocrx_word' id='word_1_61' title='bbox 149 758 154 761; x_wconf 85' lang='grc'>’</span> <span class='ocrx_word' id='word_1_62' title='bbox 236 752 400 814; x_wconf 85' lang='lat' dir='ltr'>venis;</span> <span class='ocrx_word' id='word_1_63' title='bbox 439 751 630 799; x_wconf 86' lang='lat' dir='ltr'>confido</span> <span class='ocrx_word' id='word_1_64' title='bbox 671 750 803 798; x_wconf 89' lang='lat' dir='ltr'>enim</span> <span class='ocrx_word' id='word_1_65' title='bbox 840 750 1070 799; x_wconf 85' lang='lat' dir='ltr'>futurum</span> <span class='ocrx_word' id='word_1_66' title='bbox 1093 752 1143 799; x_wconf 88' lang='lat' dir='ltr'>te</span> <span class='ocrx_word' id='word_1_67' title='bbox 1180 752 1235 799; x_wconf 90' lang='lat' dir='ltr'>in</span> <span class='ocrx_word' id='word_1_68' title='bbox 1272 751 1418 799; x_wconf 86' lang='lat' dir='ltr'>laude</span> <span class='ocrx_word' id='word_1_69' title='bbox 1455 753 1695 815; x_wconf 88' lang='lat' dir='ltr'>maxima,</span> <span class='ocrx_word' id='word_1_70' title='bbox 1734 753 1776 801; x_wconf 92' lang='lat' dir='ltr'>si</span> <span class='ocrx_word' id='word_1_71' title='bbox 1814 752 1932 800; x_wconf 84' lang='lat' dir='ltr'><strong>libri</strong></span> 
     </span>
     <span class='ocr_line' id='line_1_9' title="bbox 235 824 1932 888; baseline 0.001 -14"><span class='ocrx_word' id='word_1_72' title='bbox 235 826 336 874; x_wconf 88' lang='lat' dir='ltr'>mei</span> <span class='ocrx_word' id='word_1_73' title='bbox 372 825 638 873; x_wconf 76' lang='lat' dir='ltr'>habuerint</span> <span class='ocrx_word' id='word_1_74' title='bbox 674 824 836 872; x_wconf 88' lang='lat' dir='ltr'>fidem.</span> <span class='ocrx_word' id='word_1_75' title='bbox 895 825 977 873; x_wconf 81' lang='lat' dir='ltr'>itte</span> <span class='ocrx_word' id='word_1_76' title='bbox 1007 825 1182 885; x_wconf 84' lang='lat' dir='ltr'>pedem</span> <span class='ocrx_word' id='word_1_77' title='bbox 1218 827 1434 886; x_wconf 81' lang='lat' dir='ltr'>referens</span> <span class='ocrx_word' id='word_1_78' title='bbox 1473 830 1516 874; x_wconf 92' lang='lat' dir='ltr'>et</span> <span class='ocrx_word' id='word_1_79' title='bbox 1560 827 1750 875; x_wconf 85' lang='lat' dir='ltr'>inutilis</span> <span class='ocrx_word' id='word_1_80' title='bbox 1787 827 1932 888; x_wconf 74' lang='lat' dir='ltr'>inque</span> 
     </span>
    </p>

    <p class='ocr_par' dir='ltr' id='par_1_4' title="bbox 136 899 2006 2074">
     <span class='ocr_line' id='line_1_10' title="bbox 136 899 1930 961; baseline -0.001 -12"><span class='ocrx_word' id='word_1_81' title='bbox 136 909 219 950; x_wconf 81' lang='lat'>795</span> <span class='ocrx_word' id='word_1_82' title='bbox 237 900 415 961; x_wconf 69' lang='lat' dir='ltr'>Ziyatus</span> <span class='ocrx_word' id='word_1_83' title='bbox 454 899 646 947; x_wconf 76' lang='lat' dir='ltr'>cedebat</span> <span class='ocrx_word' id='word_1_84' title='bbox 683 899 922 959; x_wconf 77' lang='lat' dir='ltr'>clipeoque</span> <span class='ocrx_word' id='word_1_85' title='bbox 959 899 1211 947; x_wconf 85' lang='lat' dir='ltr'>inimicum</span> <span class='ocrx_word' id='word_1_86' title='bbox 1247 899 1420 948; x_wconf 77' lang='lat' dir='ltr'>hastile</span> <span class='ocrx_word' id='word_1_87' title='bbox 1450 901 1691 950; x_wconf 78' lang='lat' dir='ltr'>trahebat:</span> <span class='ocrx_word' id='word_1_88' title='bbox 1729 917 1840 949; x_wconf 88' lang='lat' dir='ltr'>cum</span> <span class='ocrx_word' id='word_1_89' title='bbox 1879 916 1930 949; x_wconf 88' lang='lat' dir='ltr'>se</span> 
     </span>
     <span class='ocr_line' id='line_1_11' title="bbox 236 972 2006 1037; baseline 0.001 -14"><span class='ocrx_word' id='word_1_90' title='bbox 236 973 508 1023; x_wconf 78' lang='lat' dir='ltr'>Mezentius</span> <span class='ocrx_word' id='word_1_91' title='bbox 549 972 883 1021; x_wconf 89' lang='lat' dir='ltr'>consideraret</span> <span class='ocrx_word' id='word_1_92' title='bbox 914 972 1127 1020; x_wconf 85' lang='lat' dir='ltr'>debilem</span> <span class='ocrx_word' id='word_1_93' title='bbox 1165 973 1416 1022; x_wconf 90' lang='lat' dir='ltr'>redditum</span> <span class='ocrx_word' id='word_1_94' title='bbox 1440 976 1590 1037; x_wconf 86' lang='lat' dir='ltr'>atque</span> <span class='ocrx_word' id='word_1_95' title='bbox 1630 991 1688 1023; x_wconf 92' lang='lat' dir='ltr'>ex</span> <span class='ocrx_word' id='word_1_96' title='bbox 1727 991 1783 1024; x_wconf 93' lang='lat' dir='ltr'>eo</span> <span class='ocrx_word' id='word_1_97' title='bbox 1815 975 1932 1023; x_wconf 90' lang='lat' dir='ltr'>ulti·</span> <span class='ocrx_word' id='word_1_98' title='bbox 1961 992 2006 1025; x_wconf 86' lang='grc'>10</span> 
     </span>
     <span class='ocr_line' id='line_1_12' title="bbox 235 1047 1933 1111; baseline 0.001 -15"><span class='ocrx_word' id='word_1_99' title='bbox 235 1064 370 1096; x_wconf 87' lang='lat' dir='ltr'>mam</span> <span class='ocrx_word' id='word_1_100' title='bbox 409 1047 505 1096; x_wconf 87' lang='lat' dir='ltr'>sibi</span> <span class='ocrx_word' id='word_1_101' title='bbox 543 1062 797 1111; x_wconf 84' lang='lat' dir='ltr'>superesse</span> <span class='ocrx_word' id='word_1_102' title='bbox 835 1047 1107 1109; x_wconf 85' lang='lat' dir='ltr'>fortunam,</span> <span class='ocrx_word' id='word_1_103' title='bbox 1154 1048 1336 1096; x_wconf 86' lang='lat' dir='ltr'>referre</span> <span class='ocrx_word' id='word_1_104' title='bbox 1375 1049 1552 1111; x_wconf 89' lang='lat' dir='ltr'>pedem</span> <span class='ocrx_word' id='word_1_105' title='bbox 1589 1048 1844 1097; x_wconf 75' lang='lat' dir='ltr'>nitebatur</span> <span class='ocrx_word' id='word_1_106' title='bbox 1883 1050 1933 1097; x_wconf 93' lang='lat' dir='ltr'>et</span> 
     </span>
     <span class='ocr_line' id='line_1_13' title="bbox 235 1121 1933 1185; baseline 0.001 -15"><span class='ocrx_word' id='word_1_107' title='bbox 235 1121 439 1170; x_wconf 86' lang='lat' dir='ltr'>nexibus</span> <span class='ocrx_word' id='word_1_108' title='bbox 457 1121 677 1171; x_wconf 87' lang='lat' dir='ltr'>vulneris</span> <span class='ocrx_word' id='word_1_109' title='bbox 700 1121 953 1183; x_wconf 91' lang='lat' dir='ltr'>inpeditus</span> <span class='ocrx_word' id='word_1_110' title='bbox 974 1122 1224 1184; x_wconf 87' lang='lat' dir='ltr'>paulatim</span> <span class='ocrx_word' id='word_1_111' title='bbox 1247 1121 1430 1170; x_wconf 90' lang='lat' dir='ltr'>cedere.</span> <span class='ocrx_word' id='word_1_112' title='bbox 1469 1123 1740 1185; x_wconf 83' lang='lat' dir='ltr'>prudenter</span> <span class='ocrx_word' id='word_1_113' title='bbox 1763 1124 1933 1171; x_wconf 87' lang='lat' dir='ltr'>autem</span> 
     </span>
     <span class='ocr_line' id='line_1_14' title="bbox 237 1195 1932 1260; baseline 0 -15"><span class='ocrx_word' id='word_1_114' title='bbox 237 1195 454 1245; x_wconf 83' lang='lat' dir='ltr'>faciebat</span> <span class='ocrx_word' id='word_1_115' title='bbox 489 1197 548 1243; x_wconf 91' lang='lat' dir='ltr'>ut</span> <span class='ocrx_word' id='word_1_116' title='bbox 585 1211 685 1243; x_wconf 90' lang='grc'>11011</span> <span class='ocrx_word' id='word_1_117' title='bbox 725 1211 927 1244; x_wconf 88' lang='lat' dir='ltr'>aversus</span> <span class='ocrx_word' id='word_1_118' title='bbox 965 1195 1180 1244; x_wconf 89' lang='lat' dir='ltr'>nudaret</span> <span class='ocrx_word' id='word_1_119' title='bbox 1209 1198 1353 1260; x_wconf 88' lang='lat' dir='ltr'>terga</span> <span class='ocrx_word' id='word_1_120' title='bbox 1375 1195 1597 1258; x_wconf 90' lang='lat' dir='ltr'>incaute,</span> <span class='ocrx_word' id='word_1_121' title='bbox 1637 1196 1722 1245; x_wconf 91' lang='lat' dir='ltr'>sed</span> <span class='ocrx_word' id='word_1_122' title='bbox 1751 1199 1932 1246; x_wconf 89' lang='lat' dir='ltr'>retror-</span> 
     </span>
     <span class='ocr_line' id='line_1_15' title="bbox 237 1269 1932 1333; baseline 0 -14"><span class='ocrx_word' id='word_1_123' title='bbox 237 1287 347 1319; x_wconf 90' lang='lat' dir='ltr'>sum</span> <span class='ocrx_word' id='word_1_124' title='bbox 387 1269 563 1319; x_wconf 86' lang='lat' dir='ltr'>cedens</span> <span class='ocrx_word' id='word_1_125' title='bbox 601 1285 832 1333; x_wconf 88' lang='lat' dir='ltr'>praesens</span> <span class='ocrx_word' id='word_1_126' title='bbox 871 1270 1057 1319; x_wconf 87' lang='lat' dir='ltr'>vitaret</span> <span class='ocrx_word' id='word_1_127' title='bbox 1095 1270 1323 1332; x_wconf 82' lang='lat' dir='ltr'>exitium3</span> <span class='ocrx_word' id='word_1_128' title='bbox 1361 1270 1595 1319; x_wconf 89' lang='lat' dir='ltr'>trahebat</span> <span class='ocrx_word' id='word_1_129' title='bbox 1630 1271 1822 1319; x_wconf 90' lang='lat' dir='ltr'>interea</span> <span class='ocrx_word' id='word_1_130' title='bbox 1858 1271 1932 1318; x_wconf 92' lang='lat' dir='ltr'>in-</span> 
     </span>
     <span class='ocr_line' id='line_1_16' title="bbox 235 1344 2006 1408; baseline 0.001 -15"><span class='ocrx_word' id='word_1_131' title='bbox 235 1345 384 1393; x_wconf 91' lang='lat' dir='ltr'>fixam</span> <span class='ocrx_word' id='word_1_132' title='bbox 415 1345 612 1393; x_wconf 87' lang='lat' dir='ltr'>hastam</span> <span class='ocrx_word' id='word_1_133' title='bbox 651 1344 810 1406; x_wconf 87' lang='lat' dir='ltr'>clipeo</span> <span class='ocrx_word' id='word_1_134' title='bbox 849 1359 940 1392; x_wconf 91' lang='lat' dir='ltr'>nec</span> <span class='ocrx_word' id='word_1_135' title='bbox 978 1360 1143 1392; x_wconf 87' lang='lat' dir='ltr'>carere</span> <span class='ocrx_word' id='word_1_136' title='bbox 1183 1360 1242 1393; x_wconf 89' lang='lat' dir='ltr'>ea</span> <span class='ocrx_word' id='word_1_137' title='bbox 1278 1347 1476 1408; x_wconf 84' lang='lat' dir='ltr'>poterat</span> <span class='ocrx_word' id='word_1_138' title='bbox 1513 1361 1663 1408; x_wconf 91' lang='lat' dir='ltr'>quam</span> <span class='ocrx_word' id='word_1_139' title='bbox 1711 1347 1934 1394; x_wconf 86' lang='lat' dir='ltr'>senserat</span> <span class='ocrx_word' id='word_1_140' title='bbox 1963 1359 2006 1394; x_wconf 78' lang='grc' dir='ltr'>ιε</span> 
     </span>
     <span class='ocr_line' id='line_1_17' title="bbox 234 1419 1932 1479; baseline 0.001 -12"><span class='ocrx_word' id='word_1_141' title='bbox 234 1419 503 1467; x_wconf 88' lang='lat' dir='ltr'>inimicam.</span> <span class='ocrx_word' id='word_1_142' title='bbox 551 1419 800 1479; x_wconf 71' lang='lat' dir='ltr'>proripuit</span> <span class='ocrx_word' id='word_1_143' title='bbox 836 1419 1027 1467; x_wconf 80' lang='lat' dir='ltr'>iuvenis</span> <span class='ocrx_word' id='word_1_144' title='bbox 1073 1432 1266 1479; x_wconf 76' lang='lat' dir='ltr'>seseque</span> <span class='ocrx_word' id='word_1_145' title='bbox 1310 1419 1559 1467; x_wconf 81' lang='lat' dir='ltr'>inmiscuit</span> <span class='ocrx_word' id='word_1_146' title='bbox 1600 1421 1777 1468; x_wconf 81' lang='lat' dir='ltr'>armis.-</span> <span class='ocrx_word' id='word_1_147' title='bbox 1827 1435 1932 1468; x_wconf 89' lang='lat' dir='ltr'>sese</span> 
     </span>
     <span class='ocr_line' id='line_1_18' title="bbox 235 1491 1931 1556; baseline 0 -15"><span class='ocrx_word' id='word_1_148' title='bbox 235 1493 312 1542; x_wconf 93' lang='lat' dir='ltr'>bis</span> <span class='ocrx_word' id='word_1_149' title='bbox 352 1492 716 1555; x_wconf 89' lang='lat' dir='ltr'>accipiendum,</span> <span class='ocrx_word' id='word_1_150' title='bbox 754 1494 814 1540; x_wconf 91' lang='lat' dir='ltr'>ut</span> <span class='ocrx_word' id='word_1_151' title='bbox 851 1493 919 1541; x_wconf 91' lang='lat' dir='ltr'>sit</span> <span class='ocrx_word' id='word_1_152' title='bbox 949 1491 1202 1555; x_wconf 77' lang='lat' dir='ltr'>proripuit</span> <span class='ocrx_word' id='word_1_153' title='bbox 1239 1492 1433 1541; x_wconf 90' lang='lat' dir='ltr'>iuvenis</span> <span class='ocrx_word' id='word_1_154' title='bbox 1473 1508 1577 1542; x_wconf 89' lang='lat' dir='ltr'>sese</span> <span class='ocrx_word' id='word_1_155' title='bbox 1617 1509 1818 1556; x_wconf 88' lang='lat' dir='ltr'>seseque</span> <span class='ocrx_word' id='word_1_156' title='bbox 1857 1493 1931 1541; x_wconf 87' lang='lat' dir='ltr'>in-</span> 
     </span>
     <span class='ocr_line' id='line_1_19' title="bbox 235 1563 1931 1632; baseline 0 -17"><span class='ocrx_word' id='word_1_157' title='bbox 235 1568 436 1616; x_wconf 88' lang='lat' dir='ltr'>miscuit</span> <span class='ocrx_word' id='word_1_158' title='bbox 453 1567 617 1616; x_wconf 89' lang='lat' dir='ltr'>armis.</span> <span class='ocrx_word' id='word_1_159' title='bbox 659 1565 792 1628; x_wconf 86' lang='lat' dir='ltr'>quod</span> <span class='ocrx_word' id='word_1_160' title='bbox 809 1567 927 1628; x_wconf 87' lang='lat' dir='ltr'>quia</span> <span class='ocrx_word' id='word_1_161' title='bbox 943 1567 1194 1628; x_wconf 89' lang='lat' dir='ltr'>duplicare</span> <span class='ocrx_word' id='word_1_162' title='bbox 1220 1566 1447 1616; x_wconf 90' lang='lat' dir='ltr'>odiosum</span> <span class='ocrx_word' id='word_1_163' title='bbox 1469 1567 1584 1628; x_wconf 86' lang='lat' dir='ltr'>fuit,</span> <span class='ocrx_word' id='word_1_164' title='bbox 1602 1563 1700 1632; x_wconf 90' lang='lat' dir='ltr'>[ita</span> <span class='ocrx_word' id='word_1_165' title='bbox 1722 1563 1931 1632; x_wconf 86' lang='lat' dir='ltr'>posuit,]</span> 
     </span>
     <span class='ocr_line' id='line_1_20' title="bbox 235 1640 1932 1703; baseline 0 -14"><span class='ocrx_word' id='word_1_166' title='bbox 235 1643 293 1689; x_wconf 90' lang='lat' dir='ltr'>ut</span> <span class='ocrx_word' id='word_1_167' title='bbox 331 1642 584 1703; x_wconf 89' lang='lat' dir='ltr'>superiore</span> <span class='ocrx_word' id='word_1_168' title='bbox 616 1640 764 1689; x_wconf 88' lang='lat' dir='ltr'>simul</span> <span class='ocrx_word' id='word_1_169' title='bbox 785 1640 1108 1703; x_wconf 84' lang='lat' dir='ltr'>inferiorique</span> <span class='ocrx_word' id='word_1_170' title='bbox 1133 1642 1354 1689; x_wconf 89' lang='lat' dir='ltr'>serviret.</span> <span class='ocrx_word' id='word_1_171' title='bbox 1406 1642 1600 1700; x_wconf 81' lang='lat' dir='ltr'>iamque</span> <span class='ocrx_word' id='word_1_172' title='bbox 1623 1642 1932 1702; x_wconf 68' lang='lat' dir='ltr'>adsumentis</span> 
     </span>
     <span class='ocr_line' id='line_1_21' title="bbox 237 1713 2005 1776; baseline 0.001 -13"><span class='ocrx_word' id='word_1_173' title='bbox 237 1716 433 1764; x_wconf 77' lang='lat' dir='ltr'>dextrae</span> <span class='ocrx_word' id='word_1_174' title='bbox 466 1715 760 1776; x_wconf 73' lang='lat' dir='ltr'>playamque</span> <span class='ocrx_word' id='word_1_175' title='bbox 796 1715 997 1775; x_wconf 83' lang='lat' dir='ltr'>ferentis</span> <span class='ocrx_word' id='word_1_176' title='bbox 1027 1713 1224 1763; x_wconf 86' lang='lat' dir='ltr'>Aeneae</span> <span class='ocrx_word' id='word_1_177' title='bbox 1257 1715 1406 1763; x_wconf 89' lang='lat' dir='ltr'>subiit</span> <span class='ocrx_word' id='word_1_178' title='bbox 1433 1729 1711 1763; x_wconf 83' lang='lat' dir='ltr'>mucronem</span> <span class='ocrx_word' id='word_1_179' title='bbox 1748 1716 1932 1775; x_wconf 87' lang='lat' dir='ltr'>ipsum·</span> <span class='ocrx_word' id='word_1_180' title='bbox 1959 1730 2005 1764; x_wconf 72' lang='grc'>10</span> 
     </span>
     <span class='ocr_line' id='line_1_22' title="bbox 238 1788 1930 1852; baseline 0 -15"><span class='ocrx_word' id='word_1_181' title='bbox 238 1803 327 1849; x_wconf 75' lang='lat' dir='ltr'>que</span> <span class='ocrx_word' id='word_1_182' title='bbox 348 1790 585 1837; x_wconf 83' lang='lat' dir='ltr'>morando</span> <span class='ocrx_word' id='word_1_183' title='bbox 609 1789 865 1838; x_wconf 74' lang='lat' dir='ltr'>sustinuit:</span> <span class='ocrx_word' id='word_1_184' title='bbox 903 1789 1130 1852; x_wconf 86' lang='lat' dir='ltr'>exposuit</span> <span class='ocrx_word' id='word_1_185' title='bbox 1154 1789 1287 1851; x_wconf 90' lang='lat' dir='ltr'>quod</span> <span class='ocrx_word' id='word_1_186' title='bbox 1311 1788 1437 1838; x_wconf 87' lang='lat' dir='ltr'>dixit</span> <span class='ocrx_word' id='word_1_187' title='bbox 1459 1788 1709 1851; x_wconf 89' lang='lat' dir='ltr'>proripuit</span> <span class='ocrx_word' id='word_1_188' title='bbox 1739 1789 1930 1838; x_wconf 89' lang='lat' dir='ltr'>iuvenis</span> 
     </span>
     <span class='ocr_line' id='line_1_23' title="bbox 237 1862 1930 1926; baseline 0 -15"><span class='ocrx_word' id='word_1_189' title='bbox 237 1879 363 1926; x_wconf 83' lang='lat' dir='ltr'>sese3</span> <span class='ocrx_word' id='word_1_190' title='bbox 400 1863 503 1911; x_wconf 91' lang='lat' dir='ltr'>iam</span> <span class='ocrx_word' id='word_1_191' title='bbox 542 1864 672 1912; x_wconf 91' lang='grc'>6111111</span> <span class='ocrx_word' id='word_1_192' title='bbox 710 1862 907 1911; x_wconf 89' lang='lat' dir='ltr'>Aeneas</span> <span class='ocrx_word' id='word_1_193' title='bbox 937 1865 1143 1925; x_wconf 88' lang='lat' dir='ltr'>paratus</span> <span class='ocrx_word' id='word_1_194' title='bbox 1183 1864 1348 1911; x_wconf 86' lang='lat' dir='ltr'>suerat</span> <span class='ocrx_word' id='word_1_195' title='bbox 1384 1866 1442 1911; x_wconf 92' lang='lat' dir='ltr'>ut</span> <span class='ocrx_word' id='word_1_196' title='bbox 1479 1863 1671 1924; x_wconf 85' lang='lat' dir='ltr'>feriret,</span> <span class='ocrx_word' id='word_1_197' title='bbox 1718 1863 1930 1925; x_wconf 89' lang='lat' dir='ltr'>denique</span> 
     </span>
     <span class='ocr_line' id='line_1_24' title="bbox 235 1936 1932 1998; baseline 0 -13"><span class='ocrx_word' id='word_1_198' title='bbox 235 1938 340 1986; x_wconf 89' lang='lat' dir='ltr'>iam</span> <span class='ocrx_word' id='word_1_199' title='bbox 376 1937 632 1986; x_wconf 86' lang='lat' dir='ltr'>levaverat</span> <span class='ocrx_word' id='word_1_200' title='bbox 669 1936 923 1985; x_wconf 88' lang='lat' dir='ltr'>dexteram</span> <span class='ocrx_word' id='word_1_201' title='bbox 970 1939 1021 1985; x_wconf 90' lang='lat' dir='ltr'>et</span> <span class='ocrx_word' id='word_1_202' title='bbox 1057 1937 1277 1998; x_wconf 84' lang='lat' dir='ltr'>ferisset,</span> <span class='ocrx_word' id='word_1_203' title='bbox 1316 1936 1369 1984; x_wconf 88' lang='lat' dir='ltr'>ni</span> <span class='ocrx_word' id='word_1_204' title='bbox 1405 1936 1491 1985; x_wconf 92' lang='lat' dir='ltr'>ille</span> <span class='ocrx_word' id='word_1_205' title='bbox 1531 1937 1734 1986; x_wconf 89' lang='lat' dir='ltr'>celerius</span> <span class='ocrx_word' id='word_1_206' title='bbox 1773 1939 1932 1986; x_wconf 90' lang='lat' dir='ltr'>ictum</span> 
     </span>
     <span class='ocr_line' id='line_1_25' title="bbox 236 2010 1928 2074; baseline 0 -15"><span class='ocrx_word' id='word_1_207' title='bbox 236 2011 517 2060; x_wconf 88' lang='lat' dir='ltr'>venientem</span> <span class='ocrx_word' id='word_1_208' title='bbox 564 2010 858 2073; x_wconf 84' lang='lat' dir='ltr'>praevidens</span> <span class='ocrx_word' id='word_1_209' title='bbox 903 2010 1062 2074; x_wconf 88' lang='lat' dir='ltr'>patris</span> <span class='ocrx_word' id='word_1_210' title='bbox 1117 2026 1292 2074; x_wconf 89' lang='lat' dir='ltr'>corpus</span> <span class='ocrx_word' id='word_1_211' title='bbox 1338 2011 1666 2074; x_wconf 85' lang='lat' dir='ltr'>iugulumque</span> <span class='ocrx_word' id='word_1_212' title='bbox 1710 2012 1928 2061; x_wconf 90' lang='lat' dir='ltr'>texisset.</span> 
     </span>
    </p>

    <p class='ocr_par' dir='ltr' id='par_1_5' title="bbox 134 2085 2002 2451">
     <span class='ocr_line' id='line_1_26' title="bbox 134 2085 2002 2146; baseline -0.001 -13"><span class='ocrx_word' id='word_1_213' title='bbox 134 2092 220 2133; x_wconf 88' lang='grc'>800</span> <span class='ocrx_word' id='word_1_214' title='bbox 236 2085 355 2134; x_wconf 90' lang='lat' dir='ltr'>socii</span> <span class='ocrx_word' id='word_1_215' title='bbox 391 2099 568 2145; x_wconf 71' lang='lat' dir='ltr'>mayno</span> <span class='ocrx_word' id='word_1_216' title='bbox 606 2085 814 2134; x_wconf 84' lang='lat' dir='ltr'>clamore</span> <span class='ocrx_word' id='word_1_217' title='bbox 843 2088 1084 2142; x_wconf 90' lang='lat' dir='ltr'>secuntur,</span> <span class='ocrx_word' id='word_1_218' title='bbox 1117 2085 1234 2133; x_wconf 85' lang='lat' dir='ltr'>dum</span> <span class='ocrx_word' id='word_1_219' title='bbox 1261 2086 1448 2146; x_wconf 71' lang='lat' dir='ltr'>yenitor</span> <span class='ocrx_word' id='word_1_220' title='bbox 1473 2086 1580 2133; x_wconf 89' lang='lat' dir='ltr'>nati</span> <span class='ocrx_word' id='word_1_221' title='bbox 1607 2100 1792 2146; x_wconf 83' lang='lat' dir='ltr'>parma</span> <span class='ocrx_word' id='word_1_222' title='bbox 1814 2100 1930 2146; x_wconf 88' lang='lat' dir='ltr'>pro·</span> <span class='ocrx_word' id='word_1_223' title='bbox 1959 2098 2002 2134; x_wconf 77' lang='lat'>85</span> 
     </span>
     <span class='ocr_line' id='line_1_27' title="bbox 237 2159 1930 2220; baseline -0.001 -13"><span class='ocrx_word' id='word_1_224' title='bbox 237 2162 385 2207; x_wconf 90' lang='lat' dir='ltr'>tectus</span> <span class='ocrx_word' id='word_1_225' title='bbox 418 2159 591 2215; x_wconf 90' lang='lat' dir='ltr'>abiret,</span> <span class='ocrx_word' id='word_1_226' title='bbox 633 2159 818 2218; x_wconf 78' lang='lat' dir='ltr'>telaque</span> <span class='ocrx_word' id='word_1_227' title='bbox 849 2160 1089 2207; x_wconf 87' lang='lat' dir='ltr'>coniciunt</span> <span class='ocrx_word' id='word_1_228' title='bbox 1117 2160 1499 2220; x_wconf 74' lang='lat' dir='ltr'>proturbantque</span> <span class='ocrx_word' id='word_1_229' title='bbox 1533 2160 1721 2207; x_wconf 84' lang='lat' dir='ltr'>eminus</span> <span class='ocrx_word' id='word_1_230' title='bbox 1751 2160 1930 2207; x_wconf 78' lang='lat' dir='ltr'>hostem</span> 
     </span>
     <span class='ocr_line' id='line_1_28' title="bbox 236 2231 1928 2296; baseline 0.001 -16"><span class='ocrx_word' id='word_1_231' title='bbox 236 2231 579 2295; x_wconf 79' lang='lat' dir='ltr'>[missilibus]:</span> <span class='ocrx_word' id='word_1_232' title='bbox 603 2233 856 2296; x_wconf 86' lang='lat' dir='ltr'>egregium</span> <span class='ocrx_word' id='word_1_233' title='bbox 878 2234 1066 2282; x_wconf 90' lang='lat' dir='ltr'>factum</span> <span class='ocrx_word' id='word_1_234' title='bbox 1082 2233 1156 2280; x_wconf 88' lang='lat' dir='ltr'>fili</span> <span class='ocrx_word' id='word_1_235' title='bbox 1180 2234 1336 2282; x_wconf 90' lang='lat' dir='ltr'>secuti</span> <span class='ocrx_word' id='word_1_236' title='bbox 1354 2233 1475 2282; x_wconf 90' lang='lat' dir='ltr'>socii</span> <span class='ocrx_word' id='word_1_237' title='bbox 1498 2233 1795 2281; x_wconf 88' lang='lat' dir='ltr'>clamoribus</span> <span class='ocrx_word' id='word_1_238' title='bbox 1811 2233 1928 2281; x_wconf 92' lang='lat' dir='ltr'>mis-</span> 
     </span>
     <span class='ocr_line' id='line_1_29' title="bbox 238 2306 1929 2370; baseline 0 -15"><span class='ocrx_word' id='word_1_239' title='bbox 238 2307 507 2368; x_wconf 87' lang='lat' dir='ltr'>silibusque</span> <span class='ocrx_word' id='word_1_240' title='bbox 531 2307 725 2355; x_wconf 89' lang='lat' dir='ltr'>hostem</span> <span class='ocrx_word' id='word_1_241' title='bbox 748 2307 1000 2355; x_wconf 88' lang='lat' dir='ltr'>terrebant</span> <span class='ocrx_word' id='word_1_242' title='bbox 1016 2308 1315 2370; x_wconf 89' lang='lat' dir='ltr'>expellentes</span> <span class='ocrx_word' id='word_1_243' title='bbox 1338 2307 1511 2370; x_wconf 90' lang='lat' dir='ltr'>procul</span> <span class='ocrx_word' id='word_1_244' title='bbox 1535 2306 1638 2355; x_wconf 90' lang='lat' dir='ltr'>eius</span> <span class='ocrx_word' id='word_1_245' title='bbox 1664 2321 1929 2368; x_wconf 87' lang='lat' dir='ltr'>accessum,</span> 
     </span>
     <span class='ocr_line' id='line_1_30' title="bbox 238 2379 1930 2451; baseline 0 -23"><span class='ocrx_word' id='word_1_246' title='bbox 238 2381 391 2430; x_wconf 88' lang='lat' dir='ltr'>donec</span> <span class='ocrx_word' id='word_1_247' title='bbox 430 2380 802 2429; x_wconf 88' lang='lat' dir='ltr'>subtraheretur</span> <span class='ocrx_word' id='word_1_248' title='bbox 842 2382 1026 2451; x_wconf 79' lang='lat' dir='ltr'>quiex</span> <span class='ocrx_word' id='word_1_249' title='bbox 1065 2397 1214 2430; x_wconf 88' lang='lat' dir='ltr'>causa</span> <span class='ocrx_word' id='word_1_250' title='bbox 1237 2382 1456 2431; x_wconf 89' lang='lat' dir='ltr'>vulneris</span> <span class='ocrx_word' id='word_1_251' title='bbox 1482 2379 1635 2430; x_wconf 87' lang='lat' dir='ltr'>saluti</span> <span class='ocrx_word' id='word_1_252' title='bbox 1673 2395 1790 2429; x_wconf 89' lang='lat' dir='ltr'>suae</span> <span class='ocrx_word' id='word_1_253' title='bbox 1828 2397 1930 2429; x_wconf 89' lang='lat' dir='ltr'>non</span> 
     </span>
    </p>
   </div>
   <div class='ocr_carea' id='block_1_3' title="bbox 236 2460 593 2467">
    <p class='ocr_par' dir='ltr' id='par_1_6' title="bbox 236 2460 593 2467">
     <span class='ocr_line' id='line_1_31' title="bbox 236 2460 593 2467; baseline 0 759"><span class='ocrx_word' id='word_1_254' title='bbox 236 2460 593 2467; x_wconf 95' lang='lat' dir='ltr'> </span> 
     </span>
    </p>
   </div>
   <div class='ocr_carea' id='block_1_4' title="bbox 235 2505 1928 3035">
    <p class='ocr_par' dir='ltr' id='par_1_7' title="bbox 235 2505 1928 3035">
     <span class='ocr_line' id='line_1_32' title="bbox 357 2505 1928 2563; baseline 0.001 -13"><span class='ocrx_word' id='word_1_255' title='bbox 357 2512 379 2550; x_wconf 92' lang='lat'>1</span> <span class='ocrx_word' id='word_1_256' title='bbox 417 2508 581 2563; x_wconf 86' lang='lat' dir='ltr'>optime</span> <span class='ocrx_word' id='word_1_257' title='bbox 611 2505 654 2549; x_wconf 93' lang='lat' dir='ltr'><strong>V</strong></span> <span class='ocrx_word' id='word_1_258' title='bbox 685 2505 741 2550; x_wconf 85' lang='lat' dir='ltr'>cf.</span> <span class='ocrx_word' id='word_1_259' title='bbox 776 2506 898 2551; x_wconf 85' lang='lat' dir='ltr'>Serv.</span> <span class='ocrx_word' id='word_1_260' title='bbox 930 2507 1018 2551; x_wconf 88' lang='lat' dir='ltr'>hoc</span> <span class='ocrx_word' id='word_1_261' title='bbox 1049 2507 1165 2551; x_wconf 89' lang='lat' dir='ltr'>Don.</span> <span class='ocrx_word' id='word_1_262' title='bbox 1198 2509 1252 2551; x_wconf 90' lang='lat' dir='ltr'>ut</span> <span class='ocrx_word' id='word_1_263' title='bbox 1282 2511 1368 2551; x_wconf 84' lang='lat'>402</span> <span class='ocrx_word' id='word_1_264' title='bbox 1409 2508 1569 2551; x_wconf 84' lang='lat' dir='ltr'>contra</span> <span class='ocrx_word' id='word_1_265' title='bbox 1606 2508 1806 2550; x_wconf 89' lang='lat' dir='ltr'>metrum</span> <span class='ocrx_word' id='word_1_266' title='bbox 1843 2520 1928 2562; x_wconf 88' lang='lat' dir='ltr'>pro</span> 
     </span>
     <span class='ocr_line' id='line_1_33' title="bbox 237 2565 1927 2621; baseline 0.001 -12"><span class='ocrx_word' id='word_1_267' title='bbox 237 2565 457 2610; x_wconf 86' lang='lat' dir='ltr'>adverbio</span> <span class='ocrx_word' id='word_1_268' title='bbox 488 2565 710 2609; x_wconf 88' lang='lat' dir='ltr'>habuisse</span> <span class='ocrx_word' id='word_1_269' title='bbox 740 2565 932 2620; x_wconf 89' lang='lat' dir='ltr'>interpr.</span> <span class='ocrx_word' id='word_1_270' title='bbox 963 2566 1118 2611; x_wconf 89' lang='lat' dir='ltr'>docet:</span> <span class='ocrx_word' id='word_1_271' title='bbox 1154 2566 1275 2610; x_wconf 86' lang='lat' dir='ltr'>Serv.</span> <span class='ocrx_word' id='word_1_272' title='bbox 1301 2567 1417 2610; x_wconf 83' lang='lat' dir='ltr'>Dan.</span> <span class='ocrx_word' id='word_1_273' title='bbox 1443 2567 1567 2609; x_wconf 90' lang='lat' dir='ltr'>recte</span> <span class='ocrx_word' id='word_1_274' title='bbox 1598 2578 1682 2621; x_wconf 91' lang='lat' dir='ltr'>pro</span> <span class='ocrx_word' id='word_1_275' title='bbox 1712 2566 1927 2610; x_wconf 86' lang='lat' dir='ltr'>vocativo</span> 
     </span>
     <span class='ocr_line' id='line_1_34' title="bbox 238 2623 1928 2680; baseline 0 -12"><span class='ocrx_word' id='word_1_276' title='bbox 238 2625 422 2680; x_wconf 87' lang='lat' dir='ltr'>accipit.</span> <span class='ocrx_word' id='word_1_277' title='bbox 547 2629 571 2668; x_wconf 84' lang='lat'><strong>2</strong></span> <span class='ocrx_word' id='word_1_278' title='bbox 603 2638 753 2669; x_wconf 86' lang='lat' dir='ltr'>nonne</span> <span class='ocrx_word' id='word_1_279' title='bbox 783 2625 962 2680; x_wconf 79' lang='lat' dir='ltr'>quidem</span> <span class='ocrx_word' id='word_1_280' title='bbox 985 2625 1039 2669; x_wconf 90' lang='lat' dir='ltr'>V.</span> <span class='ocrx_word' id='word_1_281' title='bbox 1164 2630 1189 2669; x_wconf 84' lang='lat'><strong>3</strong></span> <span class='ocrx_word' id='word_1_282' title='bbox 1221 2625 1538 2670; x_wconf 83' lang='lat' dir='ltr'>memorandae</span> <span class='ocrx_word' id='word_1_283' title='bbox 1560 2623 1615 2668; x_wconf 90' lang='lat' dir='ltr'>V.</span> <span class='ocrx_word' id='word_1_284' title='bbox 1729 2629 1757 2667; x_wconf 87' lang='lat'>4</span> <span class='ocrx_word' id='word_1_285' title='bbox 1789 2625 1928 2680; x_wconf 86' lang='lat' dir='ltr'>depu-</span> 
     </span>
     <span class='ocr_line' id='line_1_35' title="bbox 237 2682 1927 2741; baseline -0.001 -12"><span class='ocrx_word' id='word_1_286' title='bbox 237 2685 365 2729; x_wconf 83' lang='lat' dir='ltr'>davit</span> <span class='ocrx_word' id='word_1_287' title='bbox 394 2684 449 2727; x_wconf 91' lang='lat' dir='ltr'>V.</span> <span class='ocrx_word' id='word_1_288' title='bbox 487 2684 491 2741; x_wconf 84' lang='grc' dir='ltr'>Ι</span> <span class='ocrx_word' id='word_1_289' title='bbox 527 2685 742 2740; x_wconf 79' lang='lat' dir='ltr'>quoniam</span> <span class='ocrx_word' id='word_1_290' title='bbox 765 2682 806 2726; x_wconf 91' lang='lat' dir='ltr'><strong>V</strong></span> <span class='ocrx_word' id='word_1_291' title='bbox 831 2697 968 2739; x_wconf 79' lang='lat' dir='ltr'>quum</span> <span class='ocrx_word' id='word_1_292' title='bbox 997 2685 1067 2727; x_wconf 85' lang='lat' dir='ltr'>ed.</span> <span class='ocrx_word' id='word_1_293' title='bbox 1171 2689 1224 2727; x_wconf 82' lang='lat'>12</span> <span class='ocrx_word' id='word_1_294' title='bbox 1257 2685 1439 2729; x_wconf 84' lang='lat' dir='ltr'>caedere</span> <span class='ocrx_word' id='word_1_295' title='bbox 1460 2683 1515 2727; x_wconf 88' lang='lat' dir='ltr'>V.</span> <span class='ocrx_word' id='word_1_296' title='bbox 1609 2687 1663 2726; x_wconf 87' lang='grc'>13</span> <span class='ocrx_word' id='word_1_297' title='bbox 1694 2688 1747 2728; x_wconf 90' lang='lat' dir='ltr'>ut</span> <span class='ocrx_word' id='word_1_298' title='bbox 1768 2697 1862 2727; x_wconf 91' lang='lat' dir='ltr'>non</span> <span class='ocrx_word' id='word_1_299' title='bbox 1885 2683 1927 2727; x_wconf 94' lang='lat' dir='ltr'><strong>V</strong></span> 
     </span>
     <span class='ocr_line' id='line_1_36' title="bbox 236 2741 1928 2801; baseline -0.001 -13"><span class='ocrx_word' id='word_1_300' title='bbox 236 2757 292 2788; x_wconf 90' lang='lat' dir='ltr'>ne</span> <span class='ocrx_word' id='word_1_301' title='bbox 322 2743 393 2788; x_wconf 89' lang='lat' dir='ltr'>ed.</span> <span class='ocrx_word' id='word_1_302' title='bbox 431 2743 436 2801; x_wconf 88' lang='grc' dir='ltr'>Ι</span> <span class='ocrx_word' id='word_1_303' title='bbox 472 2749 621 2787; x_wconf 89' lang='lat' dir='ltr'>autem</span> <span class='ocrx_word' id='word_1_304' title='bbox 643 2742 686 2786; x_wconf 94' lang='lat' dir='ltr'><strong>V</strong></span> <span class='ocrx_word' id='word_1_305' title='bbox 714 2744 898 2787; x_wconf 84' lang='lat' dir='ltr'>incaute</span> <span class='ocrx_word' id='word_1_306' title='bbox 930 2757 1012 2786; x_wconf 88' lang='lat' dir='ltr'>nos</span> <span class='ocrx_word' id='word_1_307' title='bbox 1045 2757 1133 2787; x_wconf 92' lang='lat' dir='ltr'>om.</span> <span class='ocrx_word' id='word_1_308' title='bbox 1159 2743 1229 2787; x_wconf 88' lang='lat' dir='ltr'>ed.</span> <span class='ocrx_word' id='word_1_309' title='bbox 1336 2747 1391 2787; x_wconf 79' lang='lat'>14</span> <span class='ocrx_word' id='word_1_310' title='bbox 1421 2743 1576 2787; x_wconf 85' lang='lat' dir='ltr'>sedens</span> <span class='ocrx_word' id='word_1_311' title='bbox 1598 2741 1640 2785; x_wconf 94' lang='lat' dir='ltr'><strong>V</strong></span> <span class='ocrx_word' id='word_1_312' title='bbox 1665 2742 1735 2786; x_wconf 87' lang='lat' dir='ltr'>ed.</span> <span class='ocrx_word' id='word_1_313' title='bbox 1769 2743 1928 2786; x_wconf 86' lang='lat' dir='ltr'>cedens</span> 
     </span>
     <span class='ocr_line' id='line_1_37' title="bbox 237 2800 1928 2858; baseline -0.001 -12"><span class='ocrx_word' id='word_1_314' title='bbox 237 2816 332 2846; x_wconf 79' lang='lat' dir='ltr'>nos,</span> <span class='ocrx_word' id='word_1_315' title='bbox 457 2807 512 2846; x_wconf 88' lang='lat'>18</span> <span class='ocrx_word' id='word_1_316' title='bbox 546 2802 639 2856; x_wconf 79' lang='lat' dir='ltr'>fuit</span> <span class='ocrx_word' id='word_1_317' title='bbox 668 2806 720 2846; x_wconf 88' lang='lat' dir='ltr'>ut</span> <span class='ocrx_word' id='word_1_318' title='bbox 742 2801 785 2844; x_wconf 91' lang='lat' dir='ltr'><strong>V</strong></span> <span class='ocrx_word' id='word_1_319' title='bbox 817 2801 996 2856; x_wconf 86' lang='lat' dir='ltr'>aliquid</span> <span class='ocrx_word' id='word_1_320' title='bbox 1028 2802 1255 2846; x_wconf 83' lang='lat' dir='ltr'>excidisse</span> <span class='ocrx_word' id='word_1_321' title='bbox 1285 2802 1437 2858; x_wconf 85' lang='lat' dir='ltr'>patet,</span> <span class='ocrx_word' id='word_1_322' title='bbox 1469 2802 1538 2845; x_wconf 89' lang='lat' dir='ltr'>ita</span> <span class='ocrx_word' id='word_1_323' title='bbox 1565 2803 1722 2856; x_wconf 81' lang='lat' dir='ltr'>posuit</span> <span class='ocrx_word' id='word_1_324' title='bbox 1750 2800 1928 2845; x_wconf 88' lang='lat' dir='ltr'>inserui</span> 
     </span>
     <span class='ocr_line' id='line_1_38' title="bbox 237 2859 1926 2916; baseline -0.001 -11"><span class='ocrx_word' id='word_1_325' title='bbox 237 2861 371 2906; x_wconf 86' lang='lat' dir='ltr'>addit</span> <span class='ocrx_word' id='word_1_326' title='bbox 399 2875 483 2916; x_wconf 77' lang='lat' dir='ltr'>que</span> <span class='ocrx_word' id='word_1_327' title='bbox 513 2861 671 2916; x_wconf 87' lang='lat' dir='ltr'>inepte</span> <span class='ocrx_word' id='word_1_328' title='bbox 704 2860 774 2904; x_wconf 88' lang='lat' dir='ltr'>ed.</span> <span class='ocrx_word' id='word_1_329' title='bbox 875 2865 930 2904; x_wconf 88' lang='lat'>20</span> <span class='ocrx_word' id='word_1_330' title='bbox 962 2861 1146 2905; x_wconf 84' lang='lat' dir='ltr'>dextrae</span> <span class='ocrx_word' id='word_1_331' title='bbox 1169 2861 1211 2904; x_wconf 94' lang='lat' dir='ltr'><strong>V</strong></span> <span class='ocrx_word' id='word_1_332' title='bbox 1236 2861 1306 2905; x_wconf 88' lang='lat' dir='ltr'>ed.</span> <span class='ocrx_word' id='word_1_333' title='bbox 1340 2860 1406 2904; x_wconf 90' lang='lat' dir='ltr'>sic</span> <span class='ocrx_word' id='word_1_334' title='bbox 1437 2860 1580 2903; x_wconf 87' lang='lat' dir='ltr'>etiam</span> <span class='ocrx_word' id='word_1_335' title='bbox 1613 2859 1734 2903; x_wconf 83' lang='lat' dir='ltr'>Serv.</span> <span class='ocrx_word' id='word_1_336' title='bbox 1768 2861 1816 2903; x_wconf 90' lang='lat' dir='ltr'>et</span> <span class='ocrx_word' id='word_1_337' title='bbox 1847 2860 1926 2904; x_wconf 89' lang='lat' dir='ltr'>de-</span> 
     </span>
     <span class='ocr_line' id='line_1_39' title="bbox 235 2918 1922 2976; baseline 0 -13"><span class='ocrx_word' id='word_1_338' title='bbox 235 2920 429 2964; x_wconf 85' lang='lat' dir='ltr'>teriores</span> <span class='ocrx_word' id='word_1_339' title='bbox 459 2919 598 2976; x_wconf 86' lang='lat' dir='ltr'>Verg.</span> <span class='ocrx_word' id='word_1_340' title='bbox 629 2919 751 2964; x_wconf 89' lang='lat' dir='ltr'>libri.</span> <span class='ocrx_word' id='word_1_341' title='bbox 845 2924 899 2962; x_wconf 85' lang='lat'>22</span> <span class='ocrx_word' id='word_1_342' title='bbox 933 2921 1052 2963; x_wconf 84' lang='lat' dir='ltr'>enim</span> <span class='ocrx_word' id='word_1_343' title='bbox 1084 2934 1171 2963; x_wconf 89' lang='lat' dir='ltr'>om.</span> <span class='ocrx_word' id='word_1_344' title='bbox 1197 2920 1268 2964; x_wconf 87' lang='lat' dir='ltr'>ed.</span> <span class='ocrx_word' id='word_1_345' title='bbox 1361 2923 1417 2963; x_wconf 81' lang='lat'>24</span> <span class='ocrx_word' id='word_1_346' title='bbox 1448 2920 1609 2964; x_wconf 80' lang='lat' dir='ltr'>texisse</span> <span class='ocrx_word' id='word_1_347' title='bbox 1631 2918 1673 2962; x_wconf 91' lang='lat' dir='ltr'><strong>V</strong></span> <span class='ocrx_word' id='word_1_348' title='bbox 1706 2932 1817 2962; x_wconf 90' lang='lat' dir='ltr'>corr.</span> <span class='ocrx_word' id='word_1_349' title='bbox 1852 2919 1922 2963; x_wconf 90' lang='lat' dir='ltr'>ed.</span> 
     </span>
     <span class='ocr_line' id='line_1_40' title="bbox 239 2978 1312 3035; baseline 0 -13"><span class='ocrx_word' id='word_1_350' title='bbox 239 2983 292 3022; x_wconf 75' lang='lat'>27</span> <span class='ocrx_word' id='word_1_351' title='bbox 326 2980 572 3023; x_wconf 83' lang='lat' dir='ltr'>missilibus</span> <span class='ocrx_word' id='word_1_352' title='bbox 605 2978 735 3023; x_wconf 83' lang='lat' dir='ltr'>deest</span> <span class='ocrx_word' id='word_1_353' title='bbox 765 2978 815 3021; x_wconf 91' lang='lat' dir='ltr'>in</span> <span class='ocrx_word' id='word_1_354' title='bbox 838 2978 894 3033; x_wconf 86' lang='lat' dir='ltr'>V,</span> <span class='ocrx_word' id='word_1_355' title='bbox 927 2979 1009 3022; x_wconf 86' lang='lat' dir='ltr'>sed</span> <span class='ocrx_word' id='word_1_356' title='bbox 1042 2979 1312 3035; x_wconf 86' lang='lat' dir='ltr'>explicatur.</span> 
     </span>
    </p>
   </div>
  </div>
 </body>
</html>
