2050 3226
257 187 360 241 106
726 183 959 229 DONA'I'I
988 182 1270 227 INTERPR.
1293 182 1475 228 VERG.

252 325 319 374 ad
355 325 543 374 undas:
580 325 737 373 iratus
768 323 996 387 Iuppiter
1031 322 1216 371 redisse
1257 322 1320 371 ab
1357 322 1564 372 infernis
1595 324 1784 374 umbris
1813 340 1942 373 mor-

250 402 393 448 tuum
422 400 476 447 in
506 413 589 448 eas
615 401 869 447 auctorem
892 397 1015 446 faeti
1036 397 1265 446 tenebras
1288 397 1462 446 mersit
1492 413 1522 445 3
1553 398 1730 462 quibus
1771 401 1944 448 contra

251 475 496 523 statutam
532 473 694 538 legem
729 474 992 521 revocatus
1032 474 1108 519 est
1151 472 1206 519 in
1244 471 1404 520 lucem
1443 473 1532 535 qui
1575 473 1800 522 revocari
1843 489 1944 522 non

149 558 233 598 775
250 547 436 597 debuit.
483 550 534 596 at
565 548 739 595 Trivia
767 547 1090 607 Hippolytum
1119 546 1312 594 seeretis
1343 546 1476 594 alma
1505 547 1721 595 recondit
1749 547 1944 596 sedibus

250 626 294 671 et
327 622 569 683 nymphae
605 621 817 682 quriae
854 621 1130 680 nemorique
1167 619 1367 681 relegat,
1414 620 1546 669 solus
1591 622 1676 669 ubi
1712 622 1766 669 in
1805 621 1944 670 silvis
1995 637 2016 671 5

164 719 169 722 -
247 697 395 745 Italis
430 695 658 757 iynobilis
696 709 870 743 aevum
909 695 1112 755 exiyeret
1139 707 1368 754 versoque
1397 695 1483 742 nbi
1512 695 1705 743 nomine
1745 695 1944 744 Virbius

249 774 394 830 esset,·
449 770 615 818 Diana
666 767 982 818 miseratione
1034 767 1257 831 reparati
1307 769 1502 817 iuvenis
1556 769 1689 818 hune
1742 769 1942 819 secretis

247 861 503 894 nemorum
542 843 734 892 abdidit
772 841 981 907 Egeriae
1023 843 1272 905 nymphae
1321 842 1691 905 commendans,
1736 846 1797 892 ut
1839 843 1944 892 11110

247 919 408 968 latens
433 920 546 967 tuta
568 917 867 981 transigeret
889 918 1136 978 tempora,
1169 932 1336 980 quem,
1367 933 1427 965 ne
1451 917 1700 966 notissimi
1729 917 1943 966 nominis

249 993 521 1056 appellatio
548 991 793 1055 proderet,
825 990 922 1039 diei
944 990 1176 1038 virbium
1197 991 1372 1039 voluit.
1414 990 1556 1039 addit
1579 994 1943 1056 argumentum,
1973 1007 2017 1040 10

249 1083 347 1130 quo
380 1066 512 1116 credi
542 1067 712 1129 posset
743 1064 876 1128 quod
906 1065 1041 1112 fama
1072 1062 1377 1113 narraverat.
1434 1065 1565 1113 unde
1596 1066 1740 1114 etiam
1771 1065 1943 1126 templo

249 1142 447 1189 Triviae
501 1141 715 1200 lucisque
765 1140 975 1188 sacratis
1025 1139 1302 1199 cornipedes
1353 1142 1580 1187 areentur
1633 1141 1762 1199 eqni,
1817 1140 1944 1199 quod

145 1223 229 1264 780
248 1216 382 1263 litore
421 1229 620 1263 oarrwm
658 1217 701 1262 et
736 1214 957 1260 iuvenem
994 1214 1224 1261 monstris
1254 1213 1432 1274 pavidi
1463 1213 1673 1273 effudere
1709 1215 1943 1262 marinis:

245 1290 380 1351 ideo,
429 1288 616 1352 inquit,
667 1286 786 1350 quia
831 1287 1136 1349 Hippolytus
1188 1303 1431 1350 equorum
1476 1303 1660 1350 pavore
1708 1288 1941 1351 deeeptus

246 1365 342 1425 est,
380 1363 566 1426 templo
606 1364 657 1411 et
693 1361 818 1410 111013
856 1360 1049 1409 1)131130
1088 1361 1297 1410 sacratis
1338 1361 1454 1423 equi
1493 1364 1743 1425 arcentur,
1790 1359 1865 1410 110
1888 1362 1943 1410 111
1973 1374 2016 1409 13

244 1436 535 1486 memoriam
575 1436 768 1484 Dianae
814 1435 1003 1483 factum
1050 1451 1149 1497 quo
1195 1435 1503 1498 Hippolytus
1549 1435 1700 1499 periit
1743 1437 1940 1485 rediret.

243 1512 379 1570 filius
429 1511 647 1559 ardentis
695 1510 815 1558 haut
858 1510 1006 1557 setius
1053 1523 1258 1568 aequore
1304 1510 1464 1570 campi
1510 1511 1755 1559 exercebat
1799 1525 1941 1571 equos

246 1598 487 1644 curruque
523 1585 579 1632 in
617 1585 742 1633 bella
783 1584 977 1631 ruebat:
1022 1583 1170 1632 huius
1220 1583 1377 1647 igitur
1424 1583 1557 1632 filius
1604 1599 1704 1632 non
1748 1586 1939 1632 minore

245 1659 410 1708 studio
451 1660 590 1721 equis
630 1661 680 1707 et
718 1673 863 1706 curru
903 1673 1016 1705 acer
1052 1657 1230 1705 ruebat
1267 1659 1320 1705 in
1358 1658 1560 1706 bellum.

361 1733 479 1792 Ipse
527 1733 653 1781 inter
696 1732 907 1792 primos:
958 1730 1065 1793 ipse
1114 1731 1202 1779 ubi
1254 1731 1459 1794 ponitur
1511 1731 1721 1794 potioris
1774 1731 1941 1781 meriti
1970 1748 2014 1782 20

243 1823 456 1870 persona
495 1806 817 1871 significatur.
894 1804 1105 1867 denique
1144 1805 1370 1867 sequitur
1429 1807 1707 1865 praestanti
1745 1820 1940 1866 corpore

246 1882 446 1929 Turnus
484 1882 686 1928 vertitur
724 1894 867 1928 arma
904 1882 1068 1927 tenens
1108 1883 1151 1926 et
1187 1882 1278 1927 toto
1316 1881 1487 1927 vertice
1517 1894 1672 1939 snpra
1704 1883 1795 1928 est:
1832 1881 1938 1944 ipse

245 1955 443 2003 Turnus
481 1955 614 2003 inter
648 1955 837 2016 >primos
877 1952 1088 2002 vertitur
1125 1955 1296 2002 tenens
1338 1969 1477 2002 arma
1519 1957 1568 2002 et
1606 1956 1714 2003 toto
1754 1954 1938 2003 vertice

245 2029 394 2077 altior
433 2027 605 2077 ceteris
645 2027 757 2076 fuit.
814 2029 981 2090 potest
1012 2027 1163 2075 etiam
1194 2027 1264 2075 310
1294 2028 1517 2092 intellegi
1551 2027 1683 2090 quod
1715 2028 1788 2077 ait
1816 2028 1938 2090 ipse,

144 2111 226 2151 785
244 2102 434 2151 scilieet
465 2103 548 2151 0111
578 2104 722 2150 tanta
754 2101 940 2149 auxilia
963 2101 1241 2150 veniebant.
1294 2103 1371 2150 oui
1402 2103 1582 2162 triplici
1613 2103 1789 2150 crinita
1819 2103 1938 2150 iuba
1969 2117 2012 2152 25

239 2177 384 2238 yalea
422 2177 525 2226 alta
558 2174 866 2223 Chimaeram
896 2176 1119 2231 sustinet,
1160 2174 1403 2224 Aetnaeos
1434 2178 1680 2237 efflantem
1708 2177 1938 2236 faucibus

242 2251 395 2313 ionis:
435 2251 561 2298 dixit
599 2265 804 2298 eausam
841 2248 972 2297 unde
1013 2250 1186 2298 ceteris
1227 2250 1378 2299 altior
1408 2250 1684 2299 videbatur.
1744 2249 1936 2310 habuit,
1971 2277 1975 2281 ‹

242 2326 430 2388 inquit,
485 2325 679 2388 galeam
733 2339 843 2371 oum
896 2322 1082 2385 triplici
1135 2323 1254 2372 iuba
1298 2324 1562 2373 habentem
1613 2323 1937 2371 informatam

245 2399 578 2459 Chimaeram,
648 2398 722 2445 ita
773 2396 836 2445 ad
895 2398 1166 2459 imaginem
1226 2397 1453 2447 veritatis
1516 2397 1818 2460 expreSSam‚
1878 2401 1937 2446 ut

242 2474 493 2522 Aetnaeos
531 2470 661 2536 ignis
702 2486 925 2519 evomere
958 2473 1233 2534 putaretur.
1288 2475 1388 2520 tam
1417 2473 1575 2534 mayis
1605 2472 1695 2520 illa
1724 2472 1935 2532 fremens
1965 2488 2009 2521 30

363 2649 386 2687 1
430 2643 595 2697 inferis
636 2642 708 2686 ed.
831 2646 855 2684 2
901 2655 977 2686 eas
1007 2640 1049 2684 V
1092 2643 1189 2686 eius
1231 2642 1304 2686 ed.
1364 2643 1368 2700 Ι
1415 2643 1579 2687 mersit
1612 2642 1655 2686 V
1696 2644 1819 2687 misit
1861 2642 1931 2686 ed.

244 2707 267 2746 3
301 2716 507 2748 revocare
530 2701 572 2745 V
605 2715 718 2746 corr.
752 2699 822 2744 ed.
938 2704 964 2742 5
997 2702 1200 2757 aeyeriae
1231 2701 1286 2745 V.
1335 2702 1338 2757 1
1391 2707 1431 2746 et
1461 2703 1588 2747 silvis
1610 2701 1664 2745 V.
1781 2706 1806 2744 6
1839 2703 1934 2746 exi-

240 2763 357 2818 90111
389 2761 446 2805 V.
568 2765 592 2804 7
632 2760 842 2806 saeeretis
872 2757 914 2801 V
952 2760 1004 2802 in
1042 2765 1256 2804 secretum
1296 2761 1366 2804 ed.
1491 2765 1516 2804 9
1549 2766 1649 2806 tuta
1670 2760 1713 2803 V
1742 2774 1829 2804 sua
1861 2760 1931 2804 ed.

244 2825 298 2864 10
330 2821 514 2865 addidit
543 2819 614 2864 ed.
732 2823 786 2863 13
819 2831 1000 2862 cursum
1023 2817 1077 2861 V.
1196 2824 1251 2863 14
1282 2821 1362 2875 qui
1384 2819 1427 2862 V
1458 2821 1570 2876 quia
1601 2819 1670 2863 ed.
1724 2819 1728 2877 Ι
1777 2819 1934 2873 farore

242 2880 475 2935 decerptus
514 2879 585 2924 ed.
698 2883 753 2922 16
791 2877 959 2921 rediret
996 2890 1083 2921 om.
1110 2877 1152 2920 V
1184 2878 1292 2921 add.
1325 2878 1416 2922 ΗΟ
1449 2879 1521 2923 ed.
1630 2883 1683 2922 17
1723 2879 1860 2922 setius
1891 2876 1934 2920 V

241 2940 423 2995 seynias
446 2938 488 2982 U
513 2939 584 2982 ed.
663 2941 719 2981 25
751 2938 827 2982 cui
849 2935 890 2978 V
922 2949 1024 2979 cum
1055 2949 1144 2992 quo
1175 2937 1246 2980 ed.
1325 2942 1380 2981 26
1413 2943 1591 2982 aetneos
1613 2937 1669 2982 V.
1747 2941 1802 2980 29
1827 2938 1932 2981 item
2011 2978 2014 2981 Α

241 2997 282 3040 V
308 2997 379 3041 ed.
411 2999 480 3042 ita
510 3011 607 3041 nos.
731 3000 786 3040 30
812 3008 1052 3051 praemens
1083 2995 1138 3038 V.
