2050 3226
180 714 234 754 15

271 193 380 247 292
741 190 974 236 DONATI
1003 191 1070 236 IN
1071 190 1285 236 TERPR.
1311 190 1492 237 VERG.

269 330 468 380 exitium
502 346 736 393 maqnwm
774 334 915 391 atque
952 328 1105 392 Alpes
1140 331 1346 379 inmittet
1381 334 1591 392 apertas.
1644 334 1746 380 tum
1781 334 1962 381 certare

269 405 415 462 odiis,
470 408 573 453 tum
620 419 700 454 res
751 406 978 466 rapuisse
1039 405 1216 453 licebit:
1274 405 1461 468 veniet,
1521 406 1711 469 inquit,
1771 406 1961 454 iustum

267 480 463 542 tempus
512 495 609 543 quo
648 481 702 527 in
739 480 897 528 hostis
937 479 1115 542 populi
1151 479 1366 527 Romani
1405 480 1519 528 odia
1558 495 1778 528 exercere
1818 479 1960 528 debe-

269 553 387 615 atis,
432 555 553 601 tunc
607 553 796 602 scilicet
850 569 962 601 cum
1008 553 1115 600 fera
1163 551 1411 618 Carthago
1459 569 1572 602 cum
1619 553 1777 602 Gallis
1823 553 1959 602 urbis

268 627 464 676 arcibus
503 627 722 690 coeperit
756 627 1019 675 inmineret
1057 628 1179 675 tunc
1224 627 1363 676 vobis
1410 626 1581 676 licebit
1625 628 1786 677 facere
1833 643 1959 689 quae

267 701 524 751 volueritis
565 702 615 748 et
654 701 818 750 aliena
857 702 1084 764 diripere.
1161 716 1293 750 nime
1329 701 1472 749 sinite
1511 705 1555 750 et
1574 702 1815 762 placitum
1848 701 1961 750 laeti

266 776 515 835 conponite
551 775 747 834 foedus:
784 791 914 824 nunc
954 776 1236 823 animorum
1266 774 1569 824 dissensione
1598 777 1764 838 posita
1797 777 1960 825 amate

267 849 593 898 concordiam.
654 848 836 897 idcirco
875 850 1047 913 posuit
1084 850 1251 898 veniet
1286 850 1475 898 iustum
1513 866 1711 914 pugnae
1748 852 1960 913 tempus,

264 926 322 972 ut
359 940 417 971 ex
455 924 548 972 hoc
587 923 866 972 ostenderet
905 923 1038 987 quod
1077 925 1250 972 contra
1288 924 1529 973 Troianos
1576 924 1842 988 gerebatur
1884 924 1959 972 in-

262 998 452 1046 iustum
490 997 657 1045 fuisse.

410 1071 636 1132 Iuppiter
672 1071 789 1119 haee
823 1071 1022 1131 paucis:
1065 1071 1177 1120 ideo
1207 1087 1367 1134 pauca
1403 1070 1514 1121 visa
1551 1073 1689 1133 sunt,
1728 1070 1849 1135 quia
1885 1072 1960 1120 in·

264 1145 504 1194 ducturus
549 1147 624 1194 est
662 1145 907 1193 Venerem
944 1161 1044 1194 non
1082 1146 1257 1209 paucis
1297 1146 1556 1195 elocutam.
1634 1145 1846 1208 denique
1886 1147 1960 1194 ait

264 1223 316 1268 at
363 1234 463 1267 non
510 1219 673 1268 Venus
724 1234 879 1267 aurea
929 1223 1097 1268 contra
1137 1234 1307 1281 pauca
1359 1220 1532 1280 refert:
1583 1220 1775 1268 invenit
1828 1220 1959 1268 enim

264 1296 564 1357 oportunum
613 1296 808 1356 tempus
861 1309 959 1357 quo
1011 1293 1238 1357 Iuppiter
1277 1293 1460 1357 agebat
1495 1293 1597 1341 iam
1629 1293 1959 1343 Troianorum

259 1367 441 1430 partis,
481 1368 569 1430 qui
609 1383 810 1416 causam
848 1368 1181 1430 querellarum
1218 1368 1385 1416 fuerat
1423 1368 1696 1417 auditurus.
1753 1367 1958 1430 invenit,

259 1443 450 1504 inquit,
482 1443 670 1503 locum,
701 1443 759 1490 ut
790 1441 1027 1504 quicquid
1059 1441 1243 1491 doloris
1276 1443 1396 1490 olim
1427 1442 1683 1491 conditum
1713 1441 1959 1491 retinebat

261 1516 547 1564 effunderet.
625 1531 823 1564 auream
864 1516 1107 1564 Venerem
1145 1515 1305 1580 magis
1347 1515 1511 1564 animo
1557 1532 1708 1579 quam
1754 1532 1956 1580 corpore

263 1590 492 1639 debemus
546 1590 786 1652 accipere,
839 1590 1075 1652 quoniam
1123 1590 1282 1639 tristis
1333 1592 1383 1638 et
1425 1592 1709 1654 expositura
1763 1590 1956 1639 dolores

259 1679 374 1713 suos
426 1666 479 1712 in
534 1666 830 1712 conventum
885 1663 1086 1713 deorum
1147 1679 1436 1727 processura
1496 1665 1661 1712 fuerat
1719 1680 1808 1713 nec
1868 1664 1955 1712 illo

258 1740 479 1802 tempore
519 1737 577 1785 de
611 1738 877 1787 excolenda
906 1738 1277 1801 pulchritudine
1308 1739 1507 1801 poterat
1538 1738 1771 1802 cogitare.
1827 1738 1955 1788 ordi-

258 1815 407 1860 natur
438 1827 607 1861 sensus
640 1813 730 1861 sic:
771 1814 825 1860 at
847 1812 1016 1861 Venus
1057 1828 1210 1861 aurea
1247 1828 1347 1860 non
1385 1827 1547 1874 pauca
1586 1814 1760 1861 contra
1789 1813 1954 1861 refert.

260 1902 410 1935 aurea
447 1888 626 1951 igitur,
664 1887 758 1934 hoc
797 1888 872 1935 est
911 1886 1099 1948 animo,
1138 1886 1268 1934 bona
1308 1888 1358 1934 et
1387 1887 1591 1935 innoxia
1620 1886 1955 1951 intellegenda

259 1963 346 2009 est.
403 1977 491 2009 nec
530 1975 690 2023 pauca
727 1960 861 2021 ideo,
902 1961 1019 2023 quia
1057 1962 1110 2008 in
1142 1962 1389 2010 conventu
1419 1962 1562 2009 tanto
1595 1961 1761 2008 omnia
1793 1961 1955 2022 simul,

257 2037 315 2082 ut
344 2035 484 2096 fecit,
517 2035 688 2082 debuit
719 2034 964 2082 effundere
998 2051 1125 2098 quae
1156 2034 1387 2097 prodesse
1419 2034 1619 2098 negotio
1652 2034 1952 2098 potuissent;

258 2109 563 2158 occasionem
625 2109 757 2155 enim
817 2108 1064 2156 libertatis
1118 2109 1253 2157 illius
1307 2109 1519 2157 forsitan
1572 2124 1671 2157 non
1724 2109 1954 2158 habuerit

255 2182 515 2245 posterius.
555 2197 581 2230 o
613 2185 779 2242 pater,
830 2197 856 2230 o
901 2183 1151 2230 hominum
1189 2183 1448 2242 divumque
1486 2186 1683 2231 aeterna
1711 2186 1952 2242 potestas:

258 2257 433 2305 officiis
472 2256 824 2319 praeeuntibus
871 2255 1114 2306 invidiose
1159 2257 1534 2306 conventionem
1572 2259 1767 2319 patrem
1810 2257 1951 2318 dixit,

376 2417 400 2456 3
433 2412 563 2457 hodie
586 2410 672 2455 VR
702 2412 810 2456 odia
842 2425 954 2456 corr.
982 2413 1052 2456 ed.
1175 2417 1202 2456 4
1235 2426 1322 2469 quo
1343 2412 1429 2456 VR
1460 2426 1561 2456 cum
1592 2412 1663 2456 ed.
1690 2425 1772 2456 nos
1805 2411 1879 2469 (cf.
1908 2415 1948 2466 9,

257 2476 341 2516 315
368 2474 414 2516 et
439 2473 555 2526 612).
648 2475 674 2513 5
707 2472 858 2515 licebit
879 2472 920 2514 R
945 2472 1015 2515 e'd.
1041 2473 1145 2516 lieet
1165 2471 1218 2516 V.
1305 2477 1329 2515 6
1353 2473 1579 2528 placitum
1602 2471 1686 2515 VR
1711 2471 1950 2527 placidum

256 2531 327 2575 ed.
354 2545 468 2574 corr.
496 2531 566 2574 ed.
592 2532 711 2586 post.
837 2535 860 2574 7
893 2532 1012 2575 enim
1043 2545 1172 2575 orum
1203 2530 1246 2574 V
1277 2532 1396 2575 enim
1426 2532 1585 2575 horum
1615 2530 1657 2573 R
1691 2531 1949 2575 animorum

255 2605 338 2634 nos
369 2591 519 2646 inquit
549 2590 708 2634 horum
739 2589 809 2633 ed.
935 2595 988 2633 12
1013 2591 1147 2645 pacis
1177 2589 1262 2633 VR
1286 2591 1453 2646 paucis
1485 2589 1555 2634 ed.
1605 2588 1609 2647 Ι
1657 2590 1875 2634 elocutam
1906 2589 1948 2632 R

255 2655 378 2694 -tum
394 2649 435 2692 V
453 2654 633 2694 -turam
658 2648 729 2692 ed.
825 2653 878 2692 18
904 2651 1251 2704 quoniam—19
1275 2648 1525 2702 jueratVR
1542 2650 1716 2692 temere
1741 2650 1854 2692 mut.
1874 2648 1945 2692 ed.

255 2713 311 2751 20
343 2709 586 2753 eaeeolenda
615 2708 656 2750 R
687 2707 757 2751 ed.
792 2708 1053 2752 excollenda
1083 2708 1124 2751 V
1157 2708 1412 2753 extollenda
1442 2706 1532 2751 ΗΟ
1572 2707 1768 2751 fortasse
1806 2709 1945 2751 recte.

255 2772 311 2811 24
353 2769 523 2812 deberit
552 2766 637 2810 VR
678 2767 831 2811 debuit
877 2767 946 2810 ed.
1000 2767 1004 2825 Ι
1055 2781 1169 2823 quae
1202 2767 1414 2823 prodesse
1450 2767 1576 2810 necio
1615 2767 1948 2822 conpotuissent

255 2828 529 2871 occasionem
561 2840 662 2870 cum
693 2827 913 2870 libertatis
943 2826 1072 2870 illius
1100 2827 1299 2881 forsitan
1321 2839 1415 2870 non
1437 2826 1676 2869 habuerint
1701 2826 1947 2881 posteritas

253 2885 339 2928 VR
355 2885 458 2942 (sub
475 2887 601 2930 necio
615 2884 721 2928 inV
736 2884 908 2928 lineola
932 2885 1073 2928 ducta
1096 2899 1217 2929 man.
1234 2885 1292 2941 II)
1316 2886 1490 2928 temere
1514 2886 1628 2927 mut.
1647 2884 1717 2927 ed.
1797 2888 1851 2927 26
1876 2898 1944 2928 re-

252 2959 440 3000 rumque
456 2944 554 2999 VR,
584 2945 665 2988 sed
689 2944 930 2999 divumque
954 2944 1061 3000 (ed.)
1093 2944 1284 3000 interpr.
1309 2943 1461 2999 poscit
1493 2943 1551 2987 cf.
1574 2943 1719 2998 praef.
1744 2957 1788 2998 p.
1807 2941 1941 2985 XLII.

255 3008 308 3047 27
341 3004 562 3048 invidiose
592 3005 926 3048 conventionem
949 3002 1033 3046 VR
1064 3005 1316 3048 invidiosae
1347 3003 1654 3048 conventionis
1685 3002 1756 3046 ed.

1991 1009 2009 1042 1

1989 1378 2032 1412 15

1986 1749 2046 1783 20·

1983 2118 2025 2152 25
