2050 3226
801 169 1105 216 AENEIDos
1136 169 1201 214 XI
1739 175 1848 229 463

27 364 34 381 ⁶
156 309 368 374 denique
413 308 600 358 idcirco
646 309 843 359 addidit
877 311 1021 375 regni
1066 309 1286 374 insignia
1334 312 1515 372 nostri,
1562 313 1622 360 ut
1657 314 1851 375 pateret

23 386 34 429 ί·
156 385 331 434 sellam
379 385 430 432 et
473 384 699 434 trabeam
749 384 867 434 solis
914 400 1020 434 esse
1064 384 1262 450 regibus
1310 385 1622 435 attributam.
1697 387 1850 436 missa

24 478 28 482 ·
156 460 276 508 sunt
312 458 434 519 ista,
479 460 540 506 ut
577 459 679 507 alia
725 461 965 523 augerent
1002 474 1118 522 opes
1132 496 1145 520 ,
1194 459 1513 512 ostenderent
1551 460 1654 508 alia
1692 459 1850 524 digni-

154 535 327 582 tatem.
387 548 498 581 ecce
534 532 731 582 animus
771 532 991 597 optantis
1030 549 1227 597 pacem:
1263 549 1471 582 munera
1514 534 1655 583 misit
1691 537 1741 582 et
1777 550 1850 582 re·

105 618 124 650 5
156 607 284 672 galis
335 607 600 669 potestatis
652 607 891 672 insignia,
943 610 1003 656 ut
1054 624 1113 656 ex
1164 607 1243 656 his
1294 608 1608 672 intellegeret
1656 607 1850 657 Aeneas

155 681 325 730 Latini
354 680 615 730 voluntate
648 684 699 729 et
728 682 975 730 Italorum
1005 697 1056 731 se
1095 682 1150 730 in
1179 698 1388 746 regnum
1415 697 1520 732 esse
1551 685 1850 745 susceptum.

155 755 386 804 consulite
421 756 477 803 in
513 756 727 804 medium
765 759 809 804 et
836 757 981 805 rebus
1010 757 1275 804 succurrite
1302 757 1472 817 fessis:
1510 757 1765 806 consulere
1797 756 1851 804 in
1869 764 1954 804 335

154 829 374 877 medium
403 830 479 878 est
508 829 716 879 consilio
739 831 956 892 reperire
987 830 1124 893 quod
1153 830 1381 880 omnibus
1411 830 1586 893 prosit.
1646 831 1852 894 pulchre

155 903 420 952 conclusit:
459 903 524 964 si,
562 905 748 966 inquit,
788 920 916 967 quae
947 904 1050 952 dixi
1079 920 1178 952 non
1210 904 1444 954 videntur
1473 921 1579 955 esse
1608 905 1852 966 facienda,

82 993 126 1025 ιο
154 993 244 1027 vos
281 978 335 1025 in
366 979 618 1026 communi
647 978 868 1041 periculo
897 978 1156 1041 providete
1188 978 1311 1042 quid
1333 978 1476 1028 fessis
1506 978 1651 1029 rebus
1684 980 1854 1029 valeat

154 1051 431 1101 subvenire.
508 1053 691 1101 clausit
728 1052 1004 1102 orationem
1050 1068 1213 1115 suam,
1259 1052 1319 1103 de
1358 1053 1527 1102 Turno
1565 1055 1734 1102 tamen
1771 1054 1853 1103 vel

153 1125 324 1177 Aenea
356 1129 445 1175 aut
475 1126 535 1174 de
565 1127 698 1175 filiae
722 1126 913 1190 nuptiis
943 1127 1071 1175 nihil
1101 1127 1249 1189 dixit,
1281 1127 1520 1190 quoniam
1545 1128 1852 1178 ferventibus

154 1201 347 1249 cunctis
384 1200 628 1250 bellorum
666 1216 868 1250 causam
904 1203 1161 1250 nominare
1197 1217 1299 1250 non
1337 1201 1521 1252 debuit.
1582 1202 1683 1250 fuit
1719 1203 1853 1250 enim

153 1274 251 1337 ipsi
288 1273 470 1323 Latino
508 1274 755 1324 invidiosa
794 1277 845 1324 et
882 1291 982 1324 non
1021 1275 1189 1324 decuit
1225 1277 1284 1323 ut
1321 1275 1478 1325 filiam
1518 1292 1717 1339 quoque
1763 1293 1853 1339 per

82 1362 124 1395 15
154 1349 347 1413 legatos
387 1349 600 1398 offerret.
656 1349 795 1399 dedit
831 1351 1001 1398 tamen
1039 1350 1213 1399 ceteris
1244 1350 1379 1399 viam
1412 1349 1664 1399 tractandi
1701 1350 1854 1399 etiam

155 1422 215 1472 de
245 1424 380 1485 ipsa,
420 1422 539 1471 dum
566 1424 845 1487 rogandum
876 1423 1083 1472 Aenean
1113 1423 1236 1473 dicit
1273 1427 1323 1473 et
1351 1425 1654 1487 placandum
1682 1439 1853 1473 mune-

153 1496 315 1558 ribus3
361 1513 420 1545 ex
456 1497 535 1546 his
574 1498 760 1561 quippe
806 1499 977 1562 potuit
1022 1497 1215 1547 adverti
1254 1498 1376 1562 quid
1419 1500 1507 1547 ille
1545 1499 1750 1549 sentiret
1792 1498 1851 1547 de

154 1571 346 1635 nuptiis
383 1571 532 1621 filiae.

275 1639 402 1693 Tum
441 1647 666 1694 Drances
702 1645 832 1694 idem
867 1647 1114 1707 infensa&
1166 1660 1304 1707 quem
1339 1647 1500 1708 ylcria
1539 1648 1699 1696 Turni
1737 1647 1854 1695 obli-

80 1733 123 1765 20
154 1733 253 1779 qua
297 1719 490 1768 invidia
534 1720 836 1781 stimulisque
882 1722 1100 1782 aqitabat
1145 1722 1353 1778 amariS,
1402 1722 1571 1783 laryus
1619 1736 1766 1782 opwm
1811 1725 1855 1769 et

156 1793 326 1854 linqua
374 1794 558 1851 melior,
602 1794 688 1842 sed
731 1795 920 1856 friyida
967 1795 1086 1844 bello
1133 1795 1349 1852 dextera,
1398 1796 1613 1844 consiliis
1657 1796 1852 1844 habitus

154 1882 254 1915 non
296 1868 474 1927 futtilis
520 1871 700 1926 auctor,
754 1869 986 1918 seditione
1024 1873 1197 1930 potens
1250 1874 1425 1931 (glenus
1472 1870 1585 1918 huic
1627 1873 1852 1918 materna
1869 1882 1954 1922 340

154 1942 416 2001 superbum
453 1943 682 1991 nobilitas
713 1943 884 2000 dabat,
923 1945 1160 1992 incertwm
1196 1943 1255 1991 de
1283 1947 1431 2004 patre
1458 1945 1667 2005 ferebat)
1698 1945 1853 2005 suryil

156 2018 198 2063 et
241 2015 318 2063 his
363 2019 533 2064 onerat
581 2017 720 2065 dictis
771 2021 912 2077 atque
958 2021 1157 2079 ayqerat
1199 2019 1330 2066 iras:
1378 2018 1619 2080 Drances,
1671 2018 1852 2082 inquit,

81 2104 124 2138 25
154 2088 288 2137 idem
318 2089 452 2151 ideo,
492 2091 614 2152 quia
643 2093 694 2139 et
724 2107 876 2154 supra
907 2085 1065 2158 (220)
1099 2092 1158 2140 de
1189 2093 1299 2155 ipso
1328 2091 1542 2142 dixerat:
1581 2093 1853 2157 „ingravat

154 2163 276 2212 haec
307 2179 484 2213 saevus
514 2164 733 2214 Drances
765 2166 1028 2228 solumque
1059 2166 1228 2215 vocari
1256 2168 1492 2229 testatur,
1523 2168 1684 2216 solum
1714 2168 1852 2230 posci

153 2237 208 2285 in
247 2238 519 2286 certamina
551 2238 824 2287 Turnum“.
878 2240 1118 2302 quoniam
1147 2240 1278 2290 idem
1305 2241 1523 2291 Drances
1555 2242 1723 2290 Turno
1754 2241 1852 2289 fuit

154 2310 400 2374 infensus,
440 2315 492 2360 et
527 2313 660 2361 hunc
697 2313 909 2377 urgebat
945 2313 1136 2363 invidia
1166 2315 1439 2379 gloriarum
1481 2317 1609 2377 eiuS‚
1648 2315 1851 2377 obliqua

155 2387 324 2434 tamen
369 2402 458 2436 nec
506 2385 559 2434 in
610 2389 835 2450 apertam
879 2388 1234 2450 professionem
1279 2390 1451 2452 ducta,
1501 2390 1636 2452 quod
1673 2389 1851 2438 fuisset

83 2474 126 2507 so
157 2460 422 2510 seditiosus
469 2463 520 2509 et
565 2461 701 2511 dives
749 2478 995 2524 quemque
1037 2463 1307 2513 extollebat
1353 2466 1579 2513 materna
1616 2463 1850 2512 nobilitas

278 2636 301 2675 1
334 2637 514 2688 aptaret
536 2631 578 2675 V
603 2631 690 2675 edI
722 2637 900 2687 pateret
929 2647 1013 2678 nos
1051 2641 1275 2691 appareat
1305 2635 1362 2679 ed
1372 2635 1420 2678 F.
1543 2640 1571 2678 4
1604 2635 1778 2692 reyales
1808 2633 1850 2677 V

158 2703 272 2733 corr.
298 2690 370 2734 ed.
464 2696 488 2734 6
521 2692 796 2735 voluntatem
827 2691 899 2735 ed.
991 2697 1019 2737 8
1051 2699 1116 2738 est
1145 2695 1197 2738 in
1230 2695 1422 2740 medium
1445 2693 1487 2737 V
1512 2693 1600 2738 edI
1630 2695 1682 2737 in
1704 2709 1761 2738 m.
1787 2698 1851 2738 est

158 2749 274 2793 edF.
389 2754 443 2794 11
476 2751 606 2795 turni
630 2749 670 2792 V
694 2750 766 2793 ed.
804 2751 960 2796 Turno
989 2766 1086 2797 nos.
1204 2758 1257 2797 12
1290 2767 1432 2797 aenea
1454 2752 1496 2795 V
1527 2754 1709 2797 Aeneae
1738 2753 1810 2797 ed.
1837 2754 1842 2810 1

157 2810 372 2864 quoniam
394 2809 671 2863 ferventibus
693 2809 736 2853 V
765 2810 798 2863 f.
825 2812 944 2856 enim
967 2811 1038 2856 ed.
1134 2817 1188 2856 13
1212 2826 1354 2857 causa
1374 2811 1414 2854 V
1439 2811 1527 2856 edI
1557 2825 1722 2856 causas
1745 2811 1848 2855 edF

156 2881 343 2912 causam
367 2882 451 2912 nos
474 2871 666 2924 propter
688 2869 927 2914 invidiosa.
1022 2876 1077 2915 15
1101 2873 1237 2916 etiam
1262 2885 1349 2915 om.
1368 2871 1440 2916 ed.
1533 2875 1588 2914 21
1614 2871 1777 2915 dextra
1792 2870 1846 2916 V.

158 2929 214 2968 23
257 2927 312 2971 de
348 2933 482 2982 patre
522 2928 778 2982 referebant
809 2927 865 2973 V.
988 2934 1042 2974 27
1082 2931 1409 2985 cum—fuerit
1442 2929 1513 2974 ed.
1636 2934 1690 2973 29
1730 2931 1850 2987 quod

157 2985 318 3038 fuisset
340 2985 382 3029 V
406 2986 478 3030 ed.
510 3001 582 3042 qu.
614 2988 740 3041 fuit?
