2050 3226
46 1021 91 1054 10

49 1392 90 1424 15

46 1764 91 1796 20

50 2134 92 2166 25

739 200 1044 246 AENEIDOS
1068 200 1177 245 VIII
1705 204 1808 257 167

122 341 347 391 ornatius
377 343 545 403 vocat,
576 357 677 390 non
708 357 838 404 quae
870 340 1117 405 dignitate
1149 342 1240 389 aut
1268 340 1615 405 magnitudine
1647 343 1809 404 operis

121 418 283 466 cetera
331 416 616 478 praecedat,
667 416 754 464 sed
802 416 857 463 in
895 431 998 478 qua
1048 417 1359 464 commaneat
1406 430 1504 463 rex.
1582 416 1655 463 ait
1693 431 1810 479 ergo

120 491 242 539 haec
271 489 446 538 limina
468 489 630 539 victor
652 489 850 538 Alcides
884 489 1060 550 subiit,
1091 505 1355 552 personam
1383 488 1612 537 Herculis
1643 490 1813 551 posuit

119 565 449 627 meritumque
488 562 714 625 victoriS,
759 566 972 626 utraque
1018 563 1289 612 humilibus
1334 563 1478 612 tectis
1520 562 1812 627 incongrua,

48 659 65 675 r
122 642 172 687 et
214 641 403 699 tamen,
452 654 564 687 cum
611 637 750 686 aliud
794 654 896 687 non
942 639 1092 700 esset,
1141 637 1287 686 illum
1333 637 1486 686 fuisse
1524 638 1814 686 contentum

121 728 179 761 ac
215 714 432 761 mentem
469 712 639 775 potius
677 711 890 775 hospitis
930 728 1083 775 quam
1112 713 1272 775 ipsius
1303 710 1518 774 hospitis
1551 711 1812 775 angustias

120 787 428 836 tractavisse.
491 787 613 835 haec
641 786 786 834 illum
815 785 956 850 regia
986 787 1139 849 cepit:
1177 802 1277 834 non
1308 785 1419 834 ideo
1450 785 1641 849 regiam
1671 785 1813 846 dixit,

123 860 256 924 quod
292 860 544 924 parietum
582 860 687 909 eius
727 862 815 908 aut
846 861 1009 909 cultus
1050 859 1220 924 aliqua
1258 860 1435 909 fuisset
1467 859 1689 921 ambiti0,
1727 859 1813 908 sed

119 936 315 984 tantam
351 935 492 984 illius
531 934 611 983 dei
649 934 810 984 voluit
848 935 1106 983 ostendere
1145 933 1554 996 benivolentiam,
1583 936 1644 982 ut
1673 950 1812 998 mag-

120 1025 240 1057 num
277 1011 481 1072 putaret
519 1025 617 1073 quo
656 1008 834 1058 fuisset
867 1009 1135 1073 ingressus,
1205 1009 1345 1065 aude,
1385 1009 1570 1069 hospeS,
1610 1011 1811 1056 coutem-

120 1097 233 1131 nere
271 1098 384 1143 opes
422 1087 467 1131 et
502 1086 545 1131 te
583 1097 766 1144 quoque
795 1084 998 1144 diynum
1034 1085 1164 1144 fiuye
1194 1083 1279 1131 deo
1310 1084 1546 1142 rebusque
1574 1083 1686 1130 veui
1714 1097 1814 1130 nou
1830 1091 1916 1132 365

122 1172 267 1218 asper
319 1159 502 1218 eyenis:
557 1159 803 1220 quantum
850 1157 1048 1206 Aeneae
1096 1157 1331 1206 laudibus
1378 1155 1614 1205 Euander
1663 1156 1813 1218 dedit,

123 1232 268 1294 quale
308 1233 440 1280 circa
476 1233 642 1294 ipsum
680 1234 854 1280 votum
893 1247 1012 1280 suae
1058 1231 1240 1280 mentis
1288 1230 1506 1280 ostendit
1552 1230 1813 1293 aequando

122 1322 234 1354 eum
256 1305 484 1367 Herculi,
523 1305 825 1355 ostendendo
850 1306 1052 1355 domum
1082 1321 1226 1354 suam
1255 1305 1332 1354 his
1363 1305 1530 1369 vigere
1562 1305 1815 1368 auspiciis,

122 1382 179 1428 ut
226 1380 384 1429 laetos
435 1396 628 1443 semper
671 1379 884 1429 victores
930 1381 1167 1443 excipiat!
1245 1378 1379 1442 quod
1416 1394 1533 1428 vero
1574 1380 1647 1427 ait
1686 1379 1813 1428 aude

121 1455 298 1517 hospes
339 1456 648 1502 contemnere
687 1470 826 1517 opes,
877 1454 1097 1503 ostendit
1141 1455 1482 1517 contemptum
1520 1470 1672 1516 opum
1709 1469 1813 1503 esse

121 1528 396 1590 difficilem,
433 1528 608 1577 debere
644 1530 815 1576 tamen
852 1528 1059 1577 tolerari
1096 1527 1386 1591 pauperiem
1415 1527 1502 1576 ubi
1533 1527 1592 1576 de
1623 1529 1813 1591 tempo-

120 1603 218 1651 rali
264 1603 507 1666 hospitio,
556 1618 657 1650 non
695 1602 754 1650 de
794 1602 1030 1651 diuturna
1074 1603 1385 1651 habitatione
1430 1604 1676 1651 tractatus
1725 1604 1812 1651 est.

122 1680 173 1725 et
208 1679 258 1725 te
298 1693 493 1740 quoque
539 1676 745 1741 dignum
794 1677 925 1741 finge
972 1677 1086 1738 dec,
1137 1679 1187 1724 et
1236 1677 1307 1725 sic
1355 1678 1519 1740 posito
1558 1677 1695 1725 fastu
1733 1677 1813 1725 fac

124 1751 258 1814 quod
290 1752 409 1800 deus
440 1751 572 1800 fecit.
618 1751 864 1814 rebusque
888 1751 1003 1800 veni
1026 1768 1126 1800 non
1150 1766 1296 1814 asper
1318 1752 1484 1815 egenis
1511 1752 1582 1799 sic
1604 1753 1815 1813 putatur

122 1826 366 1888 positum,
415 1827 473 1874 ut
523 1825 587 1874 ad
635 1841 713 1874 res
761 1841 942 1890 egenas
988 1842 1089 1874 non
1136 1841 1282 1889 asper
1327 1826 1539 1886 veniret,
1590 1824 1676 1873 sed
1714 1841 1814 1873 non

123 1900 197 1947 ita
235 1902 330 1962 est3
369 1916 469 1948 non
507 1900 639 1947 enim
670 1900 903 1948 Euander
933 1900 992 1948 de
1024 1901 1268 1964 egestate,
1307 1900 1394 1948 sed
1424 1899 1484 1947 de
1516 1901 1813 1962 paupertate

123 1973 398 2022 fatebatur:
437 1989 631 2037 pauper
660 1976 736 2022 est
766 1974 897 2022 enim
929 1975 1008 2022 cui
1039 1975 1177 2023 deest
1198 1975 1359 2023 maior
1382 1975 1527 2037 copia
1550 1973 1814 2022 familiaris
1849 1980 1852 1982 ’

123 2048 196 2095 rei
234 2049 284 2096 et
319 2050 490 2095 tamen
528 2047 818 2111 aliquantae
857 2048 1166 2098 substantiae
1207 2050 1304 2110 est,
1344 2064 1610 2112 egenarum
1650 2050 1815 2097 autem

123 2138 289 2169 rerum
312 2122 610 2186 significatio
634 2122 860 2171 miserias
886 2123 1120 2185 exprimit
1135 2131 1182 2171 et
1203 2122 1578 2171 mendicitatem
1599 2122 1814 2185 plenam.

125 2195 247 2259 quid
293 2212 410 2260 ergo
458 2195 733 2244 adserimus
771 2196 1063 2245 Euandrum
1109 2197 1312 2258 dixisse,
1361 2199 1420 2245 ut
1463 2197 1557 2245 hoc
1602 2212 1703 2245 non
1749 2197 1816 2245 sit

125 2269 259 2332 quod
296 2270 371 2318 ita
403 2269 616 2319 diximus
654 2270 1079 2334 intellegendum?
1140 2288 1200 2320 ne
1237 2286 1382 2334 asper
1411 2272 1598 2332 venias,
1635 2271 1815 2334 inquit,

125 2346 215 2392 aut
253 2345 469 2393 offensus
508 2360 567 2392 ex
606 2360 685 2405 eo,
726 2344 857 2407 quod
886 2344 1160 2409 ingrederis
1193 2346 1428 2408 pauperis
1460 2345 1683 2407 domum,
1724 2360 1813 2408 ego
1912 2398 1915 2401 ,

125 2418 254 2466 enim
295 2419 340 2466 si
378 2417 603 2481 copiosus
643 2434 744 2466 non
782 2434 895 2468 sum
932 2435 1021 2468 nec
1060 2419 1318 2468 abundans
1357 2435 1447 2482 pro
1490 2419 1668 2467 merito
1710 2421 1814 2479 tuo,

125 2507 223 2539 non
276 2507 387 2540 sum
440 2494 610 2540 tamen
662 2492 915 2541 mendicus
969 2495 1060 2541 aut
1110 2493 1272 2542 miser.
1350 2495 1655 2557 quapropter
1702 2508 1814 2540 cum

126 2565 335 2615 dicimus
374 2566 617 2629 rebusque
649 2567 764 2615 veni
801 2583 901 2615 non
941 2582 1086 2630 asper
1117 2568 1305 2632 egenis,
1344 2583 1443 2616 non
1475 2567 1550 2616 bis
1584 2567 1814 2615 debemus

127 2640 370 2702 accipere,
415 2643 474 2689 ut
512 2643 578 2689 sit
615 2657 715 2689 non
755 2657 900 2704 asper
936 2641 1051 2690 veni
1087 2657 1270 2691 usurus
1309 2641 1455 2690 rebus
1493 2657 1592 2689 non
1632 2641 1814 2704 egenis.

126 2714 249 2761 dixit
286 2717 330 2762 et
367 2716 563 2775 auyusti
601 2718 767 2776 supter
804 2716 1008 2776 fastigia
1038 2717 1143 2764 teeti
1173 2718 1411 2777 inyeutem
1441 2714 1646 2763 Aenean
1678 2714 1816 2762 duxit

247 2844 301 2884 13
334 2841 571 2897 aequando
594 2840 636 2884 V
667 2841 850 2897 quando
882 2841 952 2885 ed.
1078 2847 1132 2887 14
1162 2843 1335 2887 herculi
1365 2841 1407 2885 V
1439 2842 1502 2885 H.
1534 2847 1816 2897 compararet

128 2898 242 2943 edF.
338 2905 392 2944 15
424 2901 623 2956 excipiat
644 2898 686 2942 V
717 2901 914 2956 aspiciat
944 2900 1015 2944 ed.
1110 2906 1164 2945 17
1195 2902 1400 2946 tollerari
1422 2900 1464 2944 V
1494 2914 1594 2944 eum
1625 2901 1815 2945 tolerare

128 2957 199 3001 ed.
301 2962 355 3001 18
387 2964 631 3003 tractatum
662 2959 734 3003 ed.
836 2963 889 3003 19
922 2965 965 3004 et
992 2961 1035 3004 si
1055 2959 1099 3004 V
1129 2966 1170 3005 et
1198 2962 1264 3004 sic
1296 2960 1366 3004 ed.
1467 2963 1521 3003 21
1555 2973 1710 3016 aspere
1741 2960 1812 3003 ed.

129 3020 186 3059 24
216 3018 504 3073 aliquantum
534 3019 624 3062 sibi
654 3018 724 3062 ed.
848 3023 904 3062 33
935 3033 1022 3075 sup
1052 3033 1136 3075 pro
1167 3024 1321 3075 supter
1343 3018 1397 3062 V.
