2050 3226
737 139 1042 194 AENEIDOS
1065 139 1151 184 VH
1718 141 1789 196 57

102 283 157 332 in
207 297 359 331 unam
411 296 580 330 omnes
633 278 932 329 sententiam
983 278 1327 344 redigerentur
1378 282 1430 328 et
1489 279 1793 328 contrarium

105 355 358 407 sentiendo
396 354 524 404 nihil
562 356 735 404 contra
771 354 978 403 Iunonis
1015 356 1137 402 vota
1172 353 1477 417 perficerent.
1551 354 1632 402 ille
1668 355 1795 403 inter

103 433 253 479 vestes
283 433 327 478 et
356 429 483 477 levia
503 432 704 490 pectora
735 428 905 489 lapsus
934 428 1171 476 volvitur:
1208 443 1409 491 serpens
1445 427 1578 477 inter
1606 430 1796 477 vestem
1812 440 1898 481 350

104 506 156 553 et
183 503 404 552 mulieris
434 502 741 553 levissimum
771 504 944 566 pectus
974 501 1283 551 volvebatur.
1330 506 1512 551 attactu
1542 503 1691 559 null0,
1725 503 1796 551 sic

43 594 74 628 τ
102 581 285 639 tamen,
322 579 383 626 ut
418 579 584 626 tactus
624 577 729 626 eius
766 593 868 625 non
898 577 1209 625 sentirentur.
1280 577 1502 637 fallitque
1529 577 1770 636 furentem
1779 594 1798 635 ‚-

103 652 249 701 facile
287 652 421 700 enim
458 651 560 700 fuit
589 667 699 700 eam
727 650 924 699 insidiis
956 651 1130 699 fallere
1162 667 1290 714 quae
1319 650 1571 715 integrum
1606 653 1797 700 statum

103 725 282 775 mentis
335 726 439 774 iam
490 741 591 774 non
642 725 861 774 haberet.
936 725 1183 785 vipeream
1234 726 1493 784 inspirans
1554 726 1798 774 animam:

103 803 163 849 ut
207 800 414 864 depulso
462 799 671 848 humani
728 815 901 849 sensus
947 800 1119 864 vigore
1165 799 1230 848 ad
1275 815 1386 848 eam
1429 799 1798 864 malignitatem

102 874 412 939 redigeretur
465 890 567 937 qua
619 874 788 922 fuerat
841 889 1054 937 serpens.
1131 889 1240 923 ecce
1295 873 1437 922 addit
1495 875 1796 938 pererrantis

3 965 75 1011 ’,πο
103 949 262 1016 ipsius
313 949 555 1012 serpentis
613 948 849 1011 speciem,
901 950 979 1007 fit,
1019 949 1207 1010 inquit,
1262 949 1416 996 tortile
1454 948 1571 996 collo
1618 963 1799 997 aurwm

103 1024 274 1085 inqens
320 1023 533 1071 coluber:
595 1038 708 1071 cum
760 1024 890 1071 esset
940 1038 1152 1086 magnae
1206 1022 1535 1086 longitudinis
1585 1022 1798 1084 coluber,

106 1098 177 1146 sic
227 1113 278 1146 se
329 1098 456 1145 eollo
505 1099 719 1145 Amatae
770 1097 1054 1146 involverat
1090 1099 1352 1160 tamquam
1390 1112 1567 1145 aurum
1613 1097 1796 1146 tortile.

104 1173 162 1230 fit
199 1172 369 1232 lonyae
406 1173 572 1220 taenia
615 1172 761 1220 vittae
805 1172 1093 1230 innectitque
1138 1186 1324 1220 comas:
1374 1187 1432 1218 ex
1475 1187 1598 1219 auro
1635 1171 1800 1220 tortili

105 1259 275 1295 versus
308 1247 384 1294 est
413 1246 466 1294 in
496 1247 730 1294 taeniam.
784 1246 977 1306 taenia,
1007 1246 1196 1308 inquit,
1227 1246 1322 1293 hoc
1353 1247 1430 1294 est
1459 1245 1611 1294 vitta:
1642 1246 1798 1295 vittae

32 1335 74 1368 ιε»
106 1320 406 1384 significatio
439 1319 658 1368 ostendit
688 1319 1025 1382 prolixitatem
1058 1322 1108 1368 et
1145 1318 1533 1383 longitudinem,
1571 1319 1800 1368 nectebat

104 1395 263 1459 igitur
315 1409 501 1462 eomas¹
534 1395 642 1442 eius
694 1397 754 1441 ut
805 1393 949 1442 vitta.
1027 1397 1070 1441 et
1111 1395 1340 1442 membris
1387 1394 1601 1442 lubricus
1648 1398 1801 1443 errat:

107 1485 136 1517 a
176 1469 393 1531 corporis
432 1468 659 1531 partibus
698 1468 921 1516 membra
960 1467 1128 1517 omnia
1167 1467 1494 1532 generalitate
1542 1469 1801 1530 conclusit,

105 1559 167 1592 ne
203 1543 288 1591 ille
335 1543 558 1606 aliquam
602 1544 798 1605 partem
844 1558 943 1590 non
989 1542 1242 1591 videretur
1285 1544 1511 1592 intrasse.
1588 1558 1647 1591 ac
1684 1543 1802 1591 dum

98 1618 269 1677 prima
315 1617 418 1665 lues
462 1617 560 1665 udo
606 1617 843 1677 sublapsa
888 1631 1068 1664 veneno
1107 1620 1400 1677 pertemptat
1443 1631 1615 1665 sensus
1661 1620 1803 1677 atque
1818 1623 1904 1662 355

33 1706 76 1739 20
106 1692 295 1740 ossibus
332 1691 538 1751 inplicat
572 1691 733 1752 iynem
770 1691 976 1739 necdwm
1006 1692 1204 1739 animus
1242 1695 1333 1739 toto
1372 1692 1584 1751 percepit
1614 1695 1803 1751 pectore

106 1768 378 1824 flammam,
410 1765 605 1813 mollius
637 1769 678 1812 et
708 1765 845 1813 solito
874 1768 1090 1813 matrum
1120 1766 1179 1814 de
1207 1780 1339 1813 more
1371 1766 1529 1814 locuta
1560 1769 1629 1813 est
1648 1766 1803 1814 multa

106 1854 254 1899 super
300 1843 448 1888 natae
498 1840 765 1887 lacrimans
809 1839 1126 1900 Pkryyiisque
1177 1840 1480 1901 hymenaeis:
1533 1842 1804 1902 antequam

110 1930 220 1962 eam
258 1913 456 1961 furialis
486 1914 595 1962 lues
625 1913 852 1962 incendio
884 1913 1162 1963 robustiore
1193 1914 1495 1974 flammaret,
1534 1917 1804 1977 antequam

110 2003 222 2036 ossa
252 1988 358 2035 eius
391 2003 448 2035 ac
478 1987 720 2036 medullas
752 2004 942 2037 venena
972 1988 1258 2051 plenissime
1289 1987 1620 2051 possiderent,
1652 1988 1803 2037 verba

35 2075 78 2109 ἐ
109 2077 221 2110 cum
258 2061 439 2109 marito
478 2061 675 2123 habuit,
714 2077 803 2110 nec
841 2062 1076 2111 lacrimae
1115 2062 1332 2124 deerant,
1372 2078 1484 2110 cum
1513 2062 1604 2111 illa
1634 2063 1802 2124 loque-

108 2139 265 2196 retur,
310 2138 368 2184 ut
406 2135 641 2184 habitura
679 2151 954 2185 sermonem
1001 2153 1148 2199 super
1193 2137 1325 2184 filiae
1370 2138 1502 2186 votis
1549 2152 1607 2185 ac
1646 2137 1804 2185 Turni

107 2210 282 2259 matris
338 2210 500 2259 officio
555 2210 699 2274 fungi
751 2211 1003 2259 videretur
1057 2228 1210 2274 quam
1254 2212 1422 2260 furore
1469 2211 1803 2274 praecipitata

109 2286 320 2334 nesciret
358 2284 479 2347 quid
519 2283 715 2332 diceret.

226 2359 536 2407 Exulibusne
574 2359 722 2406 datur
760 2358 982 2407 ducenda
1022 2359 1245 2407 Lavinia
1278 2360 1499 2415 Teucris,
1540 2373 1566 2406 o
1602 2360 1801 2419 {semion
1821 2361 1906 2402 360

38 2445 81 2478 ao
110 2448 197 2481 nec
238 2436 280 2480 te
324 2434 516 2481 miseret
560 2436 798 2491 nataeque
843 2434 1005 2492 tuique
1049 2448 1136 2482 nec
1179 2434 1354 2481 matris
1398 2435 1609 2489 miseret,
1658 2447 1803 2491 quam

0 2524 5 2570 ι,
103 2508 266 2568 primo
298 2508 523 2566 aquilone
551 2507 788 2567 relinquet
808 2507 1035 2566 perfidus
1066 2508 1169 2556 alta
1195 2511 1362 2567 petens
1386 2508 1595 2555 abducta
1618 2507 1804 2566 viryine

106 2581 325 2641 praedo?
379 2584 431 2628 at
467 2595 566 2629 non
603 2582 674 2628 sic
703 2581 950 2641 Phryyias
976 2585 1197 2641 penetrat
1226 2582 1601 2630 Lacedaemona
1636 2584 1805 2639 pastor

234 2727 256 2765 1
290 2722 596 2766 redicerentur
625 2721 668 2765 V
697 2722 849 2766 reduc.
882 2721 954 2765 ed.
1002 2721 1007 2780 Ι
1054 2725 1288 2767 contraria
1320 2723 1390 2766 ed.
1515 2726 1539 2764 3
1572 2725 1732 2765 vestem
1763 2719 1805 2763 V

114 2786 250 2825 vestes
281 2780 423 2825 HOU
447 2781 517 2824 ed.
613 2787 638 2826 6
670 2781 877 2836 facile—
904 2786 927 2824 7
955 2782 1139 2826 haberet
1170 2796 1257 2826 om.
1284 2781 1424 2826 HOU
1451 2781 1521 2824 ed.
1615 2784 1642 2823 8
1667 2780 1804 2835 pulso

119 2841 187 2884 ed.
279 2844 304 2883 9
336 2840 610 2885 rediceretur
632 2840 674 2884 V
696 2841 837 2897 rediy.
863 2839 934 2884 ed.
1021 2846 1077 2884 10
1106 2843 1282 2897 speciae
1304 2840 1358 2884 V.
1396 2841 1400 2897 Ι
1436 2840 1589 2895 inquit
1618 2853 1705 2882 om.
1731 2838 1802 2883 ed.

117 2904 171 2943 13
196 2913 320 2943 ex—
340 2904 396 2942 14
418 2901 533 2944 vitta
556 2900 763 2955 corrupit
787 2899 858 2944 ed.
944 2904 999 2943 23
1032 2902 1335 2956 inflammaret
1366 2899 1436 2942 ed.
1531 2902 1584 2940 27
1611 2912 1747 2954 quam
1763 2896 1803 2940 V

108 2960 265 3014 potius
295 2973 368 3014 qu.
401 2958 472 3002 ed.
595 2964 651 3003 28
682 2960 830 3003 dicere
861 2957 903 3001 V
934 2973 1047 3003 corr.
1082 2959 1154 3003 ed.
