2050 3226
224 165 329 218 102
698 162 930 207 DONATI
958 161 1240 207 INTERPR.
1265 161 1446 207 VERG.

223 302 432 353 Clausus
473 318 531 351 ex
569 303 716 367 gente
753 302 918 364 prisca
957 301 1278 364 Sabinorum,
1322 317 1533 366 magnus
1570 301 1698 364 ipse,
1743 301 1915 366 magni

220 376 432 441 agminis
473 376 661 425 ductor.
740 375 953 425 Claudia
990 391 1122 425 nunc
1160 391 1193 425 a
1224 390 1315 436 quo
1347 376 1641 436 diffunditur
1679 379 1722 425 et
1758 377 1915 425 tribus

219 454 263 499 et
295 465 414 512 qens
442 465 538 511 per
574 451 800 508 Latium,
839 453 1101 511 postquam
1145 451 1200 498 in
1235 453 1432 510 partem
1470 450 1589 499 data
1625 450 1786 498 Roma
1822 449 1914 498 Sa-

218 526 370 573 binis:
409 540 438 573 a
479 524 680 586 Claus0‚
720 524 807 586 qui
844 526 982 573 ortus
1012 525 1177 573 fuerat
1207 524 1269 573 ab
1301 524 1666 587 antiquioribus
1700 522 1914 590 Sabinis,

220 598 431 648 Claudia
469 614 587 663 gens
628 598 808 647 diffusa
839 600 914 647 est
948 600 999 646 et
1028 598 1188 648 tribus
1219 615 1309 661 per
1340 613 1482 647 omne
1513 597 1739 660 Latium,
1777 599 1912 661 post·

155 733 159 736 ,
217 688 370 736 quam
419 672 591 721 Sabini
641 673 847 722 admissi
893 675 1009 721 sunt
1057 673 1111 720 in
1160 671 1519 735 participatum
1563 673 1778 720 Romani
1822 671 1913 720 im—

116 758 198 797 710
215 747 355 810 perii.
416 762 519 795 una
549 748 720 808 inqens
748 746 1008 795 Amiterna
1039 747 1205 795 cohors
1227 747 1475 808 priscique
1508 746 1740 808 Quirites,
1771 746 1914 795 Ereti

215 835 395 869 manus
426 822 583 869 omnis
613 821 955 882 oliviferaeque
977 822 1254 869 Mutuscae.
1301 822 1384 881 qui
1404 821 1699 870 Nomentum
1727 821 1911 878 urbem,

217 897 300 954 qui
336 895 532 943 roscida
568 909 693 943 rura
734 895 912 951 Velini,
954 896 1037 955 qui
1069 896 1287 943 Tetricae
1324 895 1563 943 horrentis
1600 909 1748 954 rupes
1779 908 1914 942 mon-

216 973 399 1028 temque
435 968 667 1017 Severum
700 967 1078 1029 Casperiamque
1118 970 1279 1017 colunt
1310 969 1613 1028 Forulosque
1652 971 1696 1016 et
1730 969 1914 1028 flumen

115 1054 197 1093 715
215 1043 481 1100 Himellae,
534 1044 617 1102 qui
668 1043 883 1091 Tiberim
931 1044 1266 1103 Fabarimque
1315 1044 1503 1100 bibwnt,
1559 1057 1677 1102 quos
1724 1042 1914 1103 friqicla

214 1118 348 1165 misit
387 1117 582 1165 Nursia
629 1120 671 1164 et
719 1115 919 1165 Ortinae
966 1118 1144 1165 classes
1186 1117 1452 1178 populique
1489 1116 1666 1165 Latini
1703 1130 1912 1176 quosque

214 1205 385 1240 secans
423 1192 699 1251 infaustum
728 1191 947 1239 interluit
983 1190 1123 1239 Allia
1153 1206 1351 1239 nomen:
1398 1207 1456 1239 ex
1495 1189 1724 1239 omnibus
1768 1205 1911 1252 prae-

215 1265 359 1314 dietis
406 1265 527 1314 locis
579 1264 767 1314 auxilia
815 1267 1103 1329 pugnatura
1153 1266 1503 1314 confluxerant.
1573 1279 1721 1324 quam
1771 1265 1913 1312 multi

213 1339 397 1401 Libyco
427 1339 687 1387 volvuntur
715 1354 958 1387 marmore
987 1341 1177 1398 fluctus,
1210 1354 1386 1388 saevus
1408 1340 1495 1388 ubi
1524 1338 1675 1387 Orion
1697 1339 1911 1387 hibernis

114 1423 196 1463 720
214 1414 437 1461 conditur
473 1413 622 1460 undis
631 1430 650 1471 ,·
686 1413 761 1460 vel
799 1427 908 1461 cum
945 1414 1042 1461 sole
1080 1428 1203 1461 novo
1238 1414 1417 1462 densae
1455 1416 1698 1461 torrentur
1729 1413 1911 1461 aristae

214 1491 301 1535 aut
325 1488 502 1535 Hermi
533 1501 701 1546 campo
734 1490 820 1535 aut
849 1487 1034 1548 Lyciae
1063 1489 1354 1546 flaventibus
1385 1488 1545 1535 arvis:
1574 1487 1707 1535 tanti
1737 1487 1912 1549 populi

215 1561 647 1625 congregabantur
696 1561 760 1608 ad
809 1561 995 1609 bellum
1046 1562 1225 1623 quanti
1275 1564 1393 1610 sunt
1441 1561 1618 1609 fluctus
1669 1561 1723 1608 in
1768 1561 1911 1623 mari,

216 1652 328 1684 cum
365 1635 513 1684 undis
553 1635 721 1699 pelagi
761 1633 913 1684 Orion
960 1635 1185 1684 occidens
1230 1635 1473 1699 mergitur
1520 1628 1741 1701 (constat
1779 1635 1911 1682 enim

212 1711 264 1758 in
304 1725 482 1758 occasu
520 1709 600 1757 vel
639 1711 751 1757 ortu
790 1708 1007 1757 siderum
1041 1710 1285 1758 elementa
1315 1703 1532 1774 turbari)
1572 1711 1662 1757 aut
1692 1725 1803 1757 cum
1835 1709 1910 1756 sol

211 1799 369 1832 novus
411 1784 630 1832 exoritur
670 1784 848 1831 aristas
888 1783 1160 1832 siccaturus
1205 1783 1259 1830 in
1302 1798 1476 1846 campo
1519 1783 1689 1831 Hermi
1729 1784 1818 1831 aut
1855 1783 1910 1831 in

214 1857 346 1906 arvis
385 1857 565 1919 Lyciis.
643 1860 781 1905 scuta
807 1861 1004 1906 ¹sonant
1039 1858 1286 1917 pulsuque
1324 1857 1507 1917 pedum
1553 1858 1711 1905 tremit
1756 1857 1910 1906 excita

213 1932 376 1980 tellus:
411 1931 514 1979 illis
555 1930 788 1979 euntibus
827 1931 1115 1993 strepebant
1153 1934 1294 1980 scuta
1324 1934 1374 1980 et
1403 1932 1555 1994 pulsu
1585 1930 1770 1994 pedum
1800 1948 1909 1995 per-

213 2021 358 2054 cussa
395 2008 530 2053 terra
569 2005 991 2053 contremiscebat.

330 2080 467 2127 Hinc
525 2078 567 2126 A
572 2080 942 2140 qamemnonius
1005 2079 1211 2127 Troiani
1270 2079 1483 2127 nominis
1548 2079 1698 2128 hostis
1759 2094 1909 2128 curru

212 2154 369 2214 iunyit
405 2153 658 2201 Halaesus
705 2167 871 2212 equos:
926 2169 983 2201 ex
1030 2154 1131 2200 alia
1177 2155 1319 2215 parte
1367 2152 1598 2202 veniebat
1648 2153 1906 2217 originalis

212 2228 370 2276 hostis
408 2226 680 2287 Halaesus,
727 2228 863 2275 ortus
908 2227 970 2275 ab
1009 2226 1404 2290 Agamemnone,
1453 2243 1598 2289 quem
1646 2227 1909 2276 constabat

212 2303 262 2349 in
298 2301 473 2349 Troiae
506 2300 693 2349 excidio
725 2300 997 2362 plurimum
1029 2301 1254 2350 saevisse.
1312 2301 1542 2350 veniebat
1571 2300 1728 2364 igitur
1759 2316 1907 2349 curru

112 2387 195 2426 725
212 2377 383 2424 vectus
410 2376 669 2434 Turnoque
694 2375 869 2435 ferocis
899 2375 1029 2422 mille
1059 2376 1193 2434 rapit
1213 2375 1446 2435 populos:
1475 2375 1651 2422 ferocis
1677 2375 1906 2437 popuIOS,

212 2449 401 2512 inquit,
454 2449 591 2496 mille
646 2451 980 2512 congesserat,
1042 2450 1128 2510 qui
1181 2449 1368 2496 ferrent
1421 2447 1663 2496 auxilium
1721 2449 1906 2496 Turno.

214 2523 589 2571 multitudinem
628 2521 821 2570 numeri
860 2523 931 2570 ait
970 2524 1018 2570 et
1057 2524 1249 2572 animos
1293 2521 1464 2570 trucis.
1539 2522 1674 2570 mille
1715 2523 1905 2585 populi,

213 2598 306 2645 hoe
346 2599 422 2645 est
458 2596 594 2644 mille
634 2598 804 2659 gentes
847 2595 1159 2657 accipiendae
1195 2598 1332 2658 sunt,
1370 2611 1468 2644 non
1500 2595 1636 2643 mille
1666 2596 1904 2644 homines.

213 2675 404 2718 vertunt
441 2671 604 2729 felicia
642 2670 836 2718 Baccho
874 2671 1099 2718 Massica
1138 2672 1222 2730 qui
1258 2670 1458 2719 rastris:
1495 2669 1661 2717 felicia
1691 2670 1903 2731 Baccho,

335 2801 356 2839 1
406 2798 563 2854 maqni
600 2795 642 2840 V
688 2801 729 2840 et
766 2810 823 2839 m.
864 2795 936 2838 ed.
1067 2801 1091 2839 6
1135 2797 1465 2852 participatum
1506 2794 1546 2837 V
1591 2795 1780 2839 -tionem
1831 2795 1901 2838 ed.

216 2859 241 2898 8
268 2857 497 2899 Mutiscae
521 2855 591 2899 ed.
682 2859 707 2897 9
738 2859 779 2898 te
802 2856 985 2898 treticae
1001 2854 1054 2897 V.
1151 2859 1205 2899 10
1237 2868 1528 2910 caspeamque
1546 2853 1597 2896 V.
1692 2858 1744 2897 17
1770 2858 1902 2898 tot-

217 2917 272 2956 18
311 2920 418 2969 quot
455 2915 525 2958 ed.
649 2918 703 2957 31
744 2915 898 2957 animo
931 2913 971 2956 V
1003 2914 1073 2956 ed.
1197 2918 1252 2957 32
1291 2918 1442 2970 yentes
1471 2913 1513 2954 V
1546 2913 1616 2956 ed.
1649 2912 1805 2956 nescio
1843 2926 1903 2955 an

218 2973 483 3016 iterandum
516 2973 588 3016 sit.
713 2976 767 3015 33
800 2973 956 3027 felicia
987 2973 1170 3017 Baccho
1200 2973 1249 3016 in
1281 2973 1471 3028 interpr.
1508 2985 1596 3017 om.
1629 2971 1700 3016 ed.

1945 979 1988 1012 10

1944 1347 1986 1381 16

1941 1719 1985 1751 20

1939 2087 1981 2120 25

1937 2457 1980 2489 30
