2050 3226
0 3159 11 3226 -Λκ,

768 184 1072 230 AENEIDos
1102 183 1167 228 1x
1705 189 1813 243 225

123 326 245 376 talia
293 327 432 387 fatwr
479 325 759 386 Euryalus:
807 339 883 373 me
929 325 1071 373 nulla
1120 325 1224 373 dies
1273 329 1374 374 tam
1420 326 1629 386 fortibus
1678 323 1815 376 ausis

10 400 26 463 ξ
123 401 408 449 dissimilem
446 401 685 461 arquevit:
722 415 1020 461 numquam,
1057 398 1244 462 inquit,
1282 399 1368 448 fiet
1403 402 1463 447 ut
1500 399 1605 449 dies
1646 401 1816 463 aliqua

122 476 284 524 mutet
331 474 631 524 sententiam
678 489 862 534 meam,
916 473 996 522 vel
1040 473 1253 522 maxime
1306 473 1360 521 in
1413 474 1508 522 hac
1564 489 1714 523 causa
1764 475 1815 522 in

125 565 224 611 qua
275 550 422 597 tanta
472 548 635 612 gloria
680 550 732 596 et
776 548 950 596 tantus
996 547 1196 596 futurus
1246 547 1322 596 est
1370 547 1533 609 labor,
1582 563 1672 596 nec
1723 550 1818 597 erit

73 638 93 671 5
125 625 388 686 quisquam
438 621 528 685 qui
576 637 654 670 me
702 624 886 670 mutati
938 621 1133 671 consilii
1185 623 1354 670 teneat
1405 638 1559 670 reum.
1629 626 1819 671 tantwm

122 700 323 758 fortuna
353 696 581 752 secimda,
605 696 727 744 haut
755 696 966 744 adversa
997 696 1164 744 cadat:
1194 696 1358 745 solum
1387 696 1514 744 illud
1544 712 1605 744 ne
1626 696 1681 744 in
1704 712 1816 746 con-

122 768 340 820 trarium
370 772 536 820 vertat
573 770 707 832 quod
744 771 796 818 in
835 772 1008 819 nostra
1044 786 1144 818 non
1182 773 1258 820 est
1295 771 1516 833 positum
1555 773 1819 834 potestate,

123 845 313 894 scilicet
349 845 579 894 fortunae
616 844 859 892 iudicium
897 847 948 893 et
987 860 1195 908 prosper
1239 846 1400 893 exitus
1448 846 1586 894 facti.
1654 845 1740 894 sed
1777 848 1820 893 te

122 934 270 980 super
306 920 473 967 omnia
510 919 640 967 dona
670 934 827 967 unum
864 933 972 967 oro:
1008 935 1165 967 unum
1201 918 1391 983 inquit,
1429 936 1490 967 ne
1529 921 1646 983 post
1674 921 1820 968 tanta

51 1009 94 1042 10
124 1010 252 1057 quae
291 993 538 1057 promissa
576 994 775 1042 fuerant
814 992 927 1042 odio
967 993 1250 1056 suppetitor
1286 993 1438 1042 fieret.
1502 993 1680 1056 incipit
1717 995 1820 1042 iam

122 1067 290 1116 venire
322 1067 387 1115 ad
416 1070 582 1131 ipsum
614 1084 772 1115 unum
802 1069 909 1116 arte
939 1067 1169 1130 mirifica3
1205 1067 1519 1116 commendat
1549 1069 1681 1116 enim
1714 1069 1818 1116 eius

122 1157 392 1210 personam
433 1142 514 1190 cui
559 1143 725 1204 ipsum
769 1158 927 1190 unum
965 1141 1132 1190 fuerat
1176 1143 1441 1205 petiturus.
1508 1158 1599 1191 nec
1635 1142 1688 1190 in
1726 1143 1820 1191 hac

123 1218 265 1279 parte
302 1231 491 1264 morem
529 1231 674 1264 suum
712 1218 861 1279 poeta
908 1215 1146 1278 deseruit3
1191 1217 1353 1279 primo
1401 1217 1533 1264 enim
1573 1216 1696 1265 dicit
1734 1232 1822 1265 cur

123 1292 287 1353 petat,
325 1306 416 1353 pro
448 1306 551 1353 qua
581 1293 742 1353 petat,
780 1292 901 1338 tunc
931 1290 1070 1339 venit
1100 1289 1164 1339 ad
1201 1290 1328 1338 illud
1359 1290 1492 1353 quod
1523 1307 1582 1339 ex
1611 1292 1820 1340 necessi·

53 1378 94 1411 15
123 1367 228 1413 tate
259 1364 563 1427 poscendum
593 1366 689 1427 est3
728 1362 945 1412 multum
975 1364 1107 1413 enim
1138 1363 1439 1413 desiderium
1472 1365 1650 1414 iuvant
1679 1381 1820 1430 prae-

124 1438 304 1488 missae
335 1454 528 1500 causae,
560 1439 603 1487 si
632 1442 886 1503 ponantur
913 1440 1105 1501 primae
1136 1455 1289 1502 quam
1311 1441 1591 1502 postremae
1621 1442 1821 1488 nectan-

123 1516 221 1561 tur.
287 1513 434 1575 ponit
476 1513 637 1578 igitur
682 1513 1160 1562 commendationem
1204 1514 1440 1577 primam,
1480 1529 1630 1576 quae,
1669 1515 1712 1562 si
1749 1514 1823 1562 ffli

124 1589 360 1645 meritum
396 1603 498 1636 non
534 1590 746 1649 teneret,
785 1587 990 1636 haberet
1026 1589 1195 1636 tamen
1234 1604 1293 1636 ex
1330 1589 1524 1637 ratione
1564 1589 1822 1652 sanguinis

126 1661 332 1725 pondus.
396 1664 546 1725 atque
595 1663 671 1710 ita
719 1663 848 1710 hanc
898 1662 1079 1724 arripit
1115 1663 1334 1725 partem,
1383 1665 1442 1710 ut
1479 1663 1733 1726 ingratum
1772 1657 1842 1710 se'

52 1749 96 1782 20
121 1744 225 1785 'non
263 1751 367 1785 esse
407 1735 468 1784 de
506 1735 790 1799 praeteritis
820 1738 1066 1785 monstret
1103 1739 1154 1785 et
1190 1733 1358 1785 tamen
1399 1736 1560 1785 adhuc
1597 1737 1692 1786 sibi
1732 1737 1822 1785 ali-

127 1809 248 1872 quid
294 1809 495 1859 adserat
539 1811 894 1872 necessarium,
935 1812 988 1858 in
1029 1827 1129 1874 quo
1167 1813 1277 1873 ipso
1316 1826 1416 1859 non
1456 1811 1697 1860 avaritiae
1737 1810 1843 1860 sed:

125 1883 327 1947 pietatis
368 1885 589 1933 studium
627 1885 967 1948 conprobaret.
1032 1886 1270 1947 genetrix,
1310 1884 1498 1948 inquit,
1535 1885 1729 1933 Priami
1766 1885 1824 1933 de

123 1961 260 2019 yente
296 1961 484 2006 vetusta
522 1962 592 2007 est
625 1960 770 2007 mihi:
813 1975 998 2023 magna
1042 1959 1264 2022 pondera
1301 1959 1565 2008 verborum
1603 1959 1823 2024 singulo·
1842 1966 1927 2006 285

126 2033 258 2081 rum!
320 2033 635 2095 propositum
672 2033 859 2097 quippe
898 2037 974 2082 est
1010 2036 1289 2082 maternum
1327 2050 1507 2083 nomen
1546 2034 1682 2096 quod
1711 2033 1824 2081 reli·

54 2119 97 2153 85
129 2106 274 2171 gione
303 2109 528 2156 transeat
558 2106 783 2156 adfectus
816 2110 1004 2157 ceteros
1036 2111 1086 2156 et
1114 2109 1378 2157 maiestate
1409 2108 1612 2172 pietatis
1649 2123 1824 2171 exupe-

126 2183 216 2230 ret.
279 2180 506 2244 sequitur
536 2181 792 2246 sanguinis
824 2197 988 2243 causa,
1027 2182 1163 2245 quod
1194 2184 1325 2231 esset
1355 2198 1413 2230 ex
1436 2198 1614 2247 genere
1637 2182 1826 2230 Priami

129 2271 218 2304 nec
249 2256 526 2304 accessione
557 2271 709 2316 nova,
740 2255 826 2305 sed
856 2256 1121 2305 vetustatis
1153 2257 1346 2305 ratione
1378 2258 1653 2305 coniuncta.
1706 2254 1824 2305 ‘ecce

131 2332 256 2392 quot
285 2329 478 2391 merita,
508 2333 671 2378 mater
700 2330 833 2379 tanti
856 2330 954 2379 viri
977 2332 1028 2378 et
1051 2333 1098 2378 ei
1121 2347 1318 2394 quoque
1345 2331 1426 2379 cui
1450 2331 1824 2379 commendaba-

129 2406 215 2452 tur
260 2403 436 2452 adfinis
483 2406 636 2467 atque
686 2421 745 2452 ex
792 2406 938 2468 gente
988 2404 1178 2453 Priami
1226 2406 1462 2454 interiore
1512 2405 1823 2454 descendens.

57 2491 101 2523 so
133 2477 255 2541 quid
291 2478 383 2526 illa
427 2494 528 2537 non
565 2481 839 2527 mereretur
885 2479 947 2534 ab
987 2495 1044 2528 eo
1083 2495 1173 2542 pro
1213 2479 1351 2528 cuius
1394 2481 1537 2543 patre
1577 2479 1823 2542 Euryalus

250 2654 276 2692 2
317 2655 526 2707 arqueret
558 2649 613 2694 V.
737 2655 762 2694 6
801 2651 914 2695 haut
943 2649 985 2694 V
1024 2655 1107 2695 aut
1145 2650 1216 2695 ed.
1276 2651 1281 2708 Ι
1339 2650 1826 2695 illud—contrarium

131 2710 306 2753 temere
344 2710 457 2753 mut.
494 2709 566 2752 ed.
690 2714 714 2753 ’7
751 2711 1022 2766 positum—
1042 2713 1068 2753 8
1102 2710 1220 2764 facti
1255 2710 1382 2754 item.
1507 2713 1561 2752 10
1602 2710 1826 2765 promissa

133 2781 221 2811 om.
248 2767 319 2811 ed.
367 2767 372 2826 Ι
422 2769 671 2824 subpetitor
693 2768 736 2812 V
765 2770 1014 2825 suspectior
1044 2769 1115 2813 ed.
1239 2775 1293 2813 11
1326 2770 1446 2813 enim
1469 2768 1512 2811 V
1541 2773 1720 2813 tantum
1751 2767 1823 2811 ed.

135 2831 188 2870 12
221 2828 298 2871 cui
321 2825 363 2870 V
393 2842 423 2871 a
454 2841 541 2883 quo
572 2827 644 2872 ed.
769 2832 822 2872 13
855 2842 937 2873 cur
958 2827 1000 2871 V
1032 2843 1062 2873 a
1093 2843 1179 2887 quo
1211 2828 1282 2872 ed.
1400 2833 1454 2871 14
1479 2841 1569 2883 pro
1591 2826 1633 2869 V
1664 2827 1826 2871 deinde

127 2899 215 2941 pro
247 2885 317 2930 ed.
443 2890 496 2930 15
530 2887 853 2932 desideriorum
885 2887 955 2930 ed.
1080 2892 1133 2931 17
1165 2889 1207 2932 si
1238 2902 1325 2931 om.
1353 2887 1424 2931 ed.
1540 2891 1593 2930 21
1626 2887 1721 2942 ipse
1752 2885 1824 2930 ed.

136 2949 191 3047 ἐξ
224 2946 386 3048 eitnquit
427 2959 515 3047 qim.
552 2946 623 2991 ed.
762 2951 819 2990 24
852 2948 1139 3003 propositum
1181 2949 1347 3003 quippe
1388 2948 1564 2990 temere
1606 2947 1717 2989 mut.
1751 2945 1823 2989 ed.

296 3017 383 3047 om.
409 3018 434 3048 e
471 3038 481 3048 .

223 3093 321 3127 Don.
337 3093 494 3134 interpr.
507 3094 620 3135 Vei-g.
644 3095 719 3128 vol.
734 3095 785 3127 11.
1503 3098 1556 3137 15
