2050 3226
246 194 356 247 304
719 191 954 237 DONATI
982 191 1263 237 INTERPR.
1288 191 1466 237 VERG.

243 332 456 392 fandum
495 333 594 381 est?
654 331 749 381 tibi
785 332 884 393 viS,
922 331 1108 396 inquit,
1144 331 1342 380 licuisse
1381 333 1439 380 ut
1475 331 1678 380 Aenean
1707 331 1938 381 manibus

245 407 456 469 eriperes
506 405 747 455 hostium:
799 405 1060 454 artificiose
1110 406 1303 468 posuit3
1351 421 1468 454 nam
1519 406 1562 454 si
1611 405 1795 455 diceret
1845 406 1940 454 tibi

244 480 387 529 licuit
434 479 643 528 liberare
691 480 872 540 filium,
921 481 1051 527 recte
1102 479 1274 542 utique
1324 479 1510 528 fecerat
1553 482 1727 528 mater.
1806 480 1940 542 quod

243 570 360 603 vero
394 553 454 602 de
486 555 733 603 conversis
757 553 811 600 in
833 554 1078 616 nymphas
1102 553 1313 602 navibus
1339 553 1687 602 obiectandum
1712 553 1938 615 credidit,

243 644 343 676 non
396 628 589 689 Venus,
644 627 730 676 sed
784 626 932 675 deum
982 629 1242 676 curaverat
1287 629 1523 691 genetrix.
1599 643 1689 676 nos
1745 628 1938 691 aliquid
1982 641 2010 676 ἐ

243 704 416 751 contra
453 703 669 750 Rutulos
708 702 894 751 iuvisse
933 701 1204 750 nefandum
1249 701 1357 750 est?
1433 702 1614 764 scelus,
1654 701 1747 764 ait,
1786 704 1936 765 putas

243 775 538 837 admissum,
571 776 707 838 quod
737 792 796 822 ex
828 775 1000 837 aliqua
1037 777 1180 839 parte
1220 775 1501 826 adiuvimus
1532 776 1761 825 Rutulos.
1814 777 1937 824 bene

174 883 178 886 ·
243 849 532 898 extenuavit
571 850 704 913 quod
741 851 853 912 ipsa
890 849 1145 917 praestitit
1183 849 1387 899 dicendo
1425 850 1478 898 in
1515 850 1708 899 invidia
1754 866 1938 912 sumuS,

150 1450 205 1491 85

244 925 364 987 quia
411 924 605 986 aliquid
649 939 738 986 pro
785 924 988 972 Rutulis
1034 924 1262 986 fecimus,
1300 927 1359 972 ut
1404 925 1729 988 intellegatur
1774 941 1834 973 ex
1879 940 1936 973 eo

241 1002 300 1046 tu
337 999 556 1061 plurima
595 1000 645 1046 et
674 1013 858 1062 magna
889 997 1159 1046 contulisti.
1222 997 1307 1046 sed
1336 1014 1436 1046 non
1467 999 1670 1046 fuerunt
1698 1014 1936 1061 personae
1968 1015 2011 1048 10

242 1073 518 1120 consimiles
573 1087 662 1120 nec
716 1088 861 1134 pares
917 1071 1227 1121 substantiae
1283 1087 1566 1120 causarum:
1621 1072 1791 1121 Venus
1844 1088 1934 1135 pro

239 1146 364 1207 filio,
411 1162 501 1209 pro
539 1147 799 1195 voluntate
838 1146 1078 1208 fatorum,
1124 1147 1394 1195 secundum
1439 1146 1645 1195 deorum
1683 1161 1936 1210 responsa,

241 1236 369 1282 quae
408 1221 575 1284 superi
615 1222 664 1268 et
693 1236 863 1268 manes
895 1220 1171 1281 ediderant,
1202 1221 1256 1268 in
1288 1236 1437 1269 causa
1467 1222 1604 1269 iusta
1642 1220 1807 1268 adfuit
1836 1236 1935 1268 non

238 1296 345 1343 tam
385 1295 520 1355 aliis,
561 1294 645 1342 sed
683 1294 801 1356 sibi,
839 1294 964 1344 Iuno
1004 1311 1121 1344 vero
1154 1310 1242 1357 pro
1277 1295 1461 1356 alieno,
1492 1294 1546 1342 in
1578 1310 1729 1343 causa
1759 1296 1935 1343 iniusti

240 1369 375 1430 odii,
416 1370 588 1417 contra
637 1369 769 1430 fata,
820 1371 992 1418 contra
1043 1370 1210 1417 omnia
1261 1385 1387 1432 quae
1439 1384 1589 1432 supra
1638 1369 1773 1417 dicta
1818 1370 1935 1417 sunt
1965 1383 2007 1418 15

238 1443 451 1491 Rutulos
484 1443 686 1492 fovebat
716 1445 766 1491 et
789 1444 1026 1491 Turnum.
1081 1442 1277 1491 Aeneas
1307 1444 1513 1504 iynarus
1541 1444 1694 1500 abest,
1727 1443 1933 1504 iynarus

240 1520 283 1564 et
331 1518 480 1565 absit:
535 1517 711 1578 obicis,
764 1517 953 1579 inquit,
1007 1517 1130 1564 mihi
1183 1516 1380 1565 Aeneae
1434 1517 1797 1580 peregrinantis
1849 1517 1931 1565 ab·

239 1592 451 1640 sentiam
490 1594 540 1639 et
579 1591 710 1654 quod
747 1592 875 1639 nihil
911 1592 1091 1639 horum
1131 1593 1276 1639 sciat:
1317 1594 1467 1653 atque
1506 1591 1701 1639 utinam
1740 1606 1934 1654 semper

236 1665 287 1712 in
327 1665 576 1714 erroribus
615 1665 766 1729 degat
803 1665 1027 1728 nihilque
1075 1668 1270 1729 gestum
1315 1665 1603 1727 factumque
1650 1667 1929 1728 cognoscat.

238 1742 306 1786 est
342 1740 544 1799 Paphus
578 1739 892 1799 Idaliwmqne
929 1740 1035 1794 tibi,
1075 1743 1189 1788 sant
1220 1739 1322 1787 alta
1356 1736 1585 1800 Cythera:
1624 1739 1740 1798 quid
1766 1740 1931 1799 yravi-
1962 1752 2006 1786 20
2049 1784 2050 1804 Ι

237 1813 353 1860 dam
403 1814 538 1861 bellis
587 1815 755 1862 urbem
805 1817 847 1861 et
896 1813 1044 1861 eorda
1094 1827 1271 1873 aspera
1317 1814 1554 1873 temptas?
1629 1812 1781 1861 habes
1821 1813 1931 1862 loca

236 1887 543 1949 voluptaria,
584 1903 812 1949 amoena,
852 1886 1109 1948 deliciosa,
1148 1887 1494 1935 convenientia
1531 1886 1634 1934 filio
1666 1889 1776 1936 tuo:
1809 1887 1931 1949 quid

238 1962 434 2023 quaeris
465 1964 710 2024 temptare
743 1961 875 2024 quod
906 1963 1230 2025 provocatum
1261 1962 1386 2010 ferre
1418 1977 1517 2009 non
1541 1960 1736 2023 possis?
1768 1962 1931 2009 adhuc

235 2038 539 2097 perseverat,
603 2035 747 2099 quasi
800 2035 1006 2084 Troiani
1064 2036 1311 2084 moverint
1370 2035 1571 2083 bellum.
1670 2034 1930 2099 gravidam

235 2109 378 2157 bellis
438 2109 612 2157 urbem
673 2111 722 2158 et
784 2109 931 2158 corda
986 2125 1161 2172 aspera
1215 2108 1464 2172 temptas?
1556 2109 1676 2172 quid
1731 2109 1927 2172 quaeris
1960 2121 2002 2155 25

235 2182 480 2245 temptare
518 2183 604 2230 ubi
641 2183 774 2231 bella
813 2185 1047 2248 congesta
1085 2186 1201 2232 sunt
1240 2187 1289 2232 et
1326 2199 1522 2232 movere
1563 2198 1644 2232 eos
1686 2184 1772 2245 qui
1811 2186 1929 2231 sunt

236 2258 534 2306 naturaliter
571 2258 686 2318 feri,
727 2258 815 2320 qui
845 2274 944 2306 non
976 2258 1122 2306 facile
1153 2258 1315 2306 sedari
1345 2259 1554 2320 possunt
1592 2273 1703 2305 cum
1740 2257 1929 2305 fuerint

234 2330 398 2378 moti?
466 2345 616 2379 nosne
653 2332 739 2379 tibi
777 2333 940 2390 fluxas
978 2332 1220 2394 Phryyiae
1257 2346 1336 2380 res
1373 2334 1553 2379 vertere
1590 2330 1745 2390 fundo
1786 2345 1927 2380 cona-

355 2477 380 2514 2
432 2472 498 2516 ibi
550 2486 634 2527 pro
681 2473 765 2516 tibi
811 2472 907 2516 VR.
1073 2477 1097 2516 3
1153 2474 1316 2529 ubique
1361 2471 1446 2515 VR
1492 2472 1563 2515 ed.
1618 2472 1771 2527 utique
1827 2485 1923 2515 nos.

238 2535 260 2574 7
295 2533 513 2575 amissum
543 2531 629 2574 VR
661 2545 774 2575 corr.
800 2547 834 2574 r.
869 2532 939 2575 ed.
1064 2536 1089 2575 8
1122 2533 1303 2576 dicendi
1333 2531 1388 2575 V.
1505 2536 1557 2574 11
1591 2544 1671 2575 nec
1695 2544 1811 2586 pars
1842 2530 1927 2574 VR

236 2603 349 2634 corr.
392 2591 462 2634 ed.
571 2595 626 2634 13
658 2604 840 2648 magnes
878 2590 963 2634 VR
1001 2605 1156 2636 manes
1192 2606 1227 2634 r.
1254 2592 1325 2635 ed.
1377 2591 1380 2648 Ι
1432 2590 1708 2634 addiderant
1737 2589 1822 2632 VR
1853 2590 1924 2633 ed.

238 2654 291 2692 14
323 2654 417 2693 tam
441 2649 525 2692 VR
548 2654 727 2694 tantum
759 2650 829 2694 ed.
875 2650 879 2708 Ι
918 2663 1004 2705 pro
1035 2651 1184 2695 alieno
1208 2650 1304 2694 VR.
1332 2649 1538 2704 corrupit
1569 2649 1684 2692 edF.
1723 2648 1727 2706 Ι
1762 2650 1927 2693 iniusti

234 2708 275 2751 R
306 2710 418 2753 iusti
447 2708 489 2752 V
521 2709 592 2752 ed.
624 2722 718 2753 non
747 2710 865 2752 iusto
898 2709 968 2753 ed.
1002 2711 1121 2764 post.
1246 2714 1300 2753 15
1332 2709 1435 2754 odio
1466 2708 1537 2751 ed.
1570 2709 1693 2763 post.
1797 2711 1853 2751 18
1885 2713 1927 2752 et

234 2768 353 2822 quod
383 2767 466 2810 VR
498 2774 550 2813 ut
579 2768 758 2824 quidem
790 2767 859 2811 ed.
954 2772 1009 2811 20
1041 2769 1225 2824 Paphos
1264 2768 1335 2812 ed.
1371 2767 1376 2825 Ι
1412 2767 1607 2812 idalium
1637 2780 1752 2823 quae
1781 2765 1878 2810 VR.
1915 2766 1920 2825 Ι

234 2827 330 2870 alia
378 2828 554 2870 cithara
591 2827 676 2870 VR
722 2841 765 2871 a.
812 2828 982 2871 cithera
1013 2842 1047 2870 r.
1172 2832 1224 2871 21
1266 2831 1454 2883 temptas
1498 2826 1540 2869 R
1586 2831 1823 2882 tempestas
1868 2825 1922 2868 V.

235 2890 288 2928 22
351 2887 644 2941 voluptuaria
675 2885 746 2930 ed.
783 2885 787 2943 Ι
822 2886 919 2940 filio
949 2900 1044 2931 meo
1075 2886 1128 2929 R.
1222 2891 1278 2930 24
1308 2886 1475 2931 moveri
1511 2887 1562 2929 in
1592 2885 1676 2928 VR
1707 2886 1926 2929 moverint

235 2944 304 2987 ed.
429 2950 483 2988 26
515 2946 683 2989 moveri
714 2958 785 2989 eos
815 2944 899 2987 VR
931 2945 1002 2988 ed.
1047 2945 1052 3003 Ι
1093 2947 1188 2990 sint
1217 2945 1269 2989 R.
1393 2948 1447 2988 27
1480 2949 1651 2989 natura
1683 2943 1753 2988 ed.
1792 2944 1795 3001 Ι
1830 2956 1923 2988 non

234 3002 318 3045 VR
349 3005 427 3059 qui
458 3017 550 3048 non
580 3003 695 3048 edF.
729 3017 825 3047 nos.
863 3007 867 3061 Ι
897 3009 1082 3060 possent
1112 3004 1166 3049 V.
1290 3007 1346 3047 28
1379 3017 1501 3061 reyes
1531 3017 1615 3059 pro
1647 3016 1717 3048 res
1747 3002 1801 3047 V.
