2050 3226
720 211 1024 256 AENEIDos
1048 211 1156 255 VIII
1683 214 1787 269 145

98 369 269 404 versus
317 355 596 401 monstrum
653 351 966 400 intolerabile
1028 366 1140 399 cum
1200 354 1484 414 optaremus
1547 353 1791 401 auxilium

99 429 365 490 conpetens
388 425 662 489 provenire,
687 427 990 488 oportunum
1013 425 1285 487 aliquando
1308 427 1504 488 tempus
1522 425 1791 475 adventum

100 502 180 550 dei
216 501 361 550 istius
401 500 622 561 advexit,
668 502 728 547 ut
773 499 914 548 nobis
963 515 1158 562 quoque
1204 499 1460 562 prodesset
1504 502 1564 548 ut
1602 501 1790 549 ceteris.

99 575 394 638 suscipimus
431 575 592 638 igitur
626 574 876 636 hospitem
914 575 964 622 et
1002 575 1232 636 optatum
1264 574 1350 621 diu
1379 574 1646 636 probamus
1684 575 1792 624 vin-

22 661 71 696 .5
102 650 273 698 dicem.
347 663 467 696 nam
510 648 757 696 maximus
803 649 932 696 ultor
969 649 1218 708 teryemini
1254 662 1366 696 nece
1407 647 1647 709 Geryonis
1685 663 1793 709 spo-

100 725 273 783 liisque
308 723 548 782 superbus
584 720 783 770 Alcides
825 722 998 770 aderat
1034 725 1293 782 taurosque
1321 722 1414 770 hac
1443 724 1593 771 victor
1623 725 1796 784 ayebat

0 855 1 864 ἵ
99 798 307 858 inqentis
354 796 624 855 vallemque
673 797 813 844 boves
863 810 1147 856 amnemque
1194 797 1440 845 tenebant:
1490 799 1650 846 occiso
1704 797 1792 846 tri-

100 872 249 920 formi
300 872 524 919 monstro
579 871 630 917 et
681 870 948 919 vindicatis
1002 869 1288 934 regionibus
1345 887 1467 933 quas
1521 874 1794 934 perniciose

100 945 387 1009 possederat
433 945 568 993 tanti
615 945 739 992 mali
788 944 1048 993 calamitas
1098 960 1187 1007 per
1238 960 1328 994 nos
1381 946 1542 994 victor
1593 945 1794 995 Alcides

14 1032 74 1067 κιο
99 1019 277 1068 habuit
305 1018 578 1067 transitum
606 1019 770 1066 laetus
802 1019 1028 1067 secundis
1059 1018 1207 1068 rebus
1232 1021 1282 1066 et
1305 1019 1582 1081 spoliorum
1610 1035 1796 1084 pompa

101 1094 370 1159 gloriosus3
418 1092 630 1141 ducebat
675 1093 860 1156 quippe
905 1094 1159 1157 ingentem
1212 1109 1472 1141 numerum
1524 1094 1698 1156 boum,
1742 1094 1797 1142 in

11 1176 13 1178 ’
103 1168 282 1231 quibus
333 1167 430 1215 fuit
479 1167 867 1216 emolumentum
916 1169 966 1215 et
1015 1168 1213 1231 signum
1259 1168 1505 1230 perfectae
1542 1170 1795 1218 victoriae.

101 1242 156 1290 hi
192 1243 342 1290 boves
381 1243 555 1304 pastus
594 1243 645 1289 et
682 1241 817 1290 fotus
849 1257 998 1290 causa
1028 1240 1290 1290 herbosam
1320 1243 1586 1290 tenuerant
1614 1243 1798 1291 vallem

104 1319 155 1365 et
201 1315 419 1364 fluminis
467 1315 644 1377 ripam.
730 1316 831 1364 loci
879 1317 930 1363 et
976 1315 1190 1363 istorum
1240 1318 1577 1364 armentorum
1612 1316 1797 1366 idcirco

7 1402 74 1439 :15
103 1392 291 1440 inserta
330 1389 597 1452 descriptio
637 1391 714 1437 est
751 1391 802 1438 et
838 1389 1121 1453 significata
1158 1391 1418 1439 innumera
1447 1390 1599 1439 boum
1627 1392 1798 1440 multi-

103 1465 250 1526 tudo,
289 1464 528 1526 quoniam
560 1462 687 1511 Caco
726 1464 840 1526 ipsa.
877 1463 1117 1512 dederant
1148 1466 1457 1513 occasionem
1487 1465 1704 1527 furandi,
1741 1467 1801 1514 ut

105 1539 324 1588 occultus
370 1537 567 1586 inlicita
611 1540 804 1601 gereret
843 1539 894 1586 et
931 1538 990 1586 de
1028 1539 1200 1587 multis
1239 1538 1425 1601 perisse
1465 1540 1660 1602 aliquos
1699 1557 1799 1589 non

104 1615 273 1676 posset
316 1612 557 1676 intellegi.
634 1615 687 1660 at
728 1612 879 1672 furiis
921 1610 1039 1660 Caci
1083 1627 1219 1660 mens
1259 1614 1430 1672 effera,
1470 1628 1531 1661 ne
1569 1615 1687 1673 quid
1725 1616 1798 1662 in·
1816 1626 1902 1665 205

106 1702 284 1736 auswm
322 1689 409 1734 aut
444 1687 760 1734 intractatum
796 1687 1046 1734 scelerisve
1083 1687 1238 1735 dolive
1274 1688 1468 1747 fuisset,
1509 1691 1735 1748 quattuor
1769 1704 1801 1736 a

34 1773 79 1807 so
105 1761 312 1810 stabulis
354 1761 634 1822 praestanti
682 1774 878 1821 corpore
926 1764 1095 1809 tauros
1145 1762 1338 1818 avertit,
1394 1762 1586 1810 totidem
1638 1765 1802 1823 forma

106 1838 367 1895 superante
403 1835 660 1882 iuvencas:
713 1835 951 1896 quoniam
988 1836 1134 1884 tanta
1171 1836 1425 1884 temeritas
1463 1836 1631 1885 fuerat
1671 1835 1802 1898 Caci,

106 1912 166 1957 ut
203 1909 316 1957 dolo
355 1909 436 1958 vel
473 1907 647 1956 fraude
680 1911 926 1958 averteret
957 1909 1144 1971 aliena,
1174 1925 1364 1957 morem
1393 1911 1588 1972 proprii
1617 1911 1801 1960 furoris

109 1982 359 2045 adripiens
409 1983 520 2030 octo
569 1982 720 2032 boves
770 1984 950 2032 electos
998 1989 1062 2031 ex'
1096 1983 1323 2032 omnibus
1363 1984 1499 2032 furto
1539 1985 1802 2034 subtraxit.

109 2060 251 2116 atque
287 2057 395 2113 hoe,
434 2070 496 2104 ne
534 2071 632 2115 qua
676 2059 838 2117 forent
863 2058 1077 2117 pedibus
1113 2059 1316 2119 vestiyia
1353 2059 1508 2116 rectis,
1550 2060 1711 2107 cauda
1749 2061 1803 2107 in
1819 2071 1905 2110 210

16 2141 80 2190 εεις
107 2131 390 2192 speluncam
441 2134 618 2178 tractos
675 2132 920 2192 versisque
967 2132 1164 2180 viarum
1215 2132 1412 2180 indiciis
1463 2136 1631 2193 raptos
1682 2148 1803 2182 saxo

17 2215 19 2217 ·
108 2205 378 2253 occultabat
398 2219 572 2264 opaco:
610 2205 717 2253 arte
743 2204 899 2254 Cacus
923 2206 1163 2254 scelerata
1186 2206 1509 2255 contenderat
1530 2209 1591 2255 ut
1612 2207 1805 2256 furtum

108 2279 368 2342 ingeniosa
412 2278 699 2327 inventione
750 2281 1054 2343 contegeret3
1100 2296 1218 2328 nam
1265 2282 1460 2329 retenta
1510 2282 1804 2330 animfflium

111 2352 271 2402 cauda
315 2355 589 2401 retrorsum
633 2354 797 2401 nitens
844 2354 1000 2402 traxit
1042 2354 1096 2401 in
1142 2354 1454 2416 speluncam,
1500 2358 1559 2404 ut
1603 2355 1657 2403 in
1694 2373 1803 2418 per-

19 2418 24 2475 s
110 2442 310 2475 versum
349 2426 501 2475 ducta
539 2427 754 2491 vestigia
792 2427 1094 2490 explorantis
1132 2428 1460 2477 intentionem
1506 2430 1650 2492 plene
1691 2446 1803 2478 con·

22 2501 84 2546 ⁷³⁰
112 2500 391 2549 funderent.
476 2502 725 2562 quaerenti
770 2502 911 2549 nulla
957 2502 1023 2550 acl
1060 2503 1343 2562 speluncam
1380 2504 1525 2564 siyna
1561 2505 1806 2564 ferebant:

111 2575 341 2637 proinde,
396 2574 440 2623 si
492 2577 753 2637 quaereret
806 2575 1090 2638 quisquam,
1145 2575 1484 2625 deficientibus
1539 2577 1692 2642 signis
1742 2577 1806 2624 ad

112 2649 254 2696 illam
292 2649 582 2711 speluncam
618 2651 877 2712 pervenire
916 2665 1016 2698 non
1052 2651 1264 2713 poterat.
1318 2652 1516 2707 interea,
1558 2666 1664 2700 cum
1703 2652 1806 2699 iam

233 2793 259 2832 3
291 2789 476 2834 advexit
497 2789 540 2834 V
570 2792 785 2835 concessit
815 2789 887 2835 ed.
923 2790 929 2849 Ι
961 2795 1016 2835 ut
1037 2792 1193 2837 ceteris
1214 2791 1258 2835 V
1287 2793 1339 2836 in
1370 2806 1406 2836 c.
1439 2791 1509 2835 ed.
1610 2795 1636 2835 5
1669 2796 1806 2848 terye-

114 2848 231 2892 mini
254 2861 342 2892 om.
352 2847 406 2891 V.
437 2848 441 2906 Ι
469 2849 734 2907 ryyionesV
754 2849 980 2907 Geryonis
995 2849 1066 2894 ed.
1088 2850 1326 2908 Geryonae
1350 2849 1665 2906 optimiVerg.
1681 2849 1805 2894 libri.

117 2910 144 2949 6
183 2920 239 2951 ac
274 2921 360 2962 pro
397 2908 484 2952 hac
517 2907 574 2952 V.
696 2914 720 2952 7
761 2909 1011 2962 triformem
1036 2908 1080 2952 V
1112 2923 1225 2954 corr.
1260 2910 1331 2954 ed.
1456 2913 1509 2953 13
1548 2909 1696 2964 foetus
1734 2909 1806 2956 ed.

119 2968 174 3008 15
203 2966 379 3010 ineerta
409 2967 481 3011 ed.
597 2972 651 3012 16
683 2969 702 3012 i
697 2982 787 3024 psa
810 2967 853 3011 V
882 2969 982 3024 ipso
1014 2967 1086 3012 ed.
1118 2970 1210 3024 ipsi
1239 2969 1311 3013 ed
1344 2970 1462 3024 post.
1574 2972 1630 3012 19
1661 2970 1808 3014 inten-

54 3043 58 3046 >
116 3027 263 3068 tatum
294 3025 365 3069 ed.
488 3030 544 3069 26
575 3027 815 3071 sceleratae
838 3025 880 3069 V
912 3032 980 3071 -te
1011 3027 1082 3071 ed.

206 3113 304 3147 Don.
320 3114 479 3154 interpr.
492 3115 605 3156 Vei-g.
628 3116 704 3149 vol.
719 3116 770 3148 Π.
1487 3120 1541 3160 10
