2050 3226
819 137 1124 186 AENEIDOS
1155 138 1220 183 XI
1758 142 1865 196 527

172 295 268 343 que
301 278 496 328 adiecta
526 279 846 340 certantium,
883 280 941 328 ut
973 278 1088 327 inde
1118 277 1414 342 probaretur
1444 280 1591 342 quale
1624 279 1869 330 extitisset

170 353 303 403 inter
340 353 645 402 Tarchonem
669 353 1018 415 Venulumque
1056 355 1318 402 certamen.
1372 353 1575 402 tenebat
1605 353 1867 404 draconem

172 428 342 490 aquila
382 443 572 476 summo
618 427 672 476 in
719 443 831 476 aere
876 442 1172 490 suspensum
1215 427 1476 476 inhaerens
1523 428 1776 491 unguibus
1817 431 1868 477 et

169 504 331 551 rostro
362 502 511 551 simul
534 501 741 564 infesta,
772 501 1082 550 renitebatur
1102 501 1188 550 ille
1215 501 1431 551 sinuosis
1454 501 1684 563 flexibuS‚
1707 502 1865 551 sibilis

118 592 138 625 5
170 591 368 638 quoque
407 578 459 624 et
500 576 735 626 venenati
779 575 1044 625 formidine
1093 576 1271 639 capitis
1316 575 1536 625 terrebat
1580 577 1864 625 instantem.

166 650 288 698 haut
332 650 473 698 aliter
507 650 754 710 praedam
793 650 1052 698 Tiburtum
1097 664 1154 698 ex
1199 651 1392 711 aqmine
1438 650 1672 699 Tarchon
1702 653 1868 710 portat

167 738 349 773 ovans:
386 725 502 787 post
530 724 823 787 parabolam
851 723 1109 787 respondit
1139 724 1489 788 superioribus,
1544 725 1683 773 ducis
1714 739 1865 773 exem-

160 798 303 858 plwm
333 801 643 858 eventumque
672 799 822 847 secuti
850 798 1149 847 Maeonidae
1185 799 1468 847 incurrunt:
1504 799 1594 848 hos
1624 814 1724 847 non
1754 800 1865 847 tan-

165 873 275 920 tum
313 873 602 922 animarunt
639 873 911 921 Tarchonis
962 872 1118 934 dicta,
1165 872 1251 922 sed
1296 873 1575 935 exemplum
1613 873 1774 938 magis
1815 875 1866 921 et

93 962 136 995 10
166 946 290 995 facti
342 950 569 1009 eventus,
618 947 672 995 in
723 962 820 1010 quo
872 947 1152 1010 auspicium
1203 946 1379 996 ceteris
1433 947 1532 996 fuit
1585 950 1635 997 et
1682 947 1864 997 fiducia

166 1020 450 1070 dimicandi.

286 1095 413 1143 Tum
442 1096 564 1155 fatis
594 1095 782 1143 debitus
811 1092 1013 1143 Arruns
1042 1095 1246 1143 velocem
1276 1095 1438 1143 iaculo
1471 1098 1514 1143 et
1542 1096 1699 1144 multa
1722 1097 1864 1156 prior
1882 1103 1966 1144 ’160

165 1172 269 1216 arte
295 1167 557 1218 Camillam
580 1170 800 1218 ciromit
822 1172 864 1217 et
894 1183 1018 1228 quae
1047 1169 1112 1217 sit
1138 1169 1343 1229 fortuna
1371 1169 1615 1229 facillima
1645 1173 1864 1230 temptat:

165 1243 285 1291 fatis
326 1243 523 1292 debitus
561 1244 755 1292 Arruns
794 1243 846 1291 id
885 1245 960 1292 est
997 1243 1118 1292 fatis
1158 1241 1399 1292 Camillae
1440 1245 1491 1291 et
1526 1243 1634 1306 ipse
1666 1259 1862 1308 quoque

91 1331 133 1364 15
162 1316 354 1366 ultimis
393 1318 512 1366 fatis
552 1316 792 1366 obnoxius
838 1318 1057 1366 velocem
1098 1316 1363 1366 Camillam
1407 1317 1655 1367 circumiit
1698 1318 1861 1368 iaculo

165 1393 472 1440 occasionem
526 1391 815 1454 quaeritans
869 1390 1090 1440 feriendi.
1182 1406 1281 1451 qua
1333 1405 1386 1440 se
1438 1407 1638 1452 cumque
1689 1394 1862 1452 furens

162 1465 318 1514 medio
380 1466 489 1514 tulit
548 1467 740 1527 aqmine
798 1466 934 1527 virqo
994 1466 1087 1514 hac
1137 1464 1339 1514 Arruns
1392 1467 1523 1515 subit
1583 1469 1627 1515 et
1685 1467 1861 1515 tacitus

162 1540 365 1600 vestiqia
397 1540 595 1588 lustrat:
627 1539 925 1603 sequebatur
955 1539 1164 1588 insciam
1195 1539 1378 1589 tacitus
1411 1542 1461 1589 et
1493 1540 1557 1589 ad
1586 1540 1722 1603 ipsas
1754 1541 1861 1590 ibat

162 1613 320 1676 partis
370 1614 424 1662 in
474 1630 599 1676 quas
648 1614 739 1663 illa
787 1614 1033 1663 tendebat.
1122 1614 1248 1662 dixit
1297 1616 1467 1663 autem
1516 1630 1720 1664 causam
1759 1632 1861 1678 qua

88 1702 132 1734 so
161 1689 436 1750 perfectum
474 1690 550 1737 est
587 1690 645 1736 ut
681 1688 772 1737 illa
810 1688 1113 1752 explorantis
1152 1687 1385 1737 Arruntis
1416 1705 1517 1738 non
1548 1689 1756 1738 sentiret
1785 1691 1859 1737 in-

161 1761 335 1811 sidias:
373 1762 646 1824 ferebatur,
674 1763 860 1826 inquit,
892 1764 1058 1812 studio
1090 1762 1210 1811 belli
1240 1765 1289 1811 et
1319 1763 1485 1811 furore
1517 1763 1858 1812 certaminum.

161 1851 259 1896 qua
287 1837 461 1884 victrix
483 1838 609 1885 redit
637 1837 727 1886 illa
747 1837 1015 1897 pedemque
1047 1852 1104 1885 ex
1133 1837 1263 1885 hoste
1299 1840 1513 1896 reportat
1548 1838 1641 1886 hae
1668 1838 1860 1886 iuvenis
1877 1843 1961 1884 '765

159 1911 334 1969 furtim
373 1911 538 1959 celeris
576 1911 820 1971 detorquet
854 1912 1096 1960 habenas:
1132 1911 1243 1959 ideo
1275 1911 1471 1973 furtim,
1511 1911 1632 1974 quia
1661 1913 1857 1962 iuvenis

160 1984 399 2032 feminam
447 2001 548 2034 non
598 1985 815 2034 audebat
862 2001 1131 2048 provocare
1181 2000 1460 2049 congressu.
1557 1986 1644 2034 hos
1697 1987 1859 2035 abitus

87 2071 129 2103 25
159 2059 353 2118 iamque
389 2059 475 2107 hos
514 2059 678 2108 aditus
715 2074 993 2121 omnemque
1024 2062 1250 2120 pererrat
1278 2059 1493 2119 undique
1523 2060 1778 2109 circuitum
1816 2065 1859 2108 et

162 2135 341 2180 certam
377 2134 536 2196 quatit
563 2134 800 2194 inprobus
829 2134 1046 2182 hastam:
1078 2149 1389 2197 quacumque
1423 2133 1595 2183 abibat
1624 2135 1703 2184 vel
1736 2150 1855 2197 qua·

162 2221 370 2268 cumque
424 2207 601 2256 habuit
653 2207 923 2257 transitum
976 2209 1026 2256 et
1080 2222 1420 2271 quoscumque
1472 2208 1563 2256 illa
1617 2208 1854 2258 circuitus

161 2280 332 2329 obibat
370 2280 667 2331 observabat
702 2283 797 2331 iste
830 2281 1088 2344 opperiens
1121 2297 1289 2331 casum
1321 2298 1418 2346 quo
1450 2284 1619 2346 posset
1648 2284 1854 2331 circum·

159 2355 327 2403 venire
378 2355 646 2404 fortiorem.
730 2357 928 2405 hastam
981 2357 1149 2405 autem
1193 2372 1344 2405 manu
1390 2356 1697 2419 frequentius
1749 2357 1854 2420 agi-

86 2441 129 2473 30
159 2428 325 2495 tabat3
348 2430 441 2478 hoc
473 2430 604 2477 enim
626 2430 839 2478 hominis
873 2430 1172 2495 suggerebat
1200 2430 1478 2494 inprobitas
1510 2431 1603 2479 hoc
1635 2432 1710 2479 est
1741 2445 1852 2479 con-

160 2505 304 2565 cepta
356 2504 660 2566 inpatienter
712 2503 960 2567 cupiditas
1014 2504 1245 2568 feriendi3
1306 2506 1377 2554 sic
1431 2506 1562 2553 enim
1614 2504 1854 2569 pergebat

279 2664 305 2703 3
345 2662 505 2716 aquila
536 2659 577 2703 V
613 2674 700 2704 om.
738 2660 853 2704 edF.
974 2665 1002 2704 4
1039 2662 1208 2706 intesta
1241 2661 1283 2704 V
1321 2661 1491 2715 infesta
1529 2675 1612 2704 nos
1652 2674 1740 2705 om.
1778 2661 1850 2705 ed.

160 2723 186 2763 5
224 2721 435 2764 venenati
467 2719 509 2763 V
551 2724 781 2764 venantem
820 2720 892 2764 ed.
943 2720 947 2778 Ι
996 2721 1191 2766 terrebat
1224 2720 1266 2764 V
1305 2721 1481 2766 tenebat
1519 2721 1589 2765 ed
1714 2724 1737 2763 7
1781 2734 1851 2765 re-

158 2778 348 2833 spondet
370 2778 442 2822 ed.
529 2783 582 2821 12
608 2780 739 2823 arins
761 2778 811 2822 in
834 2778 1052 2824 lemmate
1077 2782 1140 2837 (et
1162 2779 1301 2834 infra)
1327 2793 1495 2824 arruns
1518 2779 1568 2823 in
1591 2778 1784 2847 interpr.
1793 2779 1849 2823 V.

160 2841 216 2880 24
254 2838 511 2882 habitus—
538 2842 592 2881 25
633 2838 821 2882 additus
855 2838 897 2882 V
938 2840 1163 2884 abitus—
1180 2840 1336 2884 aditus
1378 2839 1562 2906 scripsi,
1608 2838 1719 2894 quia
1761 2838 1850 2882 hoc

158 2895 350 2951 interpr.
384 2897 654 2941 confirmare
685 2897 889 2952 videtur,
922 2899 1142 2944 abitus—
1156 2899 1309 2943 abitus
1339 2898 1409 2942 ed
1522 2902 1577 2941 25
1610 2899 1850 2943 circuitum

160 2960 201 2999 et
223 2954 265 2998 V
297 2961 339 3000 et
369 2969 455 2999 om.
483 2956 554 3000 ed.
678 2960 733 3000 28
766 2957 922 3002 abibat
952 2957 1023 3002 ed.
