2050 3226
259 192 366 246 388
733 188 966 234 DONATI
994 189 1276 234 INTERPR.
1300 189 1479 234 VERG.

259 345 373 378 cum
417 329 668 392 proximus
721 330 898 390 staret,
946 343 1149 377 excussa
1194 330 1422 391 pervenit
1467 331 1616 391 atque
1664 344 1776 377 eum
1821 328 1953 377 inter

255 404 346 451 ilia
385 407 435 452 et
471 404 607 452 latus
646 403 848 452 vulnere
886 403 1028 451 letali
1067 402 1283 451 confixit.
1349 403 1472 451 dicit
1508 405 1611 452 iam
1651 404 1761 465 quis
1800 402 1953 451 fuerit

257 477 421 526 Antor
459 479 508 525 et
543 476 675 525 unde
707 480 757 525 et
788 477 927 524 cuius
959 477 1142 524 meriti.
1194 477 1426 526 Herculis
1455 476 1691 525 Aratorem
1723 477 1950 533 comitem,

157 559 241 600 780
259 553 342 612 qui
378 552 560 600 missus
606 552 668 599 ab
707 551 859 612 Aryis
896 551 1120 598 haeserat
1156 550 1399 599 Euandro
1440 554 1580 611 atque
1617 551 1755 599 Itala
1793 564 1950 599 eonse-

258 626 398 674 derat
433 627 574 673 urbe:
612 624 776 673 Antor
814 626 888 672 est
927 624 1011 686 qui
1049 625 1227 672 merito
1265 624 1467 674 virtutis
1506 624 1684 673 fuisset
1721 623 1950 673 Herculis
2005 636 2026 670 5

259 715 444 763 comes,
494 699 673 748 missus
715 698 776 746 ab
815 697 963 762 Argis
1003 697 1068 746 ad
1105 698 1400 747 Euandrum
1439 701 1489 747 et
1527 698 1800 748 amicitiam
1839 714 1952 747 cum

259 789 315 822 eo
353 738 586 821 iunxerat
631 773 681 819 et
725 772 778 820 in
822 772 944 821 urbe
981 771 1114 821 Itala
1161 788 1264 822 esse
1302 774 1470 836 potius
1514 773 1763 822 maluerat
1800 788 1953 835 quam

259 848 324 897 ad
355 862 469 896 suos
501 846 717 894 reditum
746 862 1025 909 procurare.
1079 847 1311 895 sternitur
1339 848 1513 907 infelioe
1543 847 1701 895 alieno
1731 847 1953 895 vulnere:

257 923 408 970 huius
456 920 643 969 exitum
680 922 837 982 poeta
875 937 976 969 non
1020 921 1238 970 inaniter
1287 921 1502 985 gemuit3
1553 937 1651 969 non
1700 921 1831 968 enim
1876 921 1954 970 vir

257 998 429 1044 tantus
459 995 512 1043 in
549 995 893 1058 congressione
926 994 1192 1057 ceciderat,
1226 995 1358 1057 quod
1390 995 1607 1058 optabile
1639 998 1714 1044 est
1742 994 1953 1059 magnis.
1986 1006 2029 1039 10

259 1071 513 1131 sternitur,
543 1068 724 1130 inquit,
761 1068 955 1117 infelix:
987 1068 1118 1117 unde
1148 1068 1355 1117 infelix?
1407 1069 1525 1131 quia
1557 1069 1720 1117 alieno
1751 1069 1953 1118 vulnere

257 1145 423 1192 fuerat
453 1145 654 1192 stratus,
706 1143 984 1203 caelumque
1013 1144 1211 1203 aspicit:
1250 1144 1394 1205 quasi
1423 1143 1682 1192 inimicum
1712 1144 1766 1191 in
1795 1145 1955 1191 morte

259 1234 351 1267 sua
382 1218 584 1266 deorum
614 1216 855 1265 iudicium
885 1217 1262 1279 reprehendens.
1315 1221 1359 1266 et
1387 1218 1544 1266 duleis
1573 1218 1785 1266 morieris
1813 1217 1955 1265 remi-

255 1293 464 1341 uiscitur
490 1290 676 1353 Aryos:
713 1291 982 1340 veniebant
1010 1291 1139 1356 Argi
1167 1291 1221 1339 in
1251 1294 1469 1340 mentem
1498 1290 1778 1352 morientis,
1812 1292 1955 1353 quasi

258 1368 352 1415 hoc
374 1367 455 1416 vel
479 1367 577 1415 alio
603 1381 779 1430 genere
813 1365 947 1428 apud
971 1381 1087 1414 suos
1119 1382 1219 1414 non
1250 1368 1377 1414 esset
1407 1367 1696 1427 moriturus,
1727 1366 1771 1414 si
1799 1381 1954 1412 reme·
1986 1374 2029 1408 15

261 1443 393 1490 asset
425 1442 512 1489 aut
543 1456 573 1489 a
605 1441 708 1488 suis
738 1439 791 1487 in
822 1442 984 1488 totum
1015 1456 1115 1489 non
1145 1441 1439 1489 recessisset.
1493 1444 1595 1487 tum
1619 1441 1738 1499 pius
1759 1437 1955 1487 Aeneas

258 1515 452 1563 hastam
490 1515 628 1563 iacit:
680 1515 725 1562 si
769 1514 910 1581 pium
954 1515 1048 1562 1100
1085 1514 1195 1562 1000
1240 1514 1609 1562 misericordem
1653 1512 1953 1562 voluerimus

261 1590 498 1652 accipere,
531 1604 643 1636 cum
671 1603 771 1636 non
801 1603 891 1651 pro
922 1589 1030 1636 1000
1062 1589 1282 1650 positum
1311 1589 1598 1651 reperietur,
1632 1587 1754 1649 quid
1777 1589 1954 1649 poetae

259 1663 496 1712 faciemus
537 1663 705 1710 omnia
744 1661 1093 1724 circumspecte
1133 1660 1420 1711 ordinanti?
1461 1661 1707 1724 quomodo
1741 1661 1814 1709 ait
1843 1660 1954 1723 pius

262 1740 348 1800 qui
377 1736 627 1785 hominem
666 1737 893 1798 quamvis
931 1735 1191 1784 inimicum
1229 1735 1430 1785 volebat
1468 1733 1720 1784 occidere?
1758 1735 1956 1797 piorum
1982 1749 2030 1785 so

261 1812 392 1860 enim
416 1810 634 1859 officium
666 1812 742 1858 est
769 1809 985 1858 execrari
1006 1811 1219 1859 hominis
1250 1826 1419 1858 necem
1451 1812 1502 1857 et
1527 1808 1756 1857 miserere
1788 1809 1956 1871 potius

262 1901 375 1933 cum
414 1885 730 1933 severitatem
761 1885 892 1932 ratio
923 1885 1160 1946 temporis
1191 1884 1403 1948 flagitat.
1459 1883 1772 1932 considerata
1800 1882 1957 1947 igitur

261 1958 473 2007 Mezenti
510 1973 721 2020 persona
768 1959 1122 2021 contemptoris
1177 1957 1347 2007 divum
1388 1959 1437 2006 et
1485 1959 1590 2006 eius
1635 1957 1724 2020 qui
1768 1957 1956 2006 frustra

261 2034 459 2081 hastam
497 2032 724 2093 miserat,
763 2034 937 2095 utpote
971 2033 1056 2094 qui
1085 2032 1223 2080 nullo
1255 2033 1458 2080 numine
1489 2031 1779 2093 iuvabatur,
1817 2032 1955 2094 pote-

262 2107 415 2154 rimus
457 2106 579 2154 scire
612 2122 711 2168 qua
741 2106 934 2155 ratione
965 2107 1058 2154 1100
1088 2106 1197 2155 1000
1225 2106 1430 2154 Aenean
1462 2105 1641 2154 dixerit
1668 2105 1831 2168 pium,
1871 2104 1957 2166 qui
1985 2119 2006 2152 2

263 2180 465 2230 sitiebat
494 2180 707 2228 hominis
739 2196 906 2228 necem
937 2182 986 2229 et
1017 2180 1121 2228 eius
1155 2180 1448 2244 sanguinem
1470 2179 1669 2229 volebat
1692 2179 1954 2227 effundere.

264 2255 565 2316 accipiamus
597 2253 795 2301 Aenean
838 2254 979 2316 pium
1018 2253 1294 2303 officiosum
1331 2255 1384 2302 in
1423 2255 1576 2303 sacris
1612 2252 1815 2302 deorum
1853 2267 1954 2300 om-

263 2330 403 2377 nium
442 2328 717 2377 antistitem
748 2329 1106 2390 numinumque
1136 2329 1384 2377 cultorum
1408 2329 1458 2376 et
1479 2329 1572 2376 1100
1603 2327 1825 2388 exemplo
1859 2326 1954 2375 dis·

264 2417 434 2451 camus
459 2401 579 2464 quid
610 2400 838 2464 sacrilegi
873 2403 922 2449 et
954 2403 1075 2464 quid
1104 2402 1327 2466 religiosi
1355 2403 1651 2450 mereantur.
1704 2401 1955 2462 sternitur,

262 2479 322 2525 ut
358 2476 492 2524 infra
528 2474 748 2537 positum
788 2477 883 2536 est,
923 2478 1232 2539 contemptor
1259 2476 1428 2525 divum
1469 2478 1519 2523 et
1556 2475 1758 2523 deorum
1796 2475 1956 2523 cultor
1983 2487 2003 2519 3

267 2550 487 2599 abscedit
519 2549 578 2597 de
610 2548 952 2612 congressione
991 2551 1216 2612 superior
1247 2549 1503 2613 spoliaque
1535 2551 1681 2611 rapta
1710 2548 1952 2596 Mezentio

386 2712 408 2749 1
436 2720 535 2750 cum
551 2703 594 2747 V
610 2718 747 2760 quum
770 2705 811 2748 is
835 2704 904 2747 ed.
991 2709 1015 2747 2
1043 2706 1135 2749 iam
1151 2705 1194 2749 V
1210 2710 1360 2750 autem
1384 2704 1454 2748 ed.
1530 2708 1555 2747 3
1580 2708 1738 2747 autore
1760 2704 1882 2747 uude
1898 2702 1952 2747 V.

268 2770 291 2808 7
329 2767 483 2822 potius
521 2778 609 2808 om
643 2763 714 2807 ed.
836 2766 892 2806 10
923 2766 1102 2819 mayuis
1125 2763 1167 2806 V
1196 2765 1343 2821 mayis
1373 2763 1443 2808 ed
1575 2766 1628 2804 12
1669 2763 1721 2805 iu
1759 2775 1847 2805 om.
1881 2761 1952 2805 ed.

269 2830 323 2868 14
354 2825 564 2869 morienti
594 2823 665 2866 ed.
771 2826 825 2865 18
858 2822 951 2866 loeo
975 2822 1017 2864 V
1048 2837 1097 2868 eo
1128 2823 1200 2868 ed.
1244 2824 1247 2881 Ι
1295 2823 1573 2878 repperietur
1596 2819 1637 2863 V
1666 2822 1953 2876 reperiatur?

267 2887 322 2927 19
362 2885 431 2927 ait
464 2884 576 2938 pius
606 2881 648 2925 V
681 2880 750 2924 ed.
795 2885 858 2925 est
893 2882 1035 2936 pius?
1082 2897 1141 2925 611
1180 2883 1248 2926 ait
1273 2883 1439 2937 pium?
1560 2884 1614 2923 21
1648 2881 1849 2924 misereri
1881 2879 1951 2922 ed.

268 2947 322 2985 29
362 2955 614 2986 mereamur
652 2940 723 2983 ed.
850 2943 904 2982 30
937 2941 1138 2995 positum
1169 2940 1293 2985 sitV
1317 2940 1388 2984 ed.
1412 2953 1462 2995 p.
1489 2943 1552 2984 est
1583 2952 1686 2983 nos·
1718 2939 1874 2994 potest
1904 2938 1953 2981 in

270 3000 522 3056 archetypo
548 3001 791 3056 positumst
821 2997 1046 3054 scriptum
1078 3000 1234 3044 fuisse.
