2050 3226
252 170 320 222 82
720 166 952 211 DONATI
982 165 1263 210 INTERPR.
1289 165 1471 210 VERG.

250 306 488 368 ostendit,
519 309 578 355 ut
607 307 660 354 in
693 306 920 355 omnibus
954 306 1256 354 ditissimum
1287 305 1624 368 conprobaret.
1689 309 1737 355 et
1767 321 1942 356 revera

249 380 628 444 locupletissimi
667 382 717 427 et
754 380 1017 429 iustissimi
1054 379 1332 442 persuasio,
1370 380 1604 444 longaevi
1635 381 1757 444 quin
1789 381 1942 429 etiam
2013 444 2015 446 Ι

249 455 414 503 fuerat
450 455 728 503 necessaria
758 454 853 502 tali
882 457 1125 518 tempore,
1159 453 1247 516 qui
1275 453 1420 502 rebus
1457 446 1669 517 publicis
1700 456 1944 502 metueret

251 545 308 577 ac
347 530 472 591 suis3
520 528 705 592 quippe
752 528 987 577 divitibus
1028 527 1326 576 detrimenta
1371 531 1489 576 sunt
1525 528 1679 589 bella,
1726 530 1943 576 ceterum

249 602 388 666 plebs
411 618 500 651 nec
523 603 705 651 metuit
735 602 1005 665 quicquam
1034 602 1155 650 belli
1184 603 1404 664 tempore
1437 618 1526 651 nec
1558 602 1727 664 aliquo
1761 602 1941 651 damno
1996 615 2016 649 5

162 721 167 724 .
248 679 546 740 percutitur,
587 678 825 739 quoniam
864 676 1001 725 deest
1039 678 1085 723 ei
1125 675 1259 739 quod
1298 675 1488 738 perdat.

146 761 232 801 540
367 750 525 812 Atque
564 765 622 799 ea
656 765 745 811 per
777 765 971 810 campos
1003 764 1152 811 aequo
1184 749 1302 798 dum
1331 750 1499 799 Marte
1526 753 1786 811 yeruntur:
1826 750 1944 798 dum

250 825 410 874 adhuc
449 841 507 873 ex
545 827 758 887 utraque
796 827 938 886 parte
979 839 1138 887 aequa
1176 824 1381 872 fortuna
1419 826 1507 873 est.
1576 824 1813 884 promissi
1850 824 1943 872 dea

246 900 380 959 facta
419 902 618 959 potens:
671 898 890 963 gloriosa
940 897 999 946 de
1051 897 1198 946 malis
1255 898 1452 959 alieniS,
1504 898 1592 946 ubi
1644 897 1943 961 promissum

249 974 476 1022 effectum
513 974 648 1022 laeta
686 973 916 1035 perfecit,
953 973 1038 1020 ubi
1075 973 1316 1033 sanquine
1355 972 1531 1020 bellum
1559 973 1734 1020 imbuit
1771 975 1815 1020 et
1835 972 1942 1031 pri·
1975 985 2018 1017 10

247 1062 356 1095 mac
395 1047 630 1096 commisit
669 1048 849 1107 funera
880 1061 1100 1107 puynac,
1149 1046 1238 1094 ubi
1283 1046 1458 1095 occisis
1504 1045 1690 1094 talibus
1736 1046 1941 1094 idoneas

249 1136 422 1170 causas
462 1121 804 1184 perpetrandis
845 1120 1107 1169 sceleribus
1148 1120 1306 1181 dedit,
1354 1120 1530 1168 descrit
1565 1120 1863 1180 Hesperiam
1902 1123 1946 1167 et

249 1196 370 1243 caeli
408 1209 619 1243 convexa
651 1209 742 1254 per
780 1209 936 1243 auras
974 1195 1218 1243 Iunonem
1254 1195 1427 1242 victrix
1466 1194 1671 1254 adfatur
1714 1207 1825 1242 voce
1862 1207 1943 1241 su-

238 1271 422 1329 perba:
469 1268 696 1331 desertiS,
741 1269 929 1330 inquit,
974 1268 1140 1329 terris,
1187 1269 1242 1316 in
1282 1268 1459 1331 quibus
1502 1267 1721 1330 perfecto
1761 1267 1942 1316 scelere

249 1343 500 1406 superflua
537 1343 700 1390 noluit
736 1342 994 1404 remorari,
1035 1342 1255 1391 evolavit
1292 1358 1380 1405 per
1419 1357 1567 1390 auras
1608 1341 1673 1390 ad
1702 1341 1943 1390 Iunonem
1974 1354 2016 1387 15

247 1418 468 1465 relatura
521 1417 799 1480 triumphos
857 1432 969 1465 suos
1025 1419 1075 1465 et
1127 1417 1261 1465 mala
1313 1416 1624 1478 populorum.
1703 1415 1943 1479 expressit

250 1493 418 1539 autem
466 1491 724 1539 moraliter
774 1491 992 1539 animum
1043 1491 1147 1539 eius
1201 1506 1328 1552 quae
1378 1489 1616 1538 mandata
1668 1490 1944 1552 perfecerat

250 1564 455 1613 dicendo
494 1565 737 1613 Iunonem
774 1565 953 1613 victrix
992 1564 1193 1612 adfatur
1230 1580 1349 1612 voce
1388 1564 1614 1626 superba.
1674 1565 1940 1626 unusquis-

249 1656 346 1701 que
386 1638 517 1687 enim
564 1638 653 1701 qui
691 1638 918 1687 secundis
950 1638 1252 1687 successibus
1283 1638 1494 1700 potioris
1525 1637 1662 1686 iussa
1691 1638 1772 1686 vel
1802 1653 1939 1685 man-

249 1713 368 1761 data
405 1713 668 1775 perfecerit
709 1713 949 1775 superbus
987 1714 1176 1760 remeat
1205 1727 1295 1760 nec
1325 1712 1501 1759 humili
1531 1727 1650 1760 voce
1680 1711 1940 1774 perfectio·
1973 1724 2016 1756 20

248 1803 361 1835 nem
390 1802 570 1848 rerum,
603 1787 688 1836 sed
712 1787 845 1835 elata
874 1786 1141 1834 renuntiat.
1197 1785 1330 1848 quod
1355 1788 1523 1833 autem
1546 1787 1718 1848 posuit
1747 1785 1941 1847 victrix,

248 1862 301 1908 in
324 1861 417 1909 hoc
447 1860 663 1909 ostendit
686 1862 834 1922 poeta
852 1860 1265 1922 quemadmodum
1277 1859 1470 1908 Allecto
1495 1859 1674 1908 fuisset
1695 1860 1940 1920 locutura,

250 1950 376 1996 quae
416 1935 468 1981 in
507 1935 608 1983 suis
650 1934 839 1982 artibus
878 1933 1116 1982 vincendo
1156 1934 1413 1995 floruerat3
1453 1934 1716 1982 victoriam
1755 1933 1939 1996 quippe

249 2008 479 2071 superbia
504 2008 730 2071 sequitur
753 2011 803 2056 et
825 2011 1040 2056 tumores
1075 2008 1355 2055 animorum
1387 2008 1700 2056 vehementer
1730 2008 1939 2056 extollit.

147 2092 231 2131 545
250 2097 321 2139 en,
355 2083 574 2142 perfecta
611 2083 697 2130 tibi
736 2083 854 2130 bello
893 2082 1138 2129 discordia
1177 2082 1326 2129 tristi:
1375 2082 1512 2130 locus
1559 2083 1654 2130 iste
1699 2082 1817 2130 talis
1865 2083 1940 2130 est
1971 2092 2014 2126 25

250 2156 412 2218 qualis
444 2158 519 2204 est
551 2172 648 2218 quo
689 2156 889 2204 Furiam
930 2156 1055 2203 Iuno
1097 2172 1126 2204 a
1165 2157 1413 2204 contrario
1453 2155 1680 2204 laudavit
1711 2171 1768 2203 ac
1798 2171 1938 2217 prae-

248 2231 391 2291 tulit,
429 2245 546 2277 nam
584 2232 634 2278 et
664 2231 773 2292 ipsa
804 2230 998 2277 Allecto
1030 2229 1144 2277 inde
1178 2245 1228 2278 se
1260 2229 1512 2278 existimat
1542 2244 1778 2293 magnam
1807 2229 1938 2277 unde

247 2304 489 2353 bonorum
527 2303 710 2351 iudicio
744 2303 971 2352 damnari
1004 2303 1262 2365 debuerat,
1304 2303 1388 2352 sed
1423 2303 1542 2351 fecit
1578 2303 1670 2350 hoc
1701 2318 1790 2364 pro
1829 2319 1936 2365 per-

249 2393 371 2426 sona
409 2393 499 2426 sua
538 2379 587 2424 et
626 2378 730 2425 eius
764 2393 888 2439 quae
928 2378 1201 2426 laetaretur
1238 2377 1384 2426 malis
1422 2377 1751 2424 inimicorum,
1814 2391 1936 2439 ecce,

248 2452 435 2514 inquit,
469 2467 594 2514 quae
626 2452 832 2500 voluisti
864 2452 1110 2513 conplevi,
1149 2452 1358 2512 bellum,
1390 2450 1708 2511 discordiam,
1746 2450 1936 2499 funera.
1969 2461 2012 2494 30

249 2525 501 2574 videamus
543 2526 662 2588 quid
701 2526 946 2588 significet
976 2526 1109 2586 quod
1147 2525 1306 2587 primo
1344 2524 1513 2587 posuit
1551 2540 1632 2585 en3
1670 2540 1769 2571 non
1808 2525 1938 2572 enim

248 2600 505 2648 referentis
555 2601 629 2647 est
677 2601 874 2647 tantum
920 2616 1091 2647 verum
1142 2600 1291 2647 etiam
1338 2599 1742 2660 demonstrantis3
1794 2600 1937 2646 tanta

250 2675 381 2721 enim
419 2674 514 2721 fide
554 2675 693 2737 gesta
732 2688 821 2721 sua
859 2673 1122 2734 referebat,
1169 2675 1228 2721 ut
1273 2673 1392 2720 haec
1431 2687 1530 2719 non
1577 2671 1694 2720 solis
1735 2671 1935 2721 auribus

370 2804 394 2843 3
428 2814 509 2855 que
533 2798 575 2842 V
606 2812 691 2855 quo
724 2798 795 2842 ed.
827 2800 906 2854 qui
936 2813 1031 2842 neS.
1125 2805 1152 2843 4
1184 2800 1451 2843 detrimenta
1473 2796 1516 2841 V
1540 2797 1610 2841 ed.
1640 2797 1935 2842 detrimento?

251 2864 276 2901 5
308 2873 363 2902 ‘ne
394 2860 552 2902 metuit
581 2857 623 2901 V
654 2871 747 2902 non
778 2872 833 2902 m.
868 2857 939 2902 ed.
970 2872 1051 2902 ‘nec
1081 2873 1138 2902 m.
1171 2872 1266 2902 nos.
1390 2861 1414 2899 6
1449 2870 1576 2913 quem
1606 2857 1701 2900 iam
1731 2857 1850 2900 deest
1879 2856 1935 2899 V.

252 2922 305 2959 15
345 2919 487 2961 voluit
518 2917 559 2960 V
597 2918 746 2961 noluit
784 2916 854 2960 ed.
907 2916 910 2974 Ι
959 2930 1041 2972 per
1072 2918 1295 2962 Iunonem
1326 2915 1363 2958 V
1394 2916 1455 2960 ad
1485 2917 1527 2959 Ι.
1561 2914 1630 2958 ed.
1765 2919 1817 2958 21
1859 2916 1937 2959 sed

250 2977 402 3021 delata
434 2976 475 3019 V
509 2990 621 3020 corr.
656 2976 726 3020 ed.
850 2980 904 3019 22
937 2977 1009 3020 ibo
1044 2975 1082 3018 V
1113 2977 1179 3020 ibi
1210 2976 1281 3021 ed.
1313 2977 1365 3020 iri
1394 2975 1476 3020 hoc
1506 2988 1601 3018 nos
