2050 3226
754 198 1057 245 AENEIDOS
1087 199 1130 243 X
1681 202 1787 258 357

99 339 294 407 magnis
348 341 399 389 et
448 337 642 404 ingenti
693 340 852 403 pretio
897 342 1185 390 revocatum
1231 342 1282 389 et
1327 355 1426 404 quo
1473 340 1636 403 spolia
1679 342 1791 403 ipsa

99 417 363 480 ipsumque
386 415 690 463 momentum
721 430 819 477 quo
850 417 997 478 rapta
1027 416 1145 464 sunt
1173 414 1354 464 fuisset
1375 414 1615 463 editurus.
1668 415 1790 463 haec

100 489 420 553 proponendo
457 488 848 551 praenuntiabat
884 490 1035 552 poeta
1073 504 1338 538 evasurum
1367 488 1520 537 fuisse
1552 488 1790 550 Turnum,

102 565 143 613 si
180 563 415 612 Pallanta
462 577 564 610 non
612 563 903 625 peremisset
952 565 1043 612 aut
1089 563 1255 612 balteo
1307 561 1412 612 eius
1461 578 1562 611 non
1614 562 1792 612 inisset

31 634 72 685 ἦ
102 636 365 687 accinctus,
417 635 611 686 interea
641 636 685 685 si
716 652 1011 699 quaeramus
1043 652 1244 686 causam
1275 635 1551 700 descriptae
1574 635 1791 698 fabulae,

102 727 228 776 quae
267 727 391 761 auro
421 710 579 759 baltei
608 710 873 760 tenebatur
900 712 1151 774 inpressa,
1181 711 1321 759 nulla
1352 710 1454 760 alia
1484 711 1791 760 coniecturae

101 787 326 835 occurret
354 783 453 834 nisi
484 784 603 848 quia
634 788 684 834 et
713 786 821 849 ipse
845 786 1042 834 Turnus
1073 785 1127 834 in
1150 801 1302 835 causa
1323 801 1424 834 non
1447 800 1791 835 concessarum

99 859 390 923 nuptiarum
429 859 596 908 fuerat
633 860 921 908 moriturus.
1004 863 1057 908 at
1092 860 1210 908 socii
1245 860 1395 908 multo
1429 859 1611 921 yemitu
1648 859 1791 908 lacri-

98 934 284 994 misque
319 934 585 995 inpositum
621 937 754 982 scuto
791 935 1009 994 referunt
1041 934 1276 983 Pallanta
1312 936 1608 994 frequentes:
1644 949 1790 983 verus

26 1003 71 1055 io
98 1007 179 1057 hic
218 1009 359 1057 dolor
395 1023 652 1071 expressus
684 1010 780 1069 est,
813 1024 924 1057 011111
954 1009 1104 1057 funus
1135 1006 1382 1057 Pallantis
1410 1008 1570 1057 multo
1602 1007 1792 1073 gemitu

100 1085 252 1146 atque
289 1082 599 1131 uberioribus
637 1082 856 1131 lacrimis
894 1083 1180 1144 frequentes
1218 1081 1471 1145 prosecuti
1508 1085 1627 1132 sunt
1655 1083 1790 1132 30011,

100 1159 262 1219 scuto,
299 1156 488 1219 inquit,
526 1156 768 1205 referunt:
808 1158 1028 1219 quantus
1067 1157 1232 1204 fuerat
1270 1155 1432 1218 dolor,
1478 1158 1537 1205 ut
1574 1172 1673 1219 quo
1713 1157 1791 1205 de-

99 1231 236 1279 fendi
283 1230 547 1280 incolumis
602 1231 729 1279 solet
776 1232 1062 1293 portaretur
1110 1229 1320 1279 occisus!
1404 1245 1432 1278 o
1478 1231 1614 1278 dolor
1652 1234 1793 1290 atque

100 1306 245 1354 decus
292 1320 527 1366 maynum
575 1305 789 1353 rediture
828 1305 1052 1365 parenti:
1101 1304 1198 1353 duo
1245 1303 1525 1368 proposuit,
1565 1304 1791 1367 utrisque

2 1373 69 1424 ιὰ
98 1380 376 1443 respondit3
415 1378 558 1428 dolor
595 1378 727 1427 0111111
766 1378 830 1427 ad
869 1394 1133 1442 personam
1170 1379 1328 1442 patris
1367 1380 1606 1441 pertinet,
1646 1379 1791 1428 decus

98 1469 214 1502 vero
253 1453 318 1502 ad
355 1453 646 1502 memoriam
675 1454 878 1515 mortui,
917 1452 1005 1516 qui
1034 1452 1228 1502 dixerat
1258 1455 1384 1515 „aut
1412 1454 1514 1501 leto
1544 1452 1754 1518 insignis
1764 1452 1792 1476 ‘⁴

99 1530 150 1576 et
199 1526 286 1590 qui
335 1527 503 1576 scierit
552 1528 741 1592 gloriae
791 1527 923 1590 dari,
969 1528 1014 1577 si
1063 1527 1269 1578 adverso
1314 1527 1516 1577 vulnere
1555 1527 1703 1576 cadat
1739 1527 1792 1575 in

97 1602 227 1650 bello
277 1602 357 1651 vir
400 1601 559 1650 fortis,
658 1601 870 1664 denique
921 1602 1151 1665 sequenti
1203 1601 1419 1650 dictione
1470 1600 1578 1664 ipse
1632 1603 1794 1664 aperit

98 1677 247 1740 poeta
285 1675 407 1740 quid
446 1676 663 1724 adferret
701 1676 942 1738 dolorem,
982 1676 1105 1739 quid
1144 1675 1425 1725 ostenderet
1455 1676 1624 1725 decus:
1660 1676 1791 1733 haee,

26 1741 70 1801 ὅ
97 1749 283 1813 inquit,
321 1753 365 1798 te
394 1752 566 1810 prima
603 1749 708 1798 dies
746 1750 864 1799 bello
903 1750 1053 1807 dedit,
1092 1751 1210 1799 haec
1248 1750 1414 1798 eadem
1453 1752 1640 1811 aufert.-
1675 1765 1791 1812 pars

41 1839 48 1892 ss
98 1826 199 1873 ista
243 1825 460 1887 pertinet
506 1824 570 1874 ad
616 1824 859 1887 dolorem3
906 1824 1202 1889 gemendum
1248 1825 1381 1872 enim
1425 1823 1524 1873 fuit
1574 1825 1792 1888 optimae

44 1895 49 1924 ⁸
100 1899 207 1962 spei
244 1900 474 1947 iuvenem
512 1898 684 1948 eodem
722 1898 801 1947 die
833 1914 1124 1962 oppressum
1156 1914 1256 1961 quo
1289 1899 1513 1961 auspicia
1544 1900 1619 1948 est
1650 1898 1793 1947 dimi-

100 1972 310 2022 cationis
348 1973 616 2036 ingressus.
670 1988 779 2022 ecce
820 1973 1052 2022 dicuntur
1088 1975 1255 2036 partes
1288 1973 1561 2038 gloriarum
1590 1975 1794 2036 propter

99 2047 345 2095 malorum
384 2046 773 2096 consolationem
810 2050 860 2096 et
897 2049 957 2096 ut
995 2046 1289 2096 ostendatur
1326 2047 1472 2096 decus
1511 2045 1638 2096 eius:
1685 2062 1794 2095 cwm

100 2125 261 2170 tamen
309 2122 518 2182 ingentis
562 2121 860 2170 Rutulorum
912 2122 1093 2181 linquis
1146 2135 1356 2170 acervos.
1444 2122 1559 2182 etsi,
1611 2121 1793 2184 inquit,

54 2223 59 2287 ι
101 2195 332 2244 acerbum
371 2198 446 2244 est
485 2195 619 2258 quod
658 2195 900 2257 cecidisti,
940 2195 1059 2244 dum
1097 2195 1295 2244 fortiter
1331 2194 1478 2257 facis,
1517 2195 1588 2244 sic
1625 2198 1792 2244 tamen

55 2289 59 2344 ³.
98 2269 355 2318 incurristi
378 2269 613 2317 ultimum
644 2269 807 2318 fatum
836 2270 1008 2318 multis
1038 2269 1263 2318 hostibus
1294 2270 1348 2318 in
1373 2285 1604 2320 acervum
1626 2272 1792 2332 strage

100 2344 235 2392 facta
280 2344 542 2408 congestis.
630 2342 824 2392 addidit
874 2359 1075 2393 acervos
1124 2344 1363 2408 ingentis,
1411 2347 1470 2393 ut
1519 2344 1794 2392 cumularet

221 2550 244 2589 1
278 2550 320 2590 et
348 2558 437 2602 quo
459 2543 545 2588 VR
578 2558 664 2601 quo
696 2544 767 2588 ed.
819 2544 824 2603 Ι
881 2544 986 2600 ipsa
1021 2544 1226 2602 diemque
1263 2545 1409 2590 oderit
1443 2546 1679 2601 ipsumque
1708 2543 1793 2587 VR

102 2604 173 2648 ed.
227 2604 431 2661 diemque
483 2604 630 2649 oderit
674 2603 825 2648 delevi
869 2605 923 2647 ut
969 2616 1027 2648 ex
1071 2603 1291 2648 lemmate
1343 2604 1503 2660 inepte
1555 2604 1790 2647 iteratum.

103 2668 128 2707 2
160 2663 369 2708 odilam-us
391 2663 476 2707 VR
506 2677 668 2708 esurus
698 2663 770 2707 ed.
893 2666 918 2706 3
950 2664 1288 2719 pronuntiabat
1322 2663 1392 2707 ed.
1515 2667 1543 2706 4
1582 2664 1680 2707 eius
1708 2661 1794 2705 VR

101 2723 248 2778 ipsius
279 2722 352 2767 ed.
475 2727 501 2767 6
537 2723 796 2767 coniectura
827 2727 1077 2768 occurreret
1105 2722 1176 2766 ed.
1301 2726 1325 2766 7
1365 2735 1679 2778 conyessarum
1708 2720 1793 2765 VR

103 2794 216 2825 corr.
243 2781 315 2826 ed.
401 2786 457 2826 14
487 2783 721 2838 utriusque
743 2780 799 2824 V.
885 2785 940 2825 17
963 2782 1118 2827 scierit
1139 2780 1225 2825 VR
1248 2781 1319 2825 ed.
1347 2782 1543 2826 scierat?
1629 2785 1683 2824 19
1711 2780 1793 2825 ad-

102 2840 209 2894 serit
237 2840 324 2885 VR
361 2841 529 2896 afferat
565 2841 637 2885 ed.
689 2841 693 2899 Ι
751 2840 948 2897 quidque
977 2841 1111 2886 decus
1140 2841 1346 2886 ostendat
1379 2840 1451 2884 ed.
1574 2844 1630 2884 20
1670 2839 1795 2884 dedit

105 2912 192 2943 om.
221 2899 276 2944 V.
399 2905 454 2944 21
494 2899 811 2957 ingemendum
849 2899 920 2943 ed.
1042 2905 1098 2944 22
1129 2901 1364 2956 auspiciae
1386 2898 1428 2942 V
1459 2899 1644 2955 auspice
1675 2898 1747 2943 ed.
1782 2898 1788 2957 Ι

104 2957 439 3004 dimicationem
462 2959 534 3003 ed.
628 2963 684 3003 24
707 2959 931 3005 malorum
946 2957 1031 3003 VR
1053 2954 1279 3004 maioium
1302 2958 1373 3003 ed.
1466 2962 1521 3001 25
1546 2958 1721 3015 linques
1735 2957 1790 3002 V.

106 3020 162 3060 28
193 3019 411 3075 conqestis
432 3018 518 3062 VR
548 3019 760 3063 coniectis
789 3017 862 3063 ed.
