<?xml version="1.0" encoding="UTF-8"?>
<!DOCTYPE html PUBLIC "-//W3C//DTD XHTML 1.0 Transitional//EN"
    "http://www.w3.org/TR/xhtml1/DTD/xhtml1-transitional.dtd">
<html xmlns="http://www.w3.org/1999/xhtml" xml:lang="en" lang="en">
 <head>
  <title>
</title>
<meta http-equiv="Content-Type" content="text/html;charset=utf-8" />
  <meta name='ocr-system' content='tesseract 3.04.00' />
  <meta name='ocr-capabilities' content='ocr_page ocr_carea ocr_par ocr_line ocrx_word'/>
</head>
<body>
  <div class='ocr_page' id='page_1' title='image "./interpretationes02donauoft_0165.png"; bbox 0 0 2050 3226; ppageno 0'>
   <div class='ocr_carea' id='block_1_1' title="bbox 754 143 1822 201">
    <p class='ocr_par' dir='ltr' id='par_1_1' title="bbox 754 143 1822 201">
     <span class='ocr_line' id='line_1_1' title="bbox 754 143 1822 201; baseline 0 -13"><span class='ocrx_word' id='word_1_1' title='bbox 754 143 1060 189; x_wconf 78' lang='lat' dir='ltr'>AENEmos</span> <span class='ocrx_word' id='word_1_2' title='bbox 1083 143 1193 189; x_wconf 87' lang='lat' dir='ltr'>vm</span> <span class='ocrx_word' id='word_1_3' title='bbox 1719 148 1822 201; x_wconf 88' lang='lat'>161</span> 
     </span>
    </p>
   </div>
   <div class='ocr_carea' id='block_1_2' title="bbox 0 283 1829 2795">
    <p class='ocr_par' dir='ltr' id='par_1_2' title="bbox 30 283 1826 499">
     <span class='ocr_line' id='line_1_2' title="bbox 54 283 1824 346; baseline 0 -13"><span class='ocrx_word' id='word_1_4' title='bbox 54 339 55 342; x_wconf 8' lang='grc' dir='ltr'><strong>Ἴ</strong></span> <span class='ocrx_word' id='word_1_5' title='bbox 134 300 234 333; x_wconf 85' lang='grc'><strong>11011</strong></span> <span class='ocrx_word' id='word_1_6' title='bbox 278 284 431 346; x_wconf 82' lang='lat' dir='ltr'>bello,</span> <span class='ocrx_word' id='word_1_7' title='bbox 481 283 567 333; x_wconf 89' lang='lat' dir='ltr'>sed</span> <span class='ocrx_word' id='word_1_8' title='bbox 611 283 817 332; x_wconf 87' lang='lat' dir='ltr'>lenitate</span> <span class='ocrx_word' id='word_1_9' title='bbox 864 298 1097 346; x_wconf 88' lang='lat' dir='ltr'>superare</span> <span class='ocrx_word' id='word_1_10' title='bbox 1144 299 1202 333; x_wconf 93' lang='lat' dir='ltr'>ac</span> <span class='ocrx_word' id='word_1_11' title='bbox 1247 298 1370 346; x_wconf 89' lang='lat' dir='ltr'>pace</span> <span class='ocrx_word' id='word_1_12' title='bbox 1414 284 1583 346; x_wconf 89' lang='lat' dir='ltr'>potius</span> <span class='ocrx_word' id='word_1_13' title='bbox 1631 284 1824 334; x_wconf 84' lang='lat' dir='ltr'>frenare</span> 
     </span>
     <span class='ocr_line' id='line_1_3' title="bbox 32 352 1826 423; baseline 0.003 -20"><span class='ocrx_word' id='word_1_14' title='bbox 32 352 61 423; x_wconf 33' lang='grc' dir='ltr'>[ζ’.</span> <span class='ocrx_word' id='word_1_15' title='bbox 136 374 286 421; x_wconf 84' lang='lat' dir='ltr'>quam</span> <span class='ocrx_word' id='word_1_16' title='bbox 331 358 595 421; x_wconf 89' lang='lat' dir='ltr'>potestatis</span> <span class='ocrx_word' id='word_1_17' title='bbox 640 359 874 421; x_wconf 86' lang='lat' dir='ltr'>imperio,</span> <span class='ocrx_word' id='word_1_18' title='bbox 926 358 1150 422; x_wconf 84' lang='lat' dir='ltr'>redigere</span> <span class='ocrx_word' id='word_1_19' title='bbox 1197 357 1250 406; x_wconf 90' lang='lat' dir='ltr'>in</span> <span class='ocrx_word' id='word_1_20' title='bbox 1295 374 1453 406; x_wconf 89' lang='lat' dir='ltr'>unum</span> <span class='ocrx_word' id='word_1_21' title='bbox 1490 357 1736 420; x_wconf 90' lang='lat' dir='ltr'>dispersos</span> <span class='ocrx_word' id='word_1_22' title='bbox 1776 363 1826 408; x_wconf 88' lang='lat' dir='ltr'>et</span> 
     </span>
     <span class='ocr_line' id='line_1_4' title="bbox 30 431 1825 499; baseline 0 -18"><span class='ocrx_word' id='word_1_23' title='bbox 30 435 57 499; x_wconf 53' lang='grc' dir='ltr'>’,ἧι</span> <span class='ocrx_word' id='word_1_24' title='bbox 132 447 289 496; x_wconf 85' lang='lat' dir='ltr'>vagos</span> <span class='ocrx_word' id='word_1_25' title='bbox 321 435 370 480; x_wconf 90' lang='lat' dir='ltr'>et</span> <span class='ocrx_word' id='word_1_26' title='bbox 401 434 576 481; x_wconf 90' lang='lat' dir='ltr'>contra</span> <span class='ocrx_word' id='word_1_27' title='bbox 605 432 810 481; x_wconf 87' lang='lat' dir='ltr'>insitam</span> <span class='ocrx_word' id='word_1_28' title='bbox 839 432 1091 481; x_wconf 89' lang='lat' dir='ltr'>feritatem</span> <span class='ocrx_word' id='word_1_29' title='bbox 1120 431 1348 495; x_wconf 86' lang='lat' dir='ltr'>placidae</span> <span class='ocrx_word' id='word_1_30' title='bbox 1378 432 1631 481; x_wconf 85' lang='lat' dir='ltr'>societatis</span> <span class='ocrx_word' id='word_1_31' title='bbox 1661 447 1825 481; x_wconf 89' lang='lat' dir='ltr'>amore</span> 
     </span>
    </p>

    <p class='ocr_par' dir='ltr' id='par_1_3' title="bbox 82 505 1827 645">
     <span class='ocr_line' id='line_1_5' title="bbox 134 505 1826 571; baseline -0.001 -15"><span class='ocrx_word' id='word_1_32' title='bbox 134 507 445 571; x_wconf 85' lang='lat' dir='ltr'>coniungere.</span> <span class='ocrx_word' id='word_1_33' title='bbox 498 506 798 569; x_wconf 90' lang='lat' dir='ltr'>populorum</span> <span class='ocrx_word' id='word_1_34' title='bbox 828 505 1242 570; x_wconf 85' lang='lat' dir='ltr'>significationem</span> <span class='ocrx_word' id='word_1_35' title='bbox 1272 522 1373 555; x_wconf 92' lang='lat' dir='ltr'>non</span> <span class='ocrx_word' id='word_1_36' title='bbox 1395 506 1614 554; x_wconf 90' lang='lat' dir='ltr'>inaniter</span> <span class='ocrx_word' id='word_1_37' title='bbox 1635 507 1826 570; x_wconf 81' lang='lat' dir='ltr'>tetigit3</span> 
     </span>
     <span class='ocr_line' id='line_1_6' title="bbox 82 580 1827 645; baseline -0.002 -14"><span class='ocrx_word' id='word_1_38' title='bbox 82 596 104 631; x_wconf 65' lang='grc' dir='ltr'><strong>ὅ</strong></span> <span class='ocrx_word' id='word_1_39' title='bbox 133 581 434 645; x_wconf 85' lang='lat' dir='ltr'>populorum</span> <span class='ocrx_word' id='word_1_40' title='bbox 473 581 658 644; x_wconf 88' lang='lat' dir='ltr'>quippe</span> <span class='ocrx_word' id='word_1_41' title='bbox 698 580 1034 643; x_wconf 78' lang='lat' dir='ltr'>appellatione</span> <span class='ocrx_word' id='word_1_42' title='bbox 1079 581 1240 629; x_wconf 86' lang='lat' dir='ltr'>multa</span> <span class='ocrx_word' id='word_1_43' title='bbox 1284 582 1496 629; x_wconf 89' lang='lat' dir='ltr'>naturae</span> <span class='ocrx_word' id='word_1_44' title='bbox 1536 596 1593 628; x_wconf 86' lang='lat' dir='ltr'>ac</span> <span class='ocrx_word' id='word_1_45' title='bbox 1630 595 1827 628; x_wconf 90' lang='lat' dir='ltr'>morum</span> 
     </span>
    </p>

    <p class='ocr_par' dir='ltr' id='par_1_4' title="bbox 133 654 1827 718">
     <span class='ocr_line' id='line_1_7' title="bbox 133 654 1827 718; baseline -0.001 -15"><span class='ocrx_word' id='word_1_46' title='bbox 133 655 396 704; x_wconf 83' lang='lat' dir='ltr'>diversitas</span> <span class='ocrx_word' id='word_1_47' title='bbox 414 655 795 715; x_wconf 87' lang='lat' dir='ltr'>demonstratur,</span> <span class='ocrx_word' id='word_1_48' title='bbox 820 670 971 717; x_wconf 90' lang='lat' dir='ltr'>quam</span> <span class='ocrx_word' id='word_1_49' title='bbox 993 670 1163 718; x_wconf 87' lang='lat' dir='ltr'>regere</span> <span class='ocrx_word' id='word_1_50' title='bbox 1186 655 1290 703; x_wconf 91' lang='lat' dir='ltr'>sine</span> <span class='ocrx_word' id='word_1_51' title='bbox 1313 656 1454 703; x_wconf 88' lang='lat' dir='ltr'>metu</span> <span class='ocrx_word' id='word_1_52' title='bbox 1474 654 1827 702; x_wconf 73' lang='lat' dir='ltr'>inminentium</span> 
     </span>
    </p>

    <p class='ocr_par' dir='ltr' id='par_1_5' title="bbox 0 727 1829 2795">
     <span class='ocr_line' id='line_1_8' title="bbox 133 727 1828 792; baseline -0.001 -15"><span class='ocrx_word' id='word_1_53' title='bbox 133 744 407 792; x_wconf 89' lang='lat' dir='ltr'>poenarum</span> <span class='ocrx_word' id='word_1_54' title='bbox 445 730 496 777; x_wconf 89' lang='lat' dir='ltr'>et</span> <span class='ocrx_word' id='word_1_55' title='bbox 532 729 701 792; x_wconf 85' lang='lat' dir='ltr'>legum</span> <span class='ocrx_word' id='word_1_56' title='bbox 746 727 1002 777; x_wconf 74' lang='lat' dir='ltr'>felicitatis</span> <span class='ocrx_word' id='word_1_57' title='bbox 1049 730 1124 777; x_wconf 90' lang='lat' dir='ltr'>est</span> <span class='ocrx_word' id='word_1_58' title='bbox 1167 729 1359 791; x_wconf 88' lang='lat' dir='ltr'>plenae.</span> <span class='ocrx_word' id='word_1_59' title='bbox 1436 729 1641 777; x_wconf 77' lang='lat' dir='ltr'>deterior</span> <span class='ocrx_word' id='word_1_60' title='bbox 1679 728 1828 776; x_wconf 79' lang='lat' dir='ltr'>donec</span> 
     </span>
     <span class='ocr_line' id='line_1_9' title="bbox 60 801 1829 864; baseline 0 -14"><span class='ocrx_word' id='word_1_61' title='bbox 60 823 61 826; x_wconf 41' lang='lat'>¹</span> <span class='ocrx_word' id='word_1_62' title='bbox 126 803 374 864; x_wconf 75' lang='lat' dir='ltr'>paulatim</span> <span class='ocrx_word' id='word_1_63' title='bbox 412 817 471 851; x_wconf 88' lang='lat' dir='ltr'>ao</span> <span class='ocrx_word' id='word_1_64' title='bbox 507 801 695 851; x_wconf 83' lang='lat' dir='ltr'>decolor</span> <span class='ocrx_word' id='word_1_65' title='bbox 732 806 868 851; x_wconf 78' lang='lat' dir='ltr'>aetas</span> <span class='ocrx_word' id='word_1_66' title='bbox 906 806 951 851; x_wconf 82' lang='lat' dir='ltr'>et</span> <span class='ocrx_word' id='word_1_67' title='bbox 988 803 1098 851; x_wconf 71' lang='lat' dir='ltr'>belli</span> <span class='ocrx_word' id='word_1_68' title='bbox 1134 803 1297 852; x_wconf 80' lang='lat' dir='ltr'>rabies</span> <span class='ocrx_word' id='word_1_69' title='bbox 1336 806 1380 851; x_wconf 78' lang='lat' dir='ltr'>et</span> <span class='ocrx_word' id='word_1_70' title='bbox 1417 817 1556 851; x_wconf 85' lang='lat' dir='ltr'>amor</span> <span class='ocrx_word' id='word_1_71' title='bbox 1600 803 1829 851; x_wconf 78' lang='lat' dir='ltr'>successit</span> 
     </span>
     <span class='ocr_line' id='line_1_10' title="bbox 131 875 1828 939; baseline -0.001 -14"><span class='ocrx_word' id='word_1_72' title='bbox 131 877 365 925; x_wconf 75' lang='lat' dir='ltr'>habendi:</span> <span class='ocrx_word' id='word_1_73' title='bbox 425 876 638 925; x_wconf 88' lang='lat' dir='ltr'>deterior</span> <span class='ocrx_word' id='word_1_74' title='bbox 687 878 824 925; x_wconf 86' lang='lat' dir='ltr'>aetas</span> <span class='ocrx_word' id='word_1_75' title='bbox 875 878 925 925; x_wconf 91' lang='lat' dir='ltr'>et</span> <span class='ocrx_word' id='word_1_76' title='bbox 979 877 1190 939; x_wconf 88' lang='lat' dir='ltr'>decolor,</span> <span class='ocrx_word' id='word_1_77' title='bbox 1241 876 1445 925; x_wconf 84' lang='lat' dir='ltr'>illorum</span> <span class='ocrx_word' id='word_1_78' title='bbox 1498 876 1686 926; x_wconf 87' lang='lat' dir='ltr'>scilicet</span> <span class='ocrx_word' id='word_1_79' title='bbox 1739 875 1828 939; x_wconf 90' lang='lat' dir='ltr'>qui</span> 
     </span>
     <span class='ocr_line' id='line_1_11' title="bbox 59 949 1827 1015; baseline -0.001 -15"><span class='ocrx_word' id='word_1_80' title='bbox 59 966 103 1000; x_wconf 82' lang='lat'>10</span> <span class='ocrx_word' id='word_1_81' title='bbox 132 951 337 999; x_wconf 84' lang='lat' dir='ltr'>fuerunt</span> <span class='ocrx_word' id='word_1_82' title='bbox 372 957 489 1013; x_wconf 90' lang='lat' dir='ltr'>post</span> <span class='ocrx_word' id='word_1_83' title='bbox 527 949 815 999; x_wconf 83' lang='lat' dir='ltr'>Saturnum.</span> <span class='ocrx_word' id='word_1_84' title='bbox 893 950 1107 999; x_wconf 73' lang='lat' dir='ltr'>deterior</span> <span class='ocrx_word' id='word_1_85' title='bbox 1144 950 1331 999; x_wconf 89' lang='lat' dir='ltr'>dicitur</span> <span class='ocrx_word' id='word_1_86' title='bbox 1369 951 1457 1015; x_wconf 85' lang='lat' dir='ltr'>qui</span> <span class='ocrx_word' id='word_1_87' title='bbox 1502 967 1560 1000; x_wconf 89' lang='lat' dir='ltr'>ex</span> <span class='ocrx_word' id='word_1_88' title='bbox 1604 951 1734 1000; x_wconf 94' lang='lat' dir='ltr'>bono</span> <span class='ocrx_word' id='word_1_89' title='bbox 1773 951 1827 998; x_wconf 91' lang='lat' dir='ltr'>in</span> 
     </span>
     <span class='ocr_line' id='line_1_12' title="bbox 133 1025 1827 1089; baseline -0.001 -15"><span class='ocrx_word' id='word_1_90' title='bbox 133 1025 436 1074; x_wconf 87' lang='lat' dir='ltr'>contrarium</span> <span class='ocrx_word' id='word_1_91' title='bbox 472 1026 700 1073; x_wconf 88' lang='lat' dir='ltr'>mutatur</span> <span class='ocrx_word' id='word_1_92' title='bbox 737 1028 788 1074; x_wconf 90' lang='lat' dir='ltr'>et</span> <span class='ocrx_word' id='word_1_93' title='bbox 824 1025 882 1073; x_wconf 88' lang='lat' dir='ltr'>fit</span> <span class='ocrx_word' id='word_1_94' title='bbox 918 1026 1103 1086; x_wconf 82' lang='lat' dir='ltr'>maluS‚</span> <span class='ocrx_word' id='word_1_95' title='bbox 1143 1026 1340 1074; x_wconf 92' lang='lat' dir='ltr'>decolor</span> <span class='ocrx_word' id='word_1_96' title='bbox 1376 1041 1493 1074; x_wconf 84' lang='lat' dir='ltr'>vero</span> <span class='ocrx_word' id='word_1_97' title='bbox 1534 1026 1621 1089; x_wconf 88' lang='lat' dir='ltr'>qui</span> <span class='ocrx_word' id='word_1_98' title='bbox 1651 1041 1709 1073; x_wconf 93' lang='lat' dir='ltr'>ex</span> <span class='ocrx_word' id='word_1_99' title='bbox 1741 1040 1827 1088; x_wconf 93' lang='lat' dir='ltr'>op-</span> 
     </span>
     <span class='ocr_line' id='line_1_13' title="bbox 132 1098 1827 1162; baseline 0.001 -15"><span class='ocrx_word' id='word_1_100' title='bbox 132 1100 256 1149; x_wconf 91' lang='lat' dir='ltr'>timo</span> <span class='ocrx_word' id='word_1_101' title='bbox 289 1100 451 1148; x_wconf 91' lang='lat' dir='ltr'>colore</span> <span class='ocrx_word' id='word_1_102' title='bbox 483 1101 535 1147; x_wconf 89' lang='lat' dir='ltr'>et</span> <span class='ocrx_word' id='word_1_103' title='bbox 564 1099 824 1162; x_wconf 87' lang='lat' dir='ltr'>splendido</span> <span class='ocrx_word' id='word_1_104' title='bbox 855 1098 909 1146; x_wconf 89' lang='lat' dir='ltr'>in</span> <span class='ocrx_word' id='word_1_105' title='bbox 939 1099 1196 1148; x_wconf 90' lang='lat' dir='ltr'>sordidum</span> <span class='ocrx_word' id='word_1_106' title='bbox 1227 1101 1483 1162; x_wconf 88' lang='lat' dir='ltr'>aspectum</span> <span class='ocrx_word' id='word_1_107' title='bbox 1508 1100 1827 1149; x_wconf 88' lang='lat' dir='ltr'>convertitur.</span> 
     </span>
     <span class='ocr_line' id='line_1_14' title="bbox 134 1173 1827 1237; baseline 0 -15"><span class='ocrx_word' id='word_1_108' title='bbox 134 1175 349 1222; x_wconf 88' lang='lat' dir='ltr'>aetatem</span> <span class='ocrx_word' id='word_1_109' title='bbox 400 1173 527 1222; x_wconf 84' lang='lat' dir='ltr'>dixit</span> <span class='ocrx_word' id='word_1_110' title='bbox 575 1175 664 1222; x_wconf 89' lang='lat' dir='ltr'>aut</span> <span class='ocrx_word' id='word_1_111' title='bbox 711 1173 1075 1222; x_wconf 86' lang='lat' dir='ltr'>succedentium</span> <span class='ocrx_word' id='word_1_112' title='bbox 1126 1174 1387 1222; x_wconf 88' lang='lat' dir='ltr'>hominum</span> <span class='ocrx_word' id='word_1_113' title='bbox 1437 1175 1527 1222; x_wconf 86' lang='lat' dir='ltr'>aut</span> <span class='ocrx_word' id='word_1_114' title='bbox 1576 1173 1827 1237; x_wconf 88' lang='lat' dir='ltr'>sequentis</span> 
     </span>
     <span class='ocr_line' id='line_1_15' title="bbox 133 1247 1826 1312; baseline 0.001 -17"><span class='ocrx_word' id='word_1_115' title='bbox 133 1249 386 1311; x_wconf 89' lang='lat' dir='ltr'>temporis.</span> <span class='ocrx_word' id='word_1_116' title='bbox 446 1247 569 1295; x_wconf 87' lang='lat' dir='ltr'>bene</span> <span class='ocrx_word' id='word_1_117' title='bbox 610 1249 778 1296; x_wconf 88' lang='lat' dir='ltr'>autem</span> <span class='ocrx_word' id='word_1_118' title='bbox 817 1247 1011 1296; x_wconf 89' lang='lat' dir='ltr'>addidit</span> <span class='ocrx_word' id='word_1_119' title='bbox 1048 1248 1313 1311; x_wconf 84' lang='lat' dir='ltr'>paulatim3</span> <span class='ocrx_word' id='word_1_120' title='bbox 1351 1249 1504 1312; x_wconf 88' lang='lat' dir='ltr'>longa</span> <span class='ocrx_word' id='word_1_121' title='bbox 1542 1247 1675 1296; x_wconf 90' lang='lat' dir='ltr'>enim</span> <span class='ocrx_word' id='word_1_122' title='bbox 1703 1247 1826 1296; x_wconf 92' lang='lat' dir='ltr'>bene</span> 
     </span>
     <span class='ocr_line' id='line_1_16' title="bbox 60 1321 1825 1384; baseline -0.001 -15"><span class='ocrx_word' id='word_1_123' title='bbox 60 1335 102 1370; x_wconf 79' lang='lat'>15</span> <span class='ocrx_word' id='word_1_124' title='bbox 133 1321 335 1371; x_wconf 85' lang='lat' dir='ltr'>vivendi</span> <span class='ocrx_word' id='word_1_125' title='bbox 373 1322 677 1370; x_wconf 86' lang='lat' dir='ltr'>consuetudo</span> <span class='ocrx_word' id='word_1_126' title='bbox 716 1337 816 1370; x_wconf 91' lang='lat' dir='ltr'>non</span> <span class='ocrx_word' id='word_1_127' title='bbox 854 1321 1022 1384; x_wconf 89' lang='lat' dir='ltr'>potuit</span> <span class='ocrx_word' id='word_1_128' title='bbox 1059 1322 1212 1371; x_wconf 91' lang='lat' dir='ltr'>semel</span> <span class='ocrx_word' id='word_1_129' title='bbox 1250 1322 1492 1384; x_wconf 87' lang='lat' dir='ltr'>abrumpi.</span> <span class='ocrx_word' id='word_1_130' title='bbox 1567 1322 1825 1370; x_wconf 82' lang='lat' dir='ltr'>recedente</span> 
     </span>
     <span class='ocr_line' id='line_1_17' title="bbox 132 1395 1826 1460; baseline -0.001 -15"><span class='ocrx_word' id='word_1_131' title='bbox 132 1397 290 1460; x_wconf 85' lang='lat' dir='ltr'>igitur</span> <span class='ocrx_word' id='word_1_132' title='bbox 336 1395 545 1458; x_wconf 90' lang='lat' dir='ltr'>imperio</span> <span class='ocrx_word' id='word_1_133' title='bbox 598 1395 804 1444; x_wconf 87' lang='lat' dir='ltr'>Saturni</span> <span class='ocrx_word' id='word_1_134' title='bbox 852 1395 1066 1445; x_wconf 86' lang='lat' dir='ltr'>felicitas</span> <span class='ocrx_word' id='word_1_135' title='bbox 1116 1396 1426 1445; x_wconf 88' lang='lat' dir='ltr'>saeculorum</span> <span class='ocrx_word' id='word_1_136' title='bbox 1476 1396 1582 1445; x_wconf 90' lang='lat' dir='ltr'>eius</span> <span class='ocrx_word' id='word_1_137' title='bbox 1631 1397 1826 1444; x_wconf 88' lang='lat' dir='ltr'>insueto</span> 
     </span>
     <span class='ocr_line' id='line_1_18' title="bbox 133 1469 1827 1533; baseline -0.001 -14"><span class='ocrx_word' id='word_1_138' title='bbox 133 1473 273 1519; x_wconf 86' lang='lat' dir='ltr'>statu</span> <span class='ocrx_word' id='word_1_139' title='bbox 310 1485 510 1518; x_wconf 88' lang='lat' dir='ltr'>manere</span> <span class='ocrx_word' id='word_1_140' title='bbox 547 1485 648 1518; x_wconf 95' lang='lat' dir='ltr'>non</span> <span class='ocrx_word' id='word_1_141' title='bbox 685 1470 874 1533; x_wconf 90' lang='lat' dir='ltr'>potuit:</span> <span class='ocrx_word' id='word_1_142' title='bbox 913 1473 1218 1520; x_wconf 88' lang='lat' dir='ltr'>successerat</span> <span class='ocrx_word' id='word_1_143' title='bbox 1256 1471 1389 1518; x_wconf 91' lang='lat' dir='ltr'>enim</span> <span class='ocrx_word' id='word_1_144' title='bbox 1427 1472 1564 1519; x_wconf 89' lang='lat' dir='ltr'>aetas</span> <span class='ocrx_word' id='word_1_145' title='bbox 1598 1469 1827 1531; x_wconf 87' lang='lat' dir='ltr'>deterior,</span> 
     </span>
     <span class='ocr_line' id='line_1_19' title="bbox 131 1544 1825 1608; baseline 0.001 -16"><span class='ocrx_word' id='word_1_146' title='bbox 131 1545 226 1594; x_wconf 91' lang='lat' dir='ltr'>hoc</span> <span class='ocrx_word' id='word_1_147' title='bbox 257 1547 332 1593; x_wconf 88' lang='lat' dir='ltr'>est</span> <span class='ocrx_word' id='word_1_148' title='bbox 361 1545 578 1608; x_wconf 88' lang='lat' dir='ltr'>pessima</span> <span class='ocrx_word' id='word_1_149' title='bbox 607 1544 867 1592; x_wconf 88' lang='lat' dir='ltr'>hominum</span> <span class='ocrx_word' id='word_1_150' title='bbox 899 1560 957 1593; x_wconf 88' lang='lat' dir='ltr'>ac</span> <span class='ocrx_word' id='word_1_151' title='bbox 987 1545 1226 1608; x_wconf 89' lang='lat' dir='ltr'>temporis</span> <span class='ocrx_word' id='word_1_152' title='bbox 1257 1546 1403 1606; x_wconf 90' lang='lat' dir='ltr'>ratio,</span> <span class='ocrx_word' id='word_1_153' title='bbox 1443 1560 1572 1607; x_wconf 89' lang='lat' dir='ltr'>quae</span> <span class='ocrx_word' id='word_1_154' title='bbox 1602 1544 1825 1593; x_wconf 90' lang='lat' dir='ltr'>homines</span> 
     </span>
     <span class='ocr_line' id='line_1_20' title="bbox 133 1618 1825 1668; baseline 0 -2"><span class='ocrx_word' id='word_1_155' title='bbox 133 1635 162 1666; x_wconf 84' lang='lat' dir='ltr'>a</span> <span class='ocrx_word' id='word_1_156' title='bbox 198 1619 320 1667; x_wconf 91' lang='lat' dir='ltr'>bene</span> <span class='ocrx_word' id='word_1_157' title='bbox 358 1618 563 1668; x_wconf 87' lang='lat' dir='ltr'>vivendi</span> <span class='ocrx_word' id='word_1_158' title='bbox 599 1634 695 1667; x_wconf 90' lang='lat' dir='ltr'>usu</span> <span class='ocrx_word' id='word_1_159' title='bbox 732 1619 786 1667; x_wconf 88' lang='lat' dir='ltr'>in</span> <span class='ocrx_word' id='word_1_160' title='bbox 824 1619 1010 1667; x_wconf 91' lang='lat' dir='ltr'>malam</span> <span class='ocrx_word' id='word_1_161' title='bbox 1040 1619 1242 1668; x_wconf 84' lang='lat' dir='ltr'>vivendi</span> <span class='ocrx_word' id='word_1_162' title='bbox 1279 1619 1689 1668; x_wconf 89' lang='lat' dir='ltr'>consuetudinem</span> <span class='ocrx_word' id='word_1_163' title='bbox 1718 1635 1825 1667; x_wconf 85' lang='lat' dir='ltr'>ver-</span> 
     </span>
     <span class='ocr_line' id='line_1_21' title="bbox 59 1692 1827 1756; baseline 0 -16"><span class='ocrx_word' id='word_1_164' title='bbox 59 1706 103 1740; x_wconf 74' lang='lat'>20</span> <span class='ocrx_word' id='word_1_165' title='bbox 132 1695 270 1742; x_wconf 89' lang='lat' dir='ltr'>teret.</span> <span class='ocrx_word' id='word_1_166' title='bbox 347 1692 428 1741; x_wconf 90' lang='lat' dir='ltr'>hic</span> <span class='ocrx_word' id='word_1_167' title='bbox 464 1692 718 1756; x_wconf 88' lang='lat' dir='ltr'>Vergilius</span> <span class='ocrx_word' id='word_1_168' title='bbox 758 1693 880 1741; x_wconf 90' lang='lat' dir='ltr'>bene</span> <span class='ocrx_word' id='word_1_169' title='bbox 918 1693 999 1742; x_wconf 85' lang='lat' dir='ltr'>vel</span> <span class='ocrx_word' id='word_1_170' title='bbox 1036 1693 1166 1741; x_wconf 87' lang='lat' dir='ltr'>male</span> <span class='ocrx_word' id='word_1_171' title='bbox 1205 1692 1406 1742; x_wconf 83' lang='lat' dir='ltr'>vivendi</span> <span class='ocrx_word' id='word_1_172' title='bbox 1443 1693 1689 1741; x_wconf 90' lang='lat' dir='ltr'>rationem</span> <span class='ocrx_word' id='word_1_173' title='bbox 1725 1708 1827 1740; x_wconf 96' lang='lat' dir='ltr'>non</span> 
     </span>
     <span class='ocr_line' id='line_1_22' title="bbox 132 1766 1827 1830; baseline -0.001 -15"><span class='ocrx_word' id='word_1_174' title='bbox 132 1770 377 1816; x_wconf 89' lang='lat' dir='ltr'>rectorum</span> <span class='ocrx_word' id='word_1_175' title='bbox 407 1767 519 1815; x_wconf 88' lang='lat' dir='ltr'>vult</span> <span class='ocrx_word' id='word_1_176' title='bbox 557 1781 684 1828; x_wconf 91' lang='lat' dir='ltr'>esse,</span> <span class='ocrx_word' id='word_1_177' title='bbox 723 1767 811 1816; x_wconf 91' lang='lat' dir='ltr'>sed</span> <span class='ocrx_word' id='word_1_178' title='bbox 848 1770 1152 1830; x_wconf 83' lang='lat' dir='ltr'>temporum3</span> <span class='ocrx_word' id='word_1_179' title='bbox 1190 1783 1310 1816; x_wconf 91' lang='lat' dir='ltr'>nam</span> <span class='ocrx_word' id='word_1_180' title='bbox 1340 1783 1489 1830; x_wconf 87' lang='lat' dir='ltr'>supra</span> <span class='ocrx_word' id='word_1_181' title='bbox 1520 1766 1646 1815; x_wconf 88' lang='lat' dir='ltr'>dixit</span> <span class='ocrx_word' id='word_1_182' title='bbox 1676 1782 1827 1815; x_wconf 84' lang='lat' dir='ltr'>aurea</span> 
     </span>
     <span class='ocr_line' id='line_1_23' title="bbox 134 1841 1827 1903; baseline 0 -14"><span class='ocrx_word' id='word_1_183' title='bbox 134 1841 331 1890; x_wconf 90' lang='lat' dir='ltr'>saecula</span> <span class='ocrx_word' id='word_1_184' title='bbox 371 1841 615 1903; x_wconf 84' lang='lat' dir='ltr'>extitisse,</span> <span class='ocrx_word' id='word_1_185' title='bbox 653 1857 786 1890; x_wconf 88' lang='lat' dir='ltr'>nunc</span> <span class='ocrx_word' id='word_1_186' title='bbox 818 1841 940 1891; x_wconf 89' lang='lat' dir='ltr'>dicit</span> <span class='ocrx_word' id='word_1_187' title='bbox 971 1842 1190 1890; x_wconf 88' lang='lat' dir='ltr'>deterior</span> <span class='ocrx_word' id='word_1_188' title='bbox 1229 1844 1368 1891; x_wconf 88' lang='lat' dir='ltr'>aetas</span> <span class='ocrx_word' id='word_1_189' title='bbox 1406 1842 1654 1890; x_wconf 89' lang='lat' dir='ltr'>successit.</span> <span class='ocrx_word' id='word_1_190' title='bbox 1708 1841 1827 1889; x_wconf 82' lang='lat' dir='ltr'>felix</span> 
     </span>
     <span class='ocr_line' id='line_1_24' title="bbox 133 1914 1826 1978; baseline -0.001 -14"><span class='ocrx_word' id='word_1_191' title='bbox 133 1919 302 1964; x_wconf 89' lang='lat' dir='ltr'>tamen</span> <span class='ocrx_word' id='word_1_192' title='bbox 341 1917 418 1963; x_wconf 87' lang='lat' dir='ltr'>est</span> <span class='ocrx_word' id='word_1_193' title='bbox 463 1915 603 1964; x_wconf 87' lang='lat' dir='ltr'>cuius</span> <span class='ocrx_word' id='word_1_194' title='bbox 649 1915 855 1978; x_wconf 89' lang='lat' dir='ltr'>imperio</span> <span class='ocrx_word' id='word_1_195' title='bbox 901 1918 1110 1964; x_wconf 88' lang='lat' dir='ltr'>naturae</span> <span class='ocrx_word' id='word_1_196' title='bbox 1162 1931 1333 1965; x_wconf 89' lang='lat' dir='ltr'>cursus</span> <span class='ocrx_word' id='word_1_197' title='bbox 1386 1915 1603 1976; x_wconf 86' lang='lat' dir='ltr'>adridet,</span> <span class='ocrx_word' id='word_1_198' title='bbox 1652 1914 1826 1963; x_wconf 86' lang='lat' dir='ltr'>infelix</span> 
     </span>
     <span class='ocr_line' id='line_1_25' title="bbox 134 1989 1824 2054; baseline -0.001 -15"><span class='ocrx_word' id='word_1_199' title='bbox 134 2006 249 2039; x_wconf 84' lang='lat' dir='ltr'>vero</span> <span class='ocrx_word' id='word_1_200' title='bbox 290 1990 429 2037; x_wconf 91' lang='lat' dir='ltr'>cuius</span> <span class='ocrx_word' id='word_1_201' title='bbox 469 1989 893 2039; x_wconf 83' lang='lat' dir='ltr'>administrationi</span> <span class='ocrx_word' id='word_1_202' title='bbox 936 1992 1217 2053; x_wconf 90' lang='lat' dir='ltr'>temporum</span> <span class='ocrx_word' id='word_1_203' title='bbox 1261 1990 1502 2054; x_wconf 90' lang='lat' dir='ltr'>iniquitas</span> <span class='ocrx_word' id='word_1_204' title='bbox 1542 1989 1824 2052; x_wconf 88' lang='lat' dir='ltr'>deputatur.</span> 
     </span>
     <span class='ocr_line' id='line_1_26' title="bbox 61 2062 1826 2127; baseline 0.002 -19"><span class='ocrx_word' id='word_1_205' title='bbox 61 2075 102 2109; x_wconf 78' lang='lat'>25</span> <span class='ocrx_word' id='word_1_206' title='bbox 134 2067 185 2112; x_wconf 87' lang='lat' dir='ltr'>et</span> <span class='ocrx_word' id='word_1_207' title='bbox 221 2063 340 2111; x_wconf 90' lang='lat' dir='ltr'>belli</span> <span class='ocrx_word' id='word_1_208' title='bbox 377 2062 540 2111; x_wconf 86' lang='lat' dir='ltr'>rabies</span> <span class='ocrx_word' id='word_1_209' title='bbox 579 2065 629 2111; x_wconf 91' lang='lat' dir='ltr'>et</span> <span class='ocrx_word' id='word_1_210' title='bbox 659 2078 799 2112; x_wconf 87' lang='lat' dir='ltr'>amor</span> <span class='ocrx_word' id='word_1_211' title='bbox 828 2064 1063 2113; x_wconf 91' lang='lat' dir='ltr'>successit</span> <span class='ocrx_word' id='word_1_212' title='bbox 1092 2064 1328 2126; x_wconf 86' lang='lat' dir='ltr'>habendi,</span> <span class='ocrx_word' id='word_1_213' title='bbox 1370 2080 1580 2127; x_wconf 90' lang='lat' dir='ltr'>quorum</span> <span class='ocrx_word' id='word_1_214' title='bbox 1612 2064 1826 2112; x_wconf 87' lang='lat' dir='ltr'>alterum</span> 
     </span>
     <span class='ocr_line' id='line_1_27' title="bbox 135 2138 1824 2201; baseline 0 -15"><span class='ocrx_word' id='word_1_215' title='bbox 135 2139 239 2187; x_wconf 89' lang='lat' dir='ltr'>sine</span> <span class='ocrx_word' id='word_1_216' title='bbox 279 2138 435 2185; x_wconf 88' lang='lat' dir='ltr'>altero</span> <span class='ocrx_word' id='word_1_217' title='bbox 475 2152 579 2185; x_wconf 88' lang='lat' dir='ltr'>esse</span> <span class='ocrx_word' id='word_1_218' title='bbox 617 2152 716 2185; x_wconf 93' lang='lat' dir='ltr'>non</span> <span class='ocrx_word' id='word_1_219' title='bbox 755 2139 944 2201; x_wconf 88' lang='lat' dir='ltr'>potest,</span> <span class='ocrx_word' id='word_1_220' title='bbox 982 2138 1132 2188; x_wconf 87' lang='lat' dir='ltr'>sicuti</span> <span class='ocrx_word' id='word_1_221' title='bbox 1160 2139 1335 2187; x_wconf 85' lang='lat' dir='ltr'>multis</span> <span class='ocrx_word' id='word_1_222' title='bbox 1367 2139 1488 2187; x_wconf 88' lang='lat' dir='ltr'>locis</span> <span class='ocrx_word' id='word_1_223' title='bbox 1521 2139 1664 2201; x_wconf 89' lang='lat' dir='ltr'>plene</span> <span class='ocrx_word' id='word_1_224' title='bbox 1695 2140 1824 2187; x_wconf 88' lang='lat' dir='ltr'>trac-</span> 
     </span>
     <span class='ocr_line' id='line_1_28' title="bbox 133 2211 1825 2275; baseline 0.001 -16"><span class='ocrx_word' id='word_1_225' title='bbox 133 2214 299 2260; x_wconf 85' lang='lat' dir='ltr'>tatum</span> <span class='ocrx_word' id='word_1_226' title='bbox 344 2213 431 2260; x_wconf 90' lang='lat' dir='ltr'>est.</span> <span class='ocrx_word' id='word_1_227' title='bbox 515 2211 732 2259; x_wconf 89' lang='lat' dir='ltr'>habendi</span> <span class='ocrx_word' id='word_1_228' title='bbox 784 2213 914 2260; x_wconf 89' lang='lat' dir='ltr'>enim</span> <span class='ocrx_word' id='word_1_229' title='bbox 968 2212 1215 2275; x_wconf 87' lang='lat' dir='ltr'>cupiditas</span> <span class='ocrx_word' id='word_1_230' title='bbox 1271 2213 1375 2262; x_wconf 92' lang='lat' dir='ltr'>sine</span> <span class='ocrx_word' id='word_1_231' title='bbox 1429 2212 1720 2261; x_wconf 88' lang='lat' dir='ltr'>crudelitate</span> <span class='ocrx_word' id='word_1_232' title='bbox 1776 2214 1825 2260; x_wconf 92' lang='lat' dir='ltr'>et</span> 
     </span>
     <span class='ocr_line' id='line_1_29' title="bbox 135 2286 1824 2350; baseline -0.001 -16"><span class='ocrx_word' id='word_1_233' title='bbox 135 2286 315 2334; x_wconf 89' lang='lat' dir='ltr'>scelere</span> <span class='ocrx_word' id='word_1_234' title='bbox 352 2301 453 2333; x_wconf 92' lang='lat' dir='ltr'>non</span> <span class='ocrx_word' id='word_1_235' title='bbox 483 2287 650 2348; x_wconf 89' lang='lat' dir='ltr'>potest</span> <span class='ocrx_word' id='word_1_236' title='bbox 679 2287 958 2348; x_wconf 84' lang='lat' dir='ltr'>procurari3</span> <span class='ocrx_word' id='word_1_237' title='bbox 996 2303 1113 2334; x_wconf 87' lang='lat' dir='ltr'>nam</span> <span class='ocrx_word' id='word_1_238' title='bbox 1144 2286 1232 2334; x_wconf 92' lang='lat' dir='ltr'>ubi</span> <span class='ocrx_word' id='word_1_239' title='bbox 1263 2287 1373 2350; x_wconf 90' lang='lat' dir='ltr'>quis</span> <span class='ocrx_word' id='word_1_240' title='bbox 1407 2287 1571 2335; x_wconf 91' lang='lat' dir='ltr'>animo</span> <span class='ocrx_word' id='word_1_241' title='bbox 1602 2287 1824 2335; x_wconf 86' lang='lat' dir='ltr'>hauserit</span> 
     </span>
     <span class='ocr_line' id='line_1_30' title="bbox 135 2359 1822 2422; baseline -0.001 -14"><span class='ocrx_word' id='word_1_242' title='bbox 135 2360 320 2421; x_wconf 87' lang='lat' dir='ltr'>aliena,</span> <span class='ocrx_word' id='word_1_243' title='bbox 357 2360 479 2408; x_wconf 88' lang='lat' dir='ltr'>haec</span> <span class='ocrx_word' id='word_1_244' title='bbox 510 2359 821 2408; x_wconf 89' lang='lat' dir='ltr'>crudelitatis</span> <span class='ocrx_word' id='word_1_245' title='bbox 854 2362 904 2407; x_wconf 90' lang='lat' dir='ltr'>et</span> <span class='ocrx_word' id='word_1_246' title='bbox 935 2361 1131 2410; x_wconf 89' lang='lat' dir='ltr'>sceleris</span> <span class='ocrx_word' id='word_1_247' title='bbox 1164 2362 1451 2409; x_wconf 88' lang='lat' dir='ltr'>adiumento</span> <span class='ocrx_word' id='word_1_248' title='bbox 1484 2361 1822 2422; x_wconf 87' lang='lat' dir='ltr'>consequitur;</span> 
     </span>
     <span class='ocr_line' id='line_1_31' title="bbox 60 2434 1822 2497; baseline 0.001 -18"><span class='ocrx_word' id='word_1_249' title='bbox 60 2445 104 2478; x_wconf 74' lang='lat'>⁸0</span> <span class='ocrx_word' id='word_1_250' title='bbox 135 2434 403 2482; x_wconf 88' lang='lat' dir='ltr'>crudelitas</span> <span class='ocrx_word' id='word_1_251' title='bbox 436 2449 631 2496; x_wconf 91' lang='lat' dir='ltr'>quoque</span> <span class='ocrx_word' id='word_1_252' title='bbox 664 2435 715 2482; x_wconf 89' lang='lat' dir='ltr'>et</span> <span class='ocrx_word' id='word_1_253' title='bbox 751 2436 1056 2497; x_wconf 88' lang='lat' dir='ltr'>perpetratio</span> <span class='ocrx_word' id='word_1_254' title='bbox 1096 2435 1291 2484; x_wconf 87' lang='lat' dir='ltr'>sceleris</span> <span class='ocrx_word' id='word_1_255' title='bbox 1331 2436 1434 2484; x_wconf 89' lang='lat' dir='ltr'>sine</span> <span class='ocrx_word' id='word_1_256' title='bbox 1474 2435 1688 2484; x_wconf 86' lang='lat' dir='ltr'>avaritia</span> <span class='ocrx_word' id='word_1_257' title='bbox 1718 2448 1822 2481; x_wconf 90' lang='lat' dir='ltr'>esse</span> 
     </span>
     <span class='ocr_line' id='line_1_32' title="bbox 135 2508 1823 2571; baseline -0.001 -15"><span class='ocrx_word' id='word_1_258' title='bbox 135 2523 233 2556; x_wconf 89' lang='lat' dir='ltr'>non</span> <span class='ocrx_word' id='word_1_259' title='bbox 270 2510 458 2571; x_wconf 83' lang='lat' dir='ltr'>potest,</span> <span class='ocrx_word' id='word_1_260' title='bbox 497 2508 618 2571; x_wconf 89' lang='lat' dir='ltr'>quia</span> <span class='ocrx_word' id='word_1_261' title='bbox 654 2508 823 2556; x_wconf 87' lang='lat' dir='ltr'>nullus</span> <span class='ocrx_word' id='word_1_262' title='bbox 862 2509 966 2557; x_wconf 88' lang='lat' dir='ltr'>sine</span> <span class='ocrx_word' id='word_1_263' title='bbox 998 2508 1134 2557; x_wconf 92' lang='lat' dir='ltr'>lucro</span> <span class='ocrx_word' id='word_1_264' title='bbox 1165 2510 1327 2557; x_wconf 90' lang='lat' dir='ltr'>malus</span> <span class='ocrx_word' id='word_1_265' title='bbox 1360 2511 1448 2558; x_wconf 89' lang='lat' dir='ltr'>est.</span> <span class='ocrx_word' id='word_1_266' title='bbox 1510 2512 1611 2556; x_wconf 78' lang='lat' dir='ltr'>turn</span> <span class='ocrx_word' id='word_1_267' title='bbox 1643 2521 1823 2555; x_wconf 74' lang='lat' dir='ltr'>manas</span> 
     </span>
     <span class='ocr_line' id='line_1_33' title="bbox 0 2581 1824 2643; baseline 0.001 -16"><span class='ocrx_word' id='word_1_268' title='bbox 0 2624 2 2626; x_wconf 78' lang='grc'>,</span> <span class='ocrx_word' id='word_1_269' title='bbox 133 2581 386 2630; x_wconf 79' lang='lat' dir='ltr'>Ausoniae</span> <span class='ocrx_word' id='word_1_270' title='bbox 425 2585 468 2630; x_wconf 80' lang='lat' dir='ltr'>et</span> <span class='ocrx_word' id='word_1_271' title='bbox 500 2586 662 2643; x_wconf 64' lang='lat' dir='ltr'>grentes</span> <span class='ocrx_word' id='word_1_272' title='bbox 699 2596 869 2630; x_wconf 80' lang='lat' dir='ltr'>venere</span> <span class='ocrx_word' id='word_1_273' title='bbox 898 2582 1108 2631; x_wconf 79' lang='lat' dir='ltr'>Sicanae</span> <span class='ocrx_word' id='word_1_274' title='bbox 1145 2585 1343 2643; x_wconf 77' lang='lat' dir='ltr'>saepius</span> <span class='ocrx_word' id='word_1_275' title='bbox 1382 2587 1425 2631; x_wconf 76' lang='lat' dir='ltr'>et</span> <span class='ocrx_word' id='word_1_276' title='bbox 1453 2596 1627 2630; x_wconf 74' lang='lat' dir='ltr'>nomen</span> <span class='ocrx_word' id='word_1_277' title='bbox 1660 2581 1824 2641; x_wconf 81' lang='lat' dir='ltr'>posuit</span> 
     </span>
     <span class='ocr_line' id='line_1_34' title="bbox 0 2632 1823 2721; baseline -0.001 -17"><span class='ocrx_word' id='word_1_278' title='bbox 0 2632 18 2721; x_wconf 56' lang='grc' dir='ltr'>Ξ</span> <span class='ocrx_word' id='word_1_279' title='bbox 133 2655 372 2704; x_wconf 78' lang='lat' dir='ltr'>Saturnia</span> <span class='ocrx_word' id='word_1_280' title='bbox 410 2656 574 2704; x_wconf 78' lang='lat' dir='ltr'>tellus:</span> <span class='ocrx_word' id='word_1_281' title='bbox 611 2655 998 2720; x_wconf 85' lang='lat' dir='ltr'>emergentibus,</span> <span class='ocrx_word' id='word_1_282' title='bbox 1027 2656 1214 2719; x_wconf 89' lang='lat' dir='ltr'>inquit,</span> <span class='ocrx_word' id='word_1_283' title='bbox 1245 2657 1391 2706; x_wconf 88' lang='lat' dir='ltr'>malis</span> <span class='ocrx_word' id='word_1_284' title='bbox 1425 2655 1732 2705; x_wconf 86' lang='lat' dir='ltr'>crudelitatis</span> <span class='ocrx_word' id='word_1_285' title='bbox 1772 2656 1823 2702; x_wconf 89' lang='lat' dir='ltr'>et</span> 
     </span>
     <span class='ocr_line' id='line_1_35' title="bbox 137 2729 1822 2795; baseline -0.001 -17"><span class='ocrx_word' id='word_1_286' title='bbox 137 2730 398 2791; x_wconf 87' lang='lat' dir='ltr'>avaritiae,</span> <span class='ocrx_word' id='word_1_287' title='bbox 449 2745 563 2778; x_wconf 87' lang='lat' dir='ltr'>cum</span> <span class='ocrx_word' id='word_1_288' title='bbox 601 2730 909 2779; x_wconf 85' lang='lat' dir='ltr'>diversarum</span> <span class='ocrx_word' id='word_1_289' title='bbox 955 2731 1182 2795; x_wconf 87' lang='lat' dir='ltr'>gentium</span> <span class='ocrx_word' id='word_1_290' title='bbox 1227 2731 1401 2794; x_wconf 88' lang='lat' dir='ltr'>populi</span> <span class='ocrx_word' id='word_1_291' title='bbox 1446 2730 1498 2778; x_wconf 92' lang='lat' dir='ltr'>in</span> <span class='ocrx_word' id='word_1_292' title='bbox 1544 2730 1665 2777; x_wconf 88' lang='lat' dir='ltr'>haec</span> <span class='ocrx_word' id='word_1_293' title='bbox 1711 2729 1822 2777; x_wconf 85' lang='lat' dir='ltr'>loca</span> 
     </span>
    </p>
   </div>
   <div class='ocr_carea' id='block_1_3' title="bbox 0 0 65 2627">
    <p class='ocr_par' dir='ltr' id='par_1_6' title="bbox 0 0 65 2627">
     <span class='ocr_line' id='line_1_36' title="bbox 0 0 65 2627; baseline 0 -1711"><span class='ocrx_word' id='word_1_294' title='bbox 0 0 65 2627; x_wconf 95' lang='lat' dir='ltr'>     </span> 
     </span>
    </p>
   </div>
   <div class='ocr_carea' id='block_1_4' title="bbox 134 2809 489 2814">
    <p class='ocr_par' dir='ltr' id='par_1_7' title="bbox 134 2809 489 2814">
     <span class='ocr_line' id='line_1_37' title="bbox 134 2809 489 2814; baseline 0 0"><span class='ocrx_word' id='word_1_295' title='bbox 134 2809 489 2814; x_wconf 95' lang='lat' dir='ltr'> </span> 
     </span>
    </p>
   </div>
   <div class='ocr_carea' id='block_1_5' title="bbox 0 2841 1821 3020">
    <p class='ocr_par' dir='ltr' id='par_1_8' title="bbox 0 2841 1821 3020">
     <span class='ocr_line' id='line_1_38' title="bbox 255 2841 1821 2900; baseline -0.001 -15"><span class='ocrx_word' id='word_1_296' title='bbox 255 2846 278 2885; x_wconf 92' lang='lat'>1</span> <span class='ocrx_word' id='word_1_297' title='bbox 311 2842 495 2896; x_wconf 80' lang='lat' dir='ltr'>frenare</span> <span class='ocrx_word' id='word_1_298' title='bbox 517 2841 560 2886; x_wconf 89' lang='lat' dir='ltr'><strong>V</strong></span> <span class='ocrx_word' id='word_1_299' title='bbox 590 2842 649 2896; x_wconf 79' lang='lat' dir='ltr'>fr.</span> <span class='ocrx_word' id='word_1_300' title='bbox 674 2843 818 2886; x_wconf 76' lang='lat' dir='ltr'>voluit</span> <span class='ocrx_word' id='word_1_301' title='bbox 847 2841 919 2885; x_wconf 86' lang='lat' dir='ltr'>ed.</span> <span class='ocrx_word' id='word_1_302' title='bbox 1047 2846 1075 2886; x_wconf 88' lang='lat'>4</span> <span class='ocrx_word' id='word_1_303' title='bbox 1112 2841 1717 2900; x_wconf 73' lang='lat' dir='ltr'>siqnificationem—tetiyit</span> <span class='ocrx_word' id='word_1_304' title='bbox 1753 2841 1821 2884; x_wconf 85' lang='lat' dir='ltr'>te-</span> 
     </span>
     <span class='ocr_line' id='line_1_39' title="bbox 135 2899 1821 2959; baseline 0.001 -17"><span class='ocrx_word' id='word_1_305' title='bbox 135 2913 260 2945; x_wconf 89' lang='lat' dir='ltr'>mere</span> <span class='ocrx_word' id='word_1_306' title='bbox 291 2902 409 2944; x_wconf 89' lang='lat' dir='ltr'>mut.</span> <span class='ocrx_word' id='word_1_307' title='bbox 439 2901 509 2945; x_wconf 90' lang='lat' dir='ltr'>ed.</span> <span class='ocrx_word' id='word_1_308' title='bbox 559 2901 562 2959; x_wconf 65' lang='lat' dir='ltr'>fl</span> <span class='ocrx_word' id='word_1_309' title='bbox 608 2902 761 2957; x_wconf 78' lang='lat' dir='ltr'>retiyit</span> <span class='ocrx_word' id='word_1_310' title='bbox 791 2899 845 2944; x_wconf 90' lang='lat' dir='ltr'>V.</span> <span class='ocrx_word' id='word_1_311' title='bbox 967 2905 1022 2944; x_wconf 81' lang='lat'>27</span> <span class='ocrx_word' id='word_1_312' title='bbox 1054 2903 1174 2946; x_wconf 78' lang='lat' dir='ltr'>enim</span> <span class='ocrx_word' id='word_1_313' title='bbox 1205 2915 1293 2946; x_wconf 87' lang='lat' dir='ltr'>om.</span> <span class='ocrx_word' id='word_1_314' title='bbox 1319 2901 1390 2945; x_wconf 89' lang='lat' dir='ltr'>ed.</span> <span class='ocrx_word' id='word_1_315' title='bbox 1513 2904 1565 2942; x_wconf 86' lang='lat'>31</span> <span class='ocrx_word' id='word_1_316' title='bbox 1599 2900 1758 2944; x_wconf 75' lang='lat' dir='ltr'>nullus</span> <span class='ocrx_word' id='word_1_317' title='bbox 1779 2899 1821 2944; x_wconf 95' lang='lat' dir='ltr'><strong>V</strong></span> 
     </span>
     <span class='ocr_line' id='line_1_40' title="bbox 0 2950 979 3020; baseline 0.002 -18"><span class='ocrx_word' id='word_1_318' title='bbox 0 2950 32 3020; x_wconf 35' lang='grc' dir='ltr'>ξ.</span> <span class='ocrx_word' id='word_1_319' title='bbox 134 2973 242 3004; x_wconf 87' lang='lat' dir='ltr'>raro</span> <span class='ocrx_word' id='word_1_320' title='bbox 272 2961 441 3015; x_wconf 77' lang='lat' dir='ltr'>aliquis</span> <span class='ocrx_word' id='word_1_321' title='bbox 471 2960 543 3004; x_wconf 88' lang='lat' dir='ltr'>ed.</span> <span class='ocrx_word' id='word_1_322' title='bbox 666 2964 721 3003; x_wconf 81' lang='lat'>32</span> <span class='ocrx_word' id='word_1_323' title='bbox 748 2961 903 3015; x_wconf 80' lang='lat' dir='ltr'>potuit</span> <span class='ocrx_word' id='word_1_324' title='bbox 924 2959 979 3004; x_wconf 94' lang='lat' dir='ltr'>V.</span> 
     </span>
    </p>
   </div>
   <div class='ocr_carea' id='block_1_6' title="bbox 224 3048 1551 3090">
    <p class='ocr_par' dir='ltr' id='par_1_9' title="bbox 224 3048 1551 3090">
     <span class='ocr_line' id='line_1_41' title="bbox 224 3048 1551 3090; baseline 0.002 -10"><span class='ocrx_word' id='word_1_325' title='bbox 224 3048 322 3081; x_wconf 87' lang='lat' dir='ltr'>Don.</span> <span class='ocrx_word' id='word_1_326' title='bbox 339 3049 499 3088; x_wconf 82' lang='lat' dir='ltr'>interpr.</span> <span class='ocrx_word' id='word_1_327' title='bbox 513 3049 626 3090; x_wconf 84' lang='lat' dir='ltr'>Verg.</span> <span class='ocrx_word' id='word_1_328' title='bbox 652 3049 728 3081; x_wconf 86' lang='lat' dir='ltr'>vol.</span> <span class='ocrx_word' id='word_1_329' title='bbox 745 3049 798 3081; x_wconf 89' lang='lat'>11.</span> <span class='ocrx_word' id='word_1_330' title='bbox 1498 3052 1551 3090; x_wconf 91' lang='lat'>11</span> 
     </span>
    </p>
   </div>
  </div>
 </body>
</html>
