2050 3226
118 617 174 657 60

207 173 316 226 416
677 170 911 217 DONATI
943 168 1225 215 INTERPR.
1250 170 1429 215 VERG.

209 326 404 373 quoque
452 313 502 359 et
539 310 811 372 Pallantis3
849 312 1068 374 perierat
1108 311 1240 358 enim
1277 309 1470 372 Pallas,
1509 310 1744 362 Euander
1782 325 1899 361 vero

207 401 353 434 senex
397 401 497 433 non
543 384 631 434 diu
678 384 969 447 sperabatur
1017 400 1121 433 esse
1167 383 1412 444 victuru8‚
1468 385 1543 433 ita
1592 384 1901 433 efficiebatur

204 461 263 507 ut
292 475 450 522 neque
482 458 675 511 Aeneas
707 458 932 507 Euandri
962 458 1170 507 ulterius
1209 460 1431 520 speraret
1462 458 1699 507 auxilium
1739 475 1901 522 neque

205 532 344 582 Iulus
385 533 654 594 Pallantis,
694 549 842 594 quem
881 532 1144 585 constabat
1183 531 1471 581 extinctum.

323 607 464 656 Haec
492 607 578 656 ubi
608 607 817 665 deflevit,
857 606 959 654 tolli
989 606 1263 656 miserabile
1294 620 1469 667 eorpus
1498 607 1707 666 imperat
1738 609 1780 654 et
1810 609 1901 654 toto
1939 637 1941 640 -

207 681 346 731 lectos
393 695 449 730 ex
488 682 680 742 aymiue
717 680 861 728 mittit
900 681 1032 728 mille
1068 682 1224 729 viros:
1270 696 1383 730 cum
1427 681 1554 730 talia
1601 681 1808 730 dixisset
1852 682 1903 728 et

154 752 158 754 ’
204 757 371 815 tanta,
411 755 523 802 tolli
560 755 662 802 iam
700 755 955 817 praecepit
991 754 1140 803 funus
1179 755 1230 802 et
1266 753 1319 802 in
1358 753 1463 805 eius
1495 770 1731 818 pompam
1768 755 1902 808 viros

121 2096 176 2136 65

204 829 342 878 mille
374 845 431 876 ex
463 828 691 876 omnibus
722 828 877 877 lectos
907 828 1046 877 iubet
1077 827 1222 879 exire.
1265 829 1349 888 qui
1370 843 1652 890 supremum
1682 830 1902 878 comiteu-

205 906 285 950 tur
314 903 540 950 honorem
570 903 886 962 intersintque
907 904 1073 962 patris
1104 903 1344 952 lacrimis:
1383 901 1544 952 dictae
1576 904 1694 951 sunt
1725 917 1902 952 causae

206 978 410 1040 propter
449 992 572 1039 quas
617 977 710 1025 hoc
749 976 987 1039 faciebat3
1037 993 1138 1026 una
1177 977 1362 1040 quippe
1401 978 1566 1025 fuerat
1604 991 1706 1039 qua
1735 977 1902 1041 regale

205 1051 354 1098 funus
394 1052 712 1113 conpetenter
746 1051 960 1112 efferret,
1001 1051 1135 1113 quod
1174 1050 1400 1112 obsequii
1430 1066 1585 1115 genus
1618 1066 1903 1113 supremum

206 1124 392 1173 dicitur
427 1124 563 1186 ideo,
604 1126 723 1187 quia
761 1127 936 1188 postea
974 1126 1170 1177 nullum
1207 1127 1304 1186 est,
1343 1125 1503 1174 altera
1533 1126 1737 1187 propter
1775 1125 1900 1175 sola-

206 1200 337 1247 cium
383 1201 434 1246 et
478 1199 707 1249 lacrimas
754 1200 937 1261 patriS,
990 1202 1048 1248 ut
1095 1201 1183 1248 aut
1226 1199 1324 1262 ipsi
1371 1199 1592 1249 dolorem
1635 1199 1902 1248 maerentis

205 1273 419 1322 lenirent
449 1273 852 1335 persuasionibus
885 1273 986 1321 suis
1021 1276 1110 1322 aut
1141 1290 1199 1321 ex
1235 1274 1618 1337 congregatione
1649 1275 1903 1323 tantorum

205 1348 457 1396 levaretur
495 1348 659 1394 animo
698 1348 993 1412 intellegens
1039 1349 1092 1395 in
1137 1349 1283 1396 tanta
1327 1348 1621 1396 necessitate
1658 1347 1903 1398 bellorum

206 1421 280 1469 fili
312 1422 390 1469 sui
421 1437 622 1470 causam
652 1422 804 1470 fuisse
836 1423 1095 1484 potiorem,
1127 1424 1331 1484 propter
1363 1437 1512 1484 quam
1543 1423 1622 1470 tot
1651 1421 1768 1470 lecti
1797 1422 1902 1469 fue·

206 1498 323 1543 rant
361 1497 579 1557 avocati,
620 1497 670 1543 et
707 1495 911 1544 Aenean
944 1496 1096 1544 saluti
1126 1496 1356 1558 propriae
1387 1495 1634 1544 Pallantis
1667 1495 1904 1559 obsequia

206 1569 516 1632 praetulisse.
570 1570 754 1618 solacia
785 1570 941 1619 luctus
972 1571 1146 1631 exiyua
1177 1571 1398 1631 ingentis,
1422 1571 1598 1619 misero
1628 1570 1714 1618 sed
1744 1569 1903 1618 debita

197 1645 362 1703 patri:
399 1660 499 1692 non
529 1643 712 1692 idcirco
736 1644 857 1692 haec
880 1644 1086 1705 fiebant,
1117 1645 1175 1692 ut
1204 1645 1416 1692 iniectus
1447 1643 1654 1692 internis
1679 1643 1902 1692 sensibus

208 1718 349 1766 dolor
388 1720 438 1765 et
474 1718 603 1766 illud
639 1717 916 1766 insanabile
953 1718 1143 1766 malum
1171 1717 1248 1766 his
1289 1717 1548 1781 generibus
1579 1718 1778 1780 penitus
1807 1720 1903 1765 ter·

208 1794 407 1855 geretur
424 1786 607 1858 (neque
632 1791 763 1840 enim
786 1793 886 1841 ista
908 1792 1110 1840 inflictis
1134 1791 1354 1841 luctibus
1384 1791 1590 1854 aequari
1611 1785 1903 1856 potuerant)

208 1866 295 1913 sed
341 1868 397 1913 ut
439 1882 649 1929 magnus
696 1866 838 1914 dolor
884 1867 1062 1930 exiguo
1111 1866 1288 1914 saltem
1334 1866 1519 1915 solacio
1565 1865 1904 1928 praesentium

208 1940 468 1988 levaretur.
524 1940 747 1988 debitum
778 1941 872 1989 hoc
903 1942 952 1988 et
986 1943 1182 1988 mortuo
1221 1941 1387 1988 fuerat
1416 1955 1596 1988 munus
1628 1942 1678 1988 et
1714 1938 1905 1988 infelici

208 2015 343 2075 patri
382 2017 678 2062 convenerat
717 2014 948 2062 exhiberi.
1002 2015 1123 2062 haut
1158 2028 1324 2075 seques
1364 2014 1452 2062 alii
1491 2017 1645 2062 crates
1685 2017 1727 2062 et
1763 2013 1904 2062 molle

207 2089 440 2148 feretrum
464 2088 677 2136 arbuteis
708 2091 873 2136 texunt
901 2089 1052 2150 viryis
1085 2092 1126 2136 et
1155 2089 1335 2137 vimine
1358 2103 1561 2150 querno:
1591 2088 1903 2136 humanitate

210 2161 357 2209 simul
397 2163 447 2209 et
483 2161 613 2224 regis
651 2162 869 2210 iussione
908 2162 1197 2226 cogentibus
1243 2177 1341 2210 non
1388 2165 1530 2211 erant
1567 2177 1764 2225 segnes,
1810 2162 1903 2210 hoc

210 2237 285 2283 est
315 2238 635 2297 properantes
668 2236 873 2299 adgredi
904 2239 1167 2299 coeperant
1197 2236 1486 2285 necessaria.
1542 2235 1630 2283 alii
1656 2234 1904 2298 parabant

211 2310 368 2357 crates
410 2309 589 2372 quibus
629 2310 889 2358 sollemnia
919 2312 1237 2373 portarentur
1268 2313 1318 2358 et
1347 2311 1495 2358 molle
1528 2310 1765 2358 feretrum
1804 2325 1900 2372 quo

211 2384 358 2431 funus
382 2384 546 2445 ipsum
578 2383 698 2430 ferri
729 2384 974 2445 potuisset
999 2384 1216 2433 arbuteis
1248 2387 1423 2433 texunt
1453 2383 1607 2447 virgis
1639 2384 1689 2430 et
1705 2382 1902 2431 >vimine

1935 990 2015 1024 m-

1935 1360 2010 1394 15-

1934 1731 1979 1764 20
1991 1743 2009 1764 «ἐι

1933 2100 2008 2134 25-

213 2473 412 2519 querno.
475 2456 602 2504 dixit
638 2457 886 2520 lignorum
927 2475 1108 2521 genera
1140 2474 1265 2520 quae
1303 2458 1600 2520 praebuerat
1637 2457 1773 2505 locus
1815 2458 1903 2504 aut
1997 2478 2004 2503 z

212 2531 400 2579 funeris
431 2531 583 2591 rati0,
614 2531 693 2579 vel
719 2532 836 2593 quia
867 2531 1005 2595 ligna
1035 2534 1147 2595 ipsa
1177 2534 1230 2580 in
1261 2532 1427 2595 virgas
1452 2533 1677 2580 crescunt
1707 2533 1757 2578 et
1779 2531 1900 2578 mol-

212 2606 282 2652 les
316 2608 364 2653 et
394 2606 583 2668 longas.
639 2608 962 2666 extructosque
994 2610 1119 2654 toros
1158 2608 1347 2654 obtentu
1377 2605 1568 2665 frondis
1597 2605 1902 2652 iumubraut:

333 2750 354 2787 1
390 2759 561 2801 quoque
586 2748 814 2801 transpos.
842 2746 911 2789 ed.
1008 2751 1031 2788 2
1056 2747 1356 2802 separabatur
1371 2746 1412 2789 V
1435 2745 1703 2801 sperabatur
1726 2743 1810 2787 ΗΟ
1828 2744 1899 2787 ed.

215 2809 237 2845 7
265 2806 467 2860 precepit
497 2804 538 2847 V
570 2806 798 2860 praecipit
833 2804 902 2847 ed.
1028 2810 1082 2848 10
1112 2806 1318 2862 fuyiebat
1340 2804 1381 2849 V
1411 2803 1610 2858 faciebat
1643 2817 1756 2846 corr.
1790 2803 1861 2845 ed.
1891 2802 1897 2859 Ι

213 2877 327 2918 quae
351 2862 390 2904 V
417 2863 487 2907 ed.
521 2877 612 2918 qua
643 2878 738 2907 nos.
864 2867 916 2906 17
951 2867 1129 2908 avocati
1154 2864 1196 2907 V
1227 2866 1317 2909 viri
1347 2863 1417 2908 ed.
1549 2867 1600 2906 21
1641 2863 1829 2917 inflictis
1858 2861 1901 2904 V

216 2922 470 2978 ingentibus
513 2922 582 2965 ed.
636 2923 641 2981 Ι
691 2936 885 2978 aequare
919 2921 960 2965 V
1001 2937 1111 2966 corr.
1148 2923 1217 2967 ed.
1349 2927 1402 2966 32
1446 2926 1752 2977 eoetructosque
1796 2934 1899 2964 cum

215 2981 448 3035 superiore
479 2980 697 3024 lemmate
731 2981 970 3025 coniunxit
994 2981 1046 3024 V.
