2078 3260
265 152 374 205 624
737 149 970 195 DONATI
998 149 1284 195 INTERPR.
1307 150 1487 195 VERG.

263 305 363 337 non
392 290 579 338 frustra
611 290 735 339 alios
767 290 950 338 abesse.
990 291 1092 338 iam
1118 291 1310 351 segnior
1333 293 1477 354 atque
1505 291 1608 339 iam
1629 291 1795 338 minus
1818 293 1960 350 atque

262 364 428 412 minus
464 378 688 412 successu
727 364 881 413 laetus
919 378 1170 425 equorum:
1220 380 1375 427 prope
1420 365 1629 413 mortem
1675 365 1808 413 enim
1845 380 1959 414 con-

264 437 472 488 stitutus
504 440 555 486 et
582 438 839 502 ingenium
870 439 920 486 et
950 438 1210 486 consilium
1241 437 1480 501 perdidit,
1512 438 1744 502 denique,
1781 437 1960 502 inquit,

264 514 315 561 et
351 513 458 576 ipse
497 514 548 560 et
586 513 700 574 equi
738 512 842 560 eius
873 512 1032 560 multo
1070 513 1235 560 minus
1265 514 1500 575 poterant
1530 529 1681 575 quam
1720 512 1960 562 solebant.

264 587 425 634 attulit
451 587 580 634 hune
616 586 692 633 illi
722 586 876 634 caecis
907 587 1171 635 terroribus
1201 601 1330 634 aura
1368 587 1674 635 commixtum
1705 587 1962 635 clamorem

264 664 570 720 arrectasque
606 660 787 720 inpulit
824 661 963 708 auris
1002 661 1234 720 confusae
1263 675 1414 708 sonus
1443 661 1582 708 urbis
1612 665 1655 708 et
1684 661 1962 709 inlaetabile

182 798 185 801 Ι
262 748 509 782 mwrmur:
539 734 659 782 licet
681 750 740 782 ex
770 734 1067 798 longinquo,
1098 737 1288 796 tamen,
1320 735 1442 796 quia
1470 750 1654 798 magna
1682 735 1782 783 fuit
1811 750 1962 784 causa

263 808 607 872 plangentium
644 807 870 872 reginam
909 810 959 856 et
995 809 1231 870 patriam,
1281 808 1509 871 pervenit
1557 808 1622 857 ad
1668 809 1800 858 auris
1840 808 1961 870 eius,

263 898 362 930 non
402 882 523 945 quid
560 883 749 931 factum
789 883 877 944 sit,
928 882 1015 931 sed
1054 883 1249 945 aliquid
1296 883 1421 931 mali
1459 884 1795 946 commissum3
1844 899 1962 932 nam

264 972 321 1004 ex
360 957 565 1005 confuso
614 957 826 1005 clamore
877 956 1155 1006 coniciebat
1202 958 1524 1006 intervenisse
1576 957 1783 1006 adversa
1833 973 1962 1020 quae

262 1032 423 1078 totam
453 1030 626 1078 urbem
649 1030 841 1095 gemitu
865 1034 1014 1093 atque
1038 1031 1244 1079 ululatu
1267 1034 1317 1079 et
1344 1033 1557 1080 clamore
1589 1031 1960 1080 confunderent.

265 1107 509 1167 quantum
533 1105 689 1152 Turni
711 1104 940 1153 socordia
961 1105 1358 1168 reprehenditur,
1391 1121 1503 1154 cum
1524 1105 1778 1154 inducitur
1802 1143 1961 1155 .....

567 1179 721 1227 Deest
758 1179 1105 1242 interpretatio
1144 1195 1305 1242 usque
1345 1179 1409 1227 ad
1447 1197 1493 1229 v.
1537 1180 1656 1228 664.

265 1289 423 1301 .....
447 1254 723 1315 periculum
762 1254 1134 1303 sustinentibus,
1189 1257 1246 1303 tu
1289 1269 1455 1303 versas
1501 1269 1721 1302 currum:
1766 1268 1963 1302 versare

265 1329 340 1375 est
379 1342 579 1375 currum
616 1344 716 1376 non
756 1329 981 1376 celeriter
1019 1329 1196 1377 ducere
1236 1330 1286 1376 et
1322 1330 1486 1376 rotam
1520 1329 1703 1376 lentius
1742 1328 1964 1376 volvere:

265 1404 314 1449 et
353 1400 589 1461 delicato,
638 1402 825 1464 inquit,
874 1406 1098 1451 rotarum
1136 1405 1278 1450 motu
1317 1418 1516 1450 currum
1554 1402 1752 1466 segnius
1790 1402 1964 1450 trahis.

266 1475 460 1523 addidit
498 1475 690 1525 deserto
730 1477 783 1524 in
822 1476 1068 1540 gramine:
1119 1477 1332 1525 delectat
1369 1479 1442 1538 te,
1494 1477 1678 1540 inquit,
1727 1475 1963 1524 mollities

266 1550 527 1613 graminis,
576 1549 663 1597 ubi
709 1550 814 1598 sine
859 1551 1064 1613 inpulsu
1111 1567 1168 1598 ac
1216 1552 1431 1613 strepitu
1477 1553 1641 1598 tecum
1678 1551 1818 1598 rotae
1857 1566 1965 1598 ver-

266 1625 454 1672 santur.
507 1623 714 1672 dicendo
752 1627 809 1672 tu
848 1641 1082 1689 magnum
1119 1625 1260 1673 nobis
1298 1626 1352 1672 in
1390 1640 1490 1672 uno
1522 1625 1810 1686 pronomine
1848 1623 1963 1671 reli-

267 1698 379 1760 quit
415 1698 743 1761 intellectum3
793 1701 931 1747 tenet
969 1699 1154 1762 quippe
1195 1698 1593 1762 obiurgationem
1631 1699 1833 1760 plenam
1870 1698 1964 1746 hoc

265 1772 434 1820 modo:
484 1774 543 1820 tu
582 1774 720 1821 cuius
760 1789 911 1821 causa
954 1775 1050 1835 est,
1100 1776 1157 1821 tu
1194 1789 1284 1835 pro
1329 1774 1466 1821 cuius
1507 1772 1763 1820 commodo
1803 1772 1963 1820 omnis

265 1845 417 1894 Italia
455 1846 709 1894 contendit
740 1848 790 1894 et
820 1847 1046 1909 dimicat,
1083 1849 1141 1895 tu
1173 1848 1260 1908 qui
1291 1848 1480 1910 primus
1520 1848 1572 1895 in
1610 1846 1735 1907 acie,
1774 1846 1963 1908 primus

266 1935 355 1982 pro
395 1922 588 1982 patriae
628 1922 763 1969 statu
807 1922 1044 1970 adsistere
1091 1921 1327 1982 debuisti,
1377 1924 1432 1969 tu
1480 1920 1566 1983 qui
1610 1923 1808 1969 tantum
1855 1935 1963 1968 eras

266 1993 498 2056 periculis
537 1995 740 2058 propior
779 1998 1023 2058 quantum
1053 1991 1091 2060 †
1131 1997 1366 2058 superata
1396 1996 1584 2043 fuerint
1622 1997 1784 2043 cetera
1814 1996 1964 2056 putas

266 2071 316 2115 te
356 2068 549 2130 aliquid
589 2085 756 2133 agere,
798 2072 918 2132 quia
950 2070 1211 2119 deliciosus
1244 2085 1377 2118 erras
1417 2069 1470 2116 in
1501 2069 1695 2117 deserto
1727 2069 1964 2132 gramine,

265 2142 359 2189 hoc
398 2144 473 2189 est
509 2142 596 2190 ubi
636 2144 772 2192 deest
807 2145 966 2193 hostis
1007 2144 1094 2207 qui
1139 2145 1354 2193 otiosum
1398 2143 1566 2191 turbet
1613 2146 1702 2191 aut
1746 2141 1967 2205 torpenti

166 2224 250 2264 665
269 2218 516 2263 certamen
554 2218 794 2266 intendat.
849 2219 1077 2279 obstipuit
1113 2219 1258 2266 varia
1290 2220 1522 2278 confusus
1551 2218 1764 2278 imayine
1800 2231 1967 2264 rerwm

270 2291 470 2338 Turnus
509 2294 551 2338 et
588 2292 752 2339 obtutu
790 2293 931 2340 tacito
970 2293 1114 2349 stetit,
1167 2295 1357 2340 aestuat
1392 2293 1563 2352 inqens
1600 2292 1696 2339 imo
1733 2292 1788 2338 in
1827 2290 1966 2338 corde

261 2364 426 2424 pudor
454 2365 691 2425 mixtoque
721 2367 923 2414 insania
955 2367 1085 2414 luctu
1116 2370 1159 2413 et
1188 2367 1337 2426 furiis
1373 2367 1584 2427 agitatus
1616 2379 1754 2413 amor
1785 2367 1828 2411 et
1857 2378 1967 2412 eon-

267 2439 370 2486 scia
401 2439 581 2486 virtus:
611 2441 662 2487 et
684 2440 944 2501 proposuit
975 2443 1024 2488 et
1048 2443 1278 2488 executus
1312 2442 1386 2488 est
1414 2440 1573 2487 omnis
1597 2441 1762 2487 motus
1789 2437 1965 2499 Turni3

391 2614 443 2652 12
488 2610 725 2654 inducitwr
767 2609 872 2653 finis
915 2610 1018 2653 folii
1058 2615 1142 2653 232
1184 2609 1260 2652 Bb
1297 2610 1346 2653 in
1382 2609 1420 2652 V
1451 2609 1620 2665 incipit
1658 2608 1737 2652 fol.
1772 2612 1855 2652 223
1889 2607 1966 2650 Aa

273 2667 347 2723 (cf.
380 2669 527 2723 praef.
562 2669 619 2712 de
659 2669 1016 2724 quaternionum
1058 2669 1234 2725 ordine)
1279 2682 1307 2712 a
1344 2670 1602 2725 periculum
1640 2667 1967 2712 sustinentibus

272 2741 355 2782 pro
396 2741 487 2782 quo
526 2727 695 2771 lemma
736 2733 1021 2773 tu—versas
1061 2728 1305 2772 substituit
1344 2729 1414 2772 ed.
1453 2727 1507 2784 (O
1541 2727 1746 2783 quinque
1778 2725 1965 2768 chartas

273 2786 322 2828 in
362 2800 443 2829 suo
484 2787 738 2843 exemplari
770 2787 964 2830 deficere
997 2787 1213 2831 adnotat:
1255 2801 1348 2831 non
1378 2788 1534 2842 potest
1566 2799 1675 2841 ergo
1708 2785 1965 2828 Vaticanus

272 2844 415 2888 fuisse
448 2845 503 2889 cf.
530 2847 676 2900 praef.
702 2861 745 2901 p.
771 2845 928 2902 XXII).
1033 2851 1086 2889 15
1120 2852 1159 2890 et
1189 2852 1335 2891 rotam
1359 2846 1401 2889 V
1424 2847 1501 2890 sed
1522 2860 1558 2889 r.
1586 2845 1702 2889 edF.
1806 2848 1857 2886 17
1892 2844 1966 2887 in-

273 2905 370 2958 quit
402 2918 488 2948 om.
516 2905 587 2948 ed.
691 2910 747 2948 24
778 2910 999 2961 quantum
1030 2911 1247 2961 superata
1269 2906 1445 2959 fuerint
1467 2910 1611 2949 cetera
1634 2903 1676 2946 V
1701 2902 1793 2946 ed.:
1829 2916 1967 2945 sensu

274 2963 391 3006 haec
423 2966 601 3018 carent,
635 2964 832 3008 fortasse
865 2978 937 3020 qu.
970 2978 1106 3020 super
1135 2970 1175 3008 te
1205 2965 1396 3018 fuerunt
1428 2968 1561 3008 orta?

1994 963 2078 1002 10¹

1995 1341 2037 1374 15

1995 1712 2039 1745 20

1996 2081 2039 2114 25

1997 2451 2040 2482 30
