2050 3226
787 126 1092 198 AnNEmos
1123 151 1189 197 XI
1726 157 1835 211 505

140 294 292 343 batur
321 291 509 354 studio,
554 294 613 340 ut
650 293 752 341 iam
790 293 894 342 tela
929 291 1117 342 iaceret
1156 308 1313 342 manu
1350 294 1400 341 et
1436 292 1628 356 lapides
1668 296 1837 358 ageret

141 367 311 417 funda.
386 366 806 428 Strymoniamque
850 381 1021 429 yruem
1070 370 1156 416 aut
1206 366 1373 416 album
1422 367 1590 415 deiecit
1636 368 1837 415 olorem.-
1853 379 1939 421 580

140 443 349 491 noverat
394 440 498 489 iam
541 440 595 488 in
643 440 734 489 illa
784 443 948 490 aetate
998 441 1250 491 destinata
1297 442 1579 504 percutere,
1626 441 1836 504 denique

138 515 322 565 ictibus
367 514 471 564 suis
518 517 609 563 aut
657 531 833 579 gruem
882 515 1060 577 deiecit
1109 517 1198 564 aut
1243 531 1466 578 cycnum.
1526 515 1732 578 pulchre
1780 531 1837 563 ac

89 605 109 638 5
139 589 337 653 proprie
373 589 546 652 posuit
575 589 775 652 deiecit3
815 605 930 639 aves
969 589 1102 638 enim
1138 590 1192 638 in
1229 590 1406 638 volatu
1434 605 1698 652 percussae
1738 605 1837 637 non

140 665 428 727 capiuntur,
466 663 553 712 sed
591 663 791 712 cadunt.
846 665 959 726 capi
996 663 1128 712 enim
1166 662 1403 713 dicuntur
1440 679 1550 712 cum
1578 663 1714 713 visco
1747 667 1838 712 aut

138 738 326 787 retibus
356 740 590 786 tenentur
621 739 709 785 aut
739 738 947 800 laqueis.
1000 738 1182 786 multae
1203 738 1343 786 illam
1363 738 1557 798 frustra
1580 738 1837 799 Tyrrhena

132 827 225 873 per
261 812 442 874 oppida
480 815 661 860 matres
699 816 923 872 optavere
951 826 1159 860 nurwm:
1195 813 1299 860 iam
1329 811 1464 861 felici
1496 828 1694 861 rumore
1725 829 1835 875 per·

139 886 417 948 crebuerat,
454 887 513 934 ut
549 886 736 935 multas
766 886 907 935 illam
942 888 1128 935 matres
1158 903 1339 934 nurum
1368 886 1555 936 frustra
1586 888 1838 936 constaret

66 976 108 1008 ιο
139 962 352 1024 optasse.
418 976 531 1009 cum
573 975 675 1008 non
714 960 836 1009 dicit
874 976 1087 1023 quorum
1129 963 1491 1023 quantorumve
1539 960 1837 1024 oppidorum

138 1051 227 1083 nec
265 1035 489 1098 ipsarum
521 1034 694 1083 definit
730 1051 992 1083 numerum
1021 1036 1261 1096 matrum,
1298 1035 1412 1098 plus
1444 1035 1557 1084 vult
1593 1035 1836 1099 intellegi,

139 1110 376 1172 quoniam
399 1109 698 1173 generalitas
715 1109 1032 1158 latitudinem
1055 1109 1337 1158 intellectus
1361 1125 1555 1172 semper
1577 1110 1628 1157 et
1649 1109 1836 1173 ubique

138 1183 481 1247 conplectitur.
542 1182 748 1232 dicendo
789 1185 959 1232 autem
996 1183 1187 1232 frustra
1233 1184 1332 1231 cito
1379 1183 1597 1232 ostendit
1641 1184 1837 1232 nullam

137 1259 341 1320 nuptias
382 1257 487 1306 eius
525 1257 778 1320 inpetrare
817 1257 1055 1321 potuisse.
1131 1260 1315 1306 matres
1354 1257 1447 1306 hoc
1485 1258 1595 1306 loco
1638 1273 1738 1306 non
1775 1260 1837 1306 ut

64 1346 106 1379 15
138 1331 257 1380 alibi
280 1332 513 1381 mulieres
537 1333 742 1394 propter
762 1331 1156 1396 designationem
1179 1347 1323 1380 sexus
1341 1331 1573 1380 debemus
1597 1331 1835 1394 accipere,

136 1406 223 1454 sed
260 1421 402 1455 veras
441 1408 647 1468 matres;
685 1407 827 1455 nulla
866 1405 998 1454 enim
1034 1422 1217 1454 nurum
1256 1405 1452 1469 quaerit
1490 1408 1582 1454 aut
1610 1406 1835 1469 postulat

134 1479 233 1529 nisi
256 1496 385 1542 quae
418 1481 486 1528 sit
514 1482 678 1528 mater
707 1480 1051 1529 adolescentis
1100 1481 1206 1528 sola
1237 1483 1454 1528 contenta
1478 1480 1653 1529 Diana
1685 1483 1835 1529 aeter-

133 1569 254 1602 num
276 1555 479 1602 telorwm
509 1557 552 1602 et
580 1555 877 1615 virginitatis
907 1568 1122 1603 amorem
1150 1555 1436 1602 intemerata
1465 1555 1597 1602 colit.-
1626 1555 1832 1618 pulchre

135 1644 326 1678 amasse
367 1643 478 1676 eam
516 1628 659 1690 dicit,
698 1629 783 1677 sed
821 1644 921 1678 non
959 1629 1102 1676 illam
1131 1630 1325 1691 partem
1366 1629 1547 1677 amoris
1587 1644 1692 1677 esse
1732 1644 1831 1677 sec—

60 1718 104 1750 26
134 1704 295 1751 tatam
333 1719 460 1765 quae
501 1718 611 1751 eam
651 1703 713 1752 ab
746 1719 998 1752 armorum
1029 1703 1196 1751 studio
1236 1702 1300 1750 ad
1331 1718 1477 1751 usum
1507 1701 1833 1751 domesticum

132 1778 213 1826 vel
250 1778 483 1826 lanarum
512 1792 668 1840 pensa
705 1780 962 1826 revocaret
1000 1779 1088 1826 aut
1123 1793 1249 1840 quae
1280 1776 1590 1841 virginitatis
1620 1777 1831 1826 honores

134 1851 365 1901 auferret.
417 1867 522 1913 me,
553 1852 722 1914 inquit
750 1852 938 1913 Diana,
969 1852 1214 1915 praetulit
1244 1852 1455 1915 cunctis,
1487 1867 1565 1900 me
1596 1853 1831 1900 contenta

132 1926 520 1987 perpetuitatem
565 1925 849 1975 intemerati
895 1925 1101 1988 pudoris
1148 1925 1362 1990 deligere
1407 1926 1591 1974 maluit
1635 1928 1686 1974 et
1730 1941 1830 1975 non

132 1999 258 2048 telas
299 2015 488 2061 amare,
527 1999 614 2048 sed
650 2001 766 2048 tela.
824 2001 993 2048 vellem
1028 2000 1149 2048 haut
1187 2003 1406 2059 correpta
1441 2001 1617 2060 fuisset
1651 2000 1831 2048 militia
1847 2007 1932 2047 585

59 2087 102 2120 25
133 2074 222 2121 tali
260 2077 434 2122 conata
473 2074 704 2122 lacessere
743 2075 978 2122 Teucros:
1014 2090 1115 2122 non
1153 2073 1225 2122 sic
1254 2073 1447 2122 Dianae
1480 2072 1692 2123 Camilla
1731 2074 1829 2122 dis-

132 2148 306 2210 plicet,
346 2147 479 2210 quod
508 2147 800 2196 transducta
830 2149 897 2197 sit
935 2164 1102 2196 amore
1134 2147 1376 2209 bellandi,
1414 2147 1502 2197 sed
1540 2149 1674 2211 quod
1705 2164 1830 2197 ausa

134 2222 199 2269 sit
234 2221 365 2270 bello
404 2237 672 2284 provocare
705 2222 946 2270 Troianos
985 2222 1086 2271 tale
1124 2222 1299 2284 procul
1329 2221 1479 2270 dubio
1518 2222 1703 2271 crimen
1744 2222 1828 2270 ad-

132 2296 335 2344 mittens
376 2296 508 2358 quod
546 2311 636 2344 nec
673 2295 784 2359 ipsa
814 2299 982 2358 posset
1012 2296 1178 2344 Diana
1209 2295 1469 2345 defendere
1508 2299 1597 2345 aut
1625 2297 1827 2359 proprio

133 2370 390 2419 sublevare
440 2370 703 2432 praesidio.
781 2369 915 2432 quod
962 2369 1130 2432 potuit
1177 2371 1438 2432 lacessere,
1486 2371 1581 2420 hoc
1631 2371 1731 2419 fuit
1774 2371 1824 2418 in

60 2456 103 2488 30
134 2444 402 2493 offensione
433 2443 806 2508 gravissimum3
836 2443 1003 2493 venire
1027 2444 1211 2508 quippe
1237 2444 1299 2494 ad
1322 2445 1531 2506 bellum,
1564 2460 1675 2492 cum
1700 2443 1828 2492 desit

134 2533 281 2567 causa
325 2517 568 2578 bellandi,
619 2518 793 2581 culpae
840 2520 915 2566 est
959 2520 1203 2568 maximae
1243 2521 1294 2568 et
1338 2534 1609 2582 provocare
1659 2518 1826 2567 felices

134 2595 380 2641 extremae
406 2591 696 2641 dementiae.
752 2592 1052 2641 Teucrorum
1082 2609 1261 2641 nomen
1292 2609 1405 2641 cum
1435 2593 1629 2656 ingenti
1658 2592 1828 2654 posuit

133 2666 299 2729 laude3
337 2682 454 2714 nam
492 2666 593 2714 illis
633 2668 682 2714 et
718 2665 878 2715 virtus
918 2682 1030 2715 cum
1068 2667 1309 2716 felicitate
1341 2669 1600 2729 supererat
1636 2668 1686 2714 et
1720 2667 1825 2715 fato

252 2796 279 2836 8
318 2794 413 2837 iam
443 2792 485 2835 V
518 2792 588 2836 ed.
629 2797 755 2837 tam?
802 2792 806 2850 1
851 2794 1172 2849 percrebuerat
1201 2793 1244 2836 V
1274 2795 1342 2838 ita
1366 2807 1416 2849 p.
1450 2793 1522 2836 ed.
1658 2796 1712 2835 14
1751 2794 1825 2836 in-

126 2857 329 2906 petrasse
351 2853 556 2908 potuisse
579 2851 620 2894 V
645 2864 759 2895 corr.
785 2851 855 2894 ed.
964 2857 1019 2896 22
1051 2858 1262 2897 contenta
1293 2866 1381 2896 om.
1408 2865 1512 2907 cum
1543 2850 1664 2894 falsa
1695 2853 1827 2895 ante-

31 2961 33 2963 ,
134 2909 731 3023 ἓξῖῗῢὲυιὲιᾶᾶὶεῡὶηοῒὶοω
762 2910 835 2955 ed.
861 2917 1050 2968 propter
1078 2926 1146 2956 me
1178 2911 1248 2956 ed.
1283 2913 1401 2967 post.
1503 2914 1558 2954 33
1591 2915 1633 2955 et
1661 2910 1761 2965 fato
1784 2910 1826 2954 V
