2050 3226
747 150 1052 197 AENEIDOS
1083 150 1148 195 XI
1685 153 1794 207 501

99 294 200 342 tius
240 291 428 356 aliquid
466 290 650 340 iacitur
671 292 879 354 'quanto
916 306 1092 339 manus
1129 293 1401 340 retrorsum
1438 291 1593 340 fuerit
1630 291 1797 341 ducta.

100 367 313 431 denique
360 366 628 416 subnexuit
670 380 874 414 sonuere
917 365 1102 422 wndae,
1153 367 1213 414 ut
1262 381 1395 429 aqua
1443 381 1640 429 quoque
1685 365 1797 429 ipsa

98 442 344 491 mittentis
386 441 490 490 vim
526 439 971 502 fortitudinemque
1017 439 1264 488 sensisset.
1342 441 1632 489 contentum
1670 442 1796 488 acci-

98 516 334 579 piendum
372 517 448 564 est
497 515 755 563 oculorum
792 516 844 563 et
882 514 1037 563 animi
1078 514 1296 563 sollicita
1335 513 1667 563 destinatione
1704 514 1796 562 lib-

46 605 67 638 5
96 591 274 638 ratum.
323 589 556 650 rapidum
578 602 727 650 super
750 603 942 636 amnem
964 588 1138 648 infelix
1159 589 1289 650 fuyit
1312 589 1363 636 in
1384 589 1546 637 iaculo
1568 588 1798 637 stridente

33 660 35 662 ’
100 662 336 712 Camilla:
384 663 636 711 infelicem
679 665 811 711 recte
858 661 1029 726 posuit
1074 678 1173 710 non
1216 662 1352 724 ide0,
1403 662 1524 725 quia
1569 662 1702 727 fugit
1747 664 1797 711 et

97 738 257 787 evasit
292 737 473 799 hostiS‚
520 738 606 786 sed
650 737 770 799 quia
814 737 907 784 illa
953 738 1118 785 aetate
1164 739 1243 786 tot
1286 737 1508 799 pericula
1553 738 1795 786 sustinere

96 812 399 861 commeruit.
454 811 616 875 primo
656 811 877 859 omnium
906 810 1081 859 infelix
1110 811 1242 873 ideo,
1283 811 1417 873 quod
1450 810 1503 859 in
1534 812 1644 874 ipso
1678 827 1795 860 suae

95 885 376 935 nativitatis
415 886 615 934 exordio
653 885 707 933 in
746 885 942 934 sedibus
974 884 1175 948 patriis,
1214 885 1398 934 amissa
1436 886 1588 934 etiam
1618 889 1795 948 matre,

22 976 65 1009 10
94 962 280 1009 morari
321 976 420 1008 non
467 960 655 1023 potuit,
702 959 835 1022 quod
881 960 1041 1008 adhuc
1085 960 1252 1008 infans
1299 959 1567 1008 exercitum
1611 959 1795 1009 civium

93 1034 271 1083 habuit
306 1033 585 1096 inimicum,
625 1034 760 1097 quod
798 1049 912 1082 cum
950 1034 1055 1082 eius
1092 1033 1288 1098 ingenti
1323 1035 1544 1097 periculo
1576 1034 1795 1097 patriam

93 1109 313 1171 perdidit
359 1112 523 1173 pater,
573 1124 691 1171 opes
739 1124 936 1171 quoque
982 1110 1033 1156 et
1077 1107 1321 1172 regnandi
1365 1109 1668 1171 potentiam,
1713 1109 1794 1158 vel

94 1183 229 1246 quod
267 1184 373 1232 sine
414 1183 715 1231 adminiculo
753 1182 962 1231 nutricis
1002 1185 1175 1231 avecta
1207 1186 1283 1231 est
1319 1181 1373 1230 in
1411 1182 1704 1231 solitudines
1743 1186 1795 1232 et

92 1258 370 1322 longinqua
407 1260 677 1319 terrarum,
717 1257 851 1319 quod
883 1258 1171 1305 occurrente
1201 1257 1528 1306 inundatione
1557 1257 1792 1307 torrentis

20 1347 62 1380 ιε
94 1331 157 1380 ad
195 1333 360 1395 ipsam
397 1334 609 1380 mortem
646 1332 796 1394 plena
827 1331 1171 1394 desperatione
1201 1331 1442 1394 perducta
1480 1334 1576 1393 est,
1617 1331 1793 1380 dehinc

93 1405 224 1468 quod
262 1407 316 1454 in
354 1407 464 1468 ipso
502 1407 639 1454 iactu
672 1406 878 1455 diversis
910 1406 1159 1468 potuisset
1188 1405 1423 1468 periculis
1454 1405 1635 1468 premi3
1674 1422 1792 1454 nam

92 1483 143 1529 et
166 1479 338 1529 cadere
361 1480 415 1528 in
437 1480 597 1529 undas
622 1496 734 1529 cum
757 1480 923 1528 iaculo
954 1480 1123 1542 potuit
1153 1483 1216 1541 et,
1249 1481 1291 1528 si
1321 1479 1598 1542 transisset,
1628 1482 1790 1529 terrae

91 1554 290 1604 conlidi.
346 1556 476 1603 certe
501 1570 654 1618 quam
677 1553 1074 1603 discriminosum
1098 1554 1196 1603 fuit
1217 1555 1391 1603 hastae
1414 1555 1550 1604 iactu
1573 1554 1790 1617 liberari,

90 1643 221 1692 quae
251 1629 476 1692 auspicio
507 1629 754 1678 humanae
786 1628 920 1678 necis
951 1629 1088 1677 facta
1120 1631 1216 1689 est,
1248 1644 1348 1677 non
1379 1629 1579 1678 salutis!
1630 1630 1790 1678 omnis

16 1717 60 1750 so
89 1704 212 1752 haec
250 1703 530 1767 desperatio
569 1719 626 1752 eo
665 1702 848 1764 tendit,
887 1705 946 1751 ut
974 1703 1164 1751 Metabi
1194 1705 1245 1751 et
1277 1702 1517 1752 Camillae
1549 1706 1791 1766 appareat

89 1778 322 1826 meritum
369 1779 421 1825 et
458 1777 651 1826 Dianae
697 1777 945 1840 potentia,
990 1777 1242 1826 infelicem
1288 1778 1458 1826 autem
1503 1778 1789 1827 summatim

0 1893 1 1898 ,
89 1852 199 1900 vult
237 1867 342 1901 esse
371 1851 626 1916 Vergilius
670 1851 758 1914 qui
794 1851 909 1900 inde
950 1852 1117 1900 evadit
1154 1852 1284 1899 unde
1327 1851 1498 1914 potuit
1533 1853 1676 1900 mori.
1738 1856 1791 1901 at

87 1927 321 1974 Metabus
349 1941 533 1987 mayna
546 1927 758 1987 propius
787 1927 890 1974 iam
919 1930 1118 1987 uryente
1147 1929 1342 1974 caterva
1372 1926 1458 1974 dat
1486 1940 1588 1974 sese
1613 1927 1789 1984 fluvio:
1804 1937 1890 1978 565

89 2015 204 2048 cum
253 2000 531 2049 subiaceret
582 1999 739 2049 oculis
789 2000 978 2049 Metabi
1030 2000 1306 2063 periculum
1358 1999 1787 2049 evidentissimum

0 2086 58 2120 125
87 2074 306 2122 fluminis
346 2076 396 2122 et
433 2074 572 2122 aliud
619 2076 823 2138 urgeret
861 2090 891 2122 a
928 2076 1093 2138 tergo,
1144 2074 1533 2138 adgrediendum
1571 2075 1786 2123 alterum

23 2169 26 2171 ·
87 2148 207 2211 fuit,
250 2150 310 2197 ut
355 2149 567 2197 alterum
611 2150 872 2198 vitaretur.
947 2165 1121 2197 verum
1166 2149 1286 2211 quia
1332 2165 1391 2197 ex
1437 2149 1596 2197 altera
1642 2152 1784 2212 parte

87 2223 355 2272 manifesta
396 2222 638 2286 pernicies
677 2222 972 2284 inminebat,
1010 2223 1064 2270 in
1097 2222 1306 2271 aiteram
1336 2239 1453 2271 vero
1485 2239 1584 2271 non
1616 2223 1786 2272 deerat

88 2311 198 2359 spes
231 2299 407 2361 optata
436 2297 748 2359 transeundi,
787 2296 925 2345 dedit
958 2312 1009 2346 se
1039 2296 1215 2358 fluvio,
1254 2297 1445 2346 scilicet
1475 2299 1783 2347 consentiens

88 2386 269 2434 aquae,
318 2372 398 2420 vel
447 2371 660 2419 maxime
700 2371 818 2433 quia
864 2370 1073 2419 ulterior
1116 2372 1228 2434 ripa
1273 2371 1377 2420 iam
1422 2372 1671 2420 retinebat
1708 2373 1781 2419 in-

0 2456 56 2489 130
86 2445 289 2493 fantem.
367 2445 455 2493 dat
493 2461 597 2494 sese
635 2445 787 2494 fluvio
833 2460 932 2493 non
970 2445 1131 2493 solum
1168 2445 1296 2494 illud
1335 2446 1602 2510 significat,
1651 2446 1782 2507 quod

27 2526 31 2533 '
86 2519 138 2566 in
177 2519 385 2567 fluvium
423 2535 527 2569 sese
568 2519 798 2580 coniecit,
847 2535 1021 2567 verum
1066 2520 1219 2568 etiam
1266 2536 1367 2582 qua
1414 2522 1518 2569 arte
1566 2520 1781 2569 fluminis

206 2671 230 2710 1
263 2674 435 2723 quanto
458 2668 500 2712 V
523 2683 596 2725 qu.
621 2670 769 2725 mayis
799 2668 871 2712 ed.
963 2673 989 2712 2
1021 2683 1190 2725 aquam
1212 2668 1255 2712 V
1278 2682 1392 2713 corr.
1419 2668 1490 2713 ed.
1583 2672 1608 2711 9
1642 2669 1782 2713 amis-

85 2739 184 2770 sam
232 2728 368 2771 etiam
418 2733 605 2772 matrem
652 2727 742 2771 ΗΟ
783 2727 855 2772 ed.
993 2732 1048 2771 10
1094 2742 1226 2773 orare
1264 2728 1306 2771 V
1345 2728 1417 2772 ed.
1465 2729 1638 2772 morari
1681 2742 1779 2772 nos.

89 2796 143 2835 13
174 2798 323 2837 evecta
354 2793 426 2838 ed.
521 2798 575 2837 16
604 2795 755 2850 potuit
777 2793 819 2837 V
842 2795 1065 2850 potuisset
1094 2808 1178 2839 nos
1203 2796 1407 2850 potuerit
1437 2794 1507 2838 ed.
1599 2797 1653 2837 18
1685 2794 1780 2838 dis-

86 2852 378 2897 criminosum
412 2851 455 2895 V
490 2854 796 2909 periculosum
836 2853 909 2897 ed.
977 2896 982 2900 ,
1037 2858 1092 2897 22
1137 2855 1216 2910 qui
1254 2852 1296 2896 V
1338 2853 1458 2909 quod
1499 2852 1570 2896 ed.
1619 2853 1622 2910 Ι
1672 2853 1780 2897 inde

78 2910 304 3012 potuitg'
339 2925 454 2956 corr.
487 2912 558 2956 ed.
681 2915 737 2955 29
780 2912 988 2958 ulteriori
1016 2912 1060 2957 V
1095 2913 1285 2958 ulterior
1320 2913 1443 2969 ripa·
1465 2925 1548 2955 nos
1590 2912 1781 2958 ulterior

81 2982 197 3025 pars
228 2983 252 3013 e
290 3003 300 3013 .
