2078 3260
214 220 324 273 590
685 217 920 263 DONATI
949 218 1230 263 INTERPR.
1256 218 1436 263 VERG.

211 357 347 406 ribus
385 357 759 421 inplicarentur.
814 372 904 418 quo
941 358 1118 405 ruitis?
1169 358 1306 406 aliud
1351 361 1428 407 est
1462 358 1535 406 ire
1575 361 1663 408 aut
1693 360 1908 422 tendere,

212 432 353 479 aliud
388 447 552 480 ruere:
591 447 731 480 ruere
770 434 845 480 est
881 431 1159 486 inconsulte
1197 431 1391 494 aliquid
1420 432 1647 496 adgredi3
1686 433 1907 482 cadentis

212 505 344 553 enim
380 522 516 554 more
556 505 824 568 decipitur,
874 521 974 552 non
1019 505 1150 554 enim
1190 506 1438 567 quomodo
1483 508 1594 556 vult
1639 507 1781 557 vadit
1819 509 1909 569 qui

210 579 333 641 ruit3
365 579 564 629 ducitur
595 581 727 627 enim
759 594 900 628 casus
923 579 1082 641 ipsius
1106 579 1360 641 violentia,
1383 596 1484 628 non
1506 581 1710 644 propria
1734 582 1906 631 volun-

210 656 330 702 tate.
385 660 564 713 qu'aeve
585 655 683 702 ista
703 667 876 712 repens
907 654 1154 702 discordia
1183 655 1370 715 sumit?
1401 655 1481 703 vel
1511 670 1608 717 quo
1631 671 1720 705 vos
1750 656 1909 704 trahit
1961 667 1981 699 5

211 743 414 791 surgens
439 729 706 790 repentina
736 726 982 776 discordia
1013 730 1063 776 et
1091 729 1318 776 incautos
1343 728 1537 791 decepit
1563 730 1616 777 in
1638 730 1907 792 perniciem

199 804 430 851 vestram
467 802 739 863 perniciose
785 801 1061 865 serpendo?
1121 817 1174 850 0:
1210 803 1371 851 multa
1418 803 1739 852 subiacebant
1780 818 1906 866 quae

210 878 326 939 post
363 891 391 923 o
431 875 529 924 dici
565 878 857 937 potuerunt,
897 875 983 924 sed
1020 878 1217 940 tempus
1255 893 1355 926 non
1393 876 1492 926 fuit
1534 879 1593 925 ut
1637 879 1691 925 in
1739 893 1906 941 super·

209 949 320 998 fluis
359 952 649 998 moraretur.
703 950 926 1000 revocari
957 951 1089 998 enim
1120 967 1150 999 a
1181 950 1449 999 sceleribus
1482 951 1753 1000 debuerant
1783 967 1906 1015 quos

211 1023 459 1088 sacrilegii
512 1023 859 1073 considerabat
912 1025 1109 1073 effectos
1173 1041 1278 1075 esse
1330 1026 1614 1088 participes.
1690 1027 1908 1074 ceterum
1938 1040 1981 1072 10

210 1098 370 1147 dicere
423 1099 591 1161 potuit
636 1115 664 1147 o
712 1098 869 1159 cives,
920 1114 948 1146 o
996 1098 1119 1147 socii
1168 1101 1259 1148 aut
1311 1115 1339 1148 o
1393 1098 1565 1148 miseri
1610 1100 1692 1149 vel
1738 1099 1906 1148 incon-

209 1171 414 1221 siderati
437 1175 488 1220 et
511 1173 613 1221 alia
637 1175 728 1221 aut
756 1172 888 1221 bona
918 1175 1005 1221 aut
1033 1172 1291 1223 iniuriosa.
1332 1172 1459 1221 dixit
1488 1189 1605 1237 ergo
1634 1189 1662 1222 o
1686 1176 1905 1222 tantum-

207 1247 354 1294 modo
380 1249 445 1308 et,
468 1263 529 1294 ne
553 1249 822 1311 vagaretur
847 1247 1061 1312 longius,
1086 1248 1150 1296 ad
1178 1247 1339 1311 ipsam
1360 1264 1467 1295 rem
1482 1264 1610 1311 quae
1633 1248 1904 1297 necessario

104 1333 190 1372 315
207 1321 373 1369 fuerat
422 1320 630 1369 dicenda
675 1321 922 1384 pervenit:
971 1322 1119 1369 ictum
1156 1322 1258 1370 iam
1294 1322 1469 1381 foedus
1515 1325 1558 1370 et
1595 1336 1759 1370 omnes
1797 1336 1905 1370 con-

203 1396 390 1455 positae
421 1395 568 1456 leyes:
595 1396 716 1443 mila·
737 1396 817 1443 ius
842 1410 1123 1443 concurrere
1152 1396 1257 1453 soli,
1289 1411 1365 1444 me
1387 1397 1530 1444 sinite
1553 1400 1694 1455 atque
1718 1397 1906 1456 auferte
1938 1410 1979 1443 ιε

204 1473 380 1526 metus,
422 1483 503 1530 eqo
540 1470 739 1529 foedera
774 1470 893 1529 faxo
924 1471 1073 1528 firma
1109 1485 1284 1527 manu,
1327 1471 1553 1518 Turnum
1590 1471 1760 1519 debent
1788 1471 1905 1518 haec

204 1543 307 1591 iam
338 1543 457 1591 mihi
487 1558 657 1592 sacra:
693 1544 989 1606 perfectum,
1027 1543 1212 1606 inquit,
1250 1544 1600 1593 iusiurandum
1638 1547 1714 1593 est
1752 1546 1802 1592 et
1829 1543 1904 1591 in-

205 1618 418 1679 pletum,
459 1617 592 1681 leges
633 1618 794 1666 dictae
833 1616 971 1680 pacis
1011 1619 1061 1666 et
1097 1618 1238 1679 belli,
1278 1618 1458 1681 quibus
1497 1619 1633 1666 solus
1672 1619 1780 1681 ipse
1820 1618 1903 1666 ob-

205 1693 382 1740 noxius
419 1694 613 1753 teneor,
658 1709 737 1740 me
776 1692 939 1740 solum
976 1691 1176 1740 foedera
1221 1694 1517 1753 nexuerunt,
1562 1709 1641 1740 me
1679 1707 1902 1756 pugnare

204 1765 478 1828 permittite
509 1782 598 1814 nec
627 1767 762 1815 ullus
795 1781 882 1815 vos
915 1765 1134 1830 exagitet
1162 1769 1346 1827 metus,
1382 1768 1568 1815 virtute
1596 1782 1709 1814 mea
1738 1766 1901 1814 firma-
1934 1780 1978 1812 20

204 1839 390 1888 buntur
420 1843 562 1904 gesta
594 1856 720 1902 quae
753 1839 1106 1904 sacrilegorum
1135 1841 1389 1889 temeritas
1428 1841 1552 1902 ruit,
1591 1841 1727 1889 laesa
1762 1855 1903 1888 sacra

205 1929 399 1962 necesse
439 1916 515 1962 est
546 1915 701 1962 Turni
738 1929 923 1999 poenas
961 1913 1015 1961 in
1053 1915 1311 1977 suppliciis
1352 1915 1565 1977 expiare.
1622 1916 1811 1976 quanta
1849 1915 1902 1962 in

205 1987 397 2036 duobus
438 1988 725 2037 diversitas!
779 1991 832 2036 in
872 1988 1038 2036 Turno
1076 1990 1261 2050 metus,
1299 1990 1352 2036 in
1390 1988 1560 2037 Aenea
1599 1989 1903 2050 constantia3

203 2061 257 2108 in
297 2062 463 2110 Turno
516 2062 793 2111 diffidentia
833 2063 1019 2124 metus,
1068 2063 1121 2110 in
1158 2062 1329 2111 Aenea
1380 2064 1598 2111 eminens
1645 2062 1806 2111 virtus
1853 2064 1903 2110 et

204 2136 379 2198 procul
426 2137 622 2184 exclusa
668 2137 905 2198 formid03
956 2139 1203 2200 postremo
1252 2153 1380 2199 quae
1420 2137 1615 2185 Turnus
1662 2137 1903 2184 horrescit
1933 2148 1977 2182 25

205 2225 262 2258 ac
300 2209 446 2258 timet
482 2210 675 2259 Aeneas
715 2212 919 2273 exoptat
956 2213 1006 2260 et
1043 2226 1243 2260 securus
1276 2211 1606 2274 amplectitur.
1652 2211 1743 2258 has
1777 2211 1902 2258 inter

203 2298 353 2340 voccS,
386 2284 551 2332 media
581 2285 706 2331 inter
737 2286 859 2333 talia
889 2287 1038 2334 verba
1069 2299 1169 2333 ecee
1198 2286 1303 2333 viro
1337 2285 1547 2333 stridens
1571 2285 1666 2333 alis
1690 2284 1900 2344 adlapsa

103 2369 188 2408 320
204 2359 382 2418 sayitta
420 2362 508 2414 est,
547 2359 782 2406 incertum
821 2374 918 2418 qua
947 2359 1098 2419 pulsa
1134 2374 1308 2416 manu,
1349 2373 1440 2418 quo
1480 2359 1670 2406 turbine
1708 2358 1898 2411 adacta,

205 2433 313 2491 quis
343 2435 531 2480 tantam
554 2433 753 2480 Rutulis
785 2433 992 2490 laudem,
1018 2447 1223 2481 casusne
1246 2434 1439 2490 deusne,
1465 2433 1699 2481 attulerit.-
1721 2445 1897 2491 pressa

132 2562 134 2564 Ι
206 2509 274 2553 cst
320 2507 528 2566 iusiynis
570 2506 729 2567 yloria
773 2508 893 2566 facti
939 2522 1025 2555 nec
1073 2522 1174 2555 sese
1219 2505 1415 2555 Aeneae
1459 2507 1659 2555 iactavit
1703 2505 1899 2553 vulnere
1930 2518 1973 2550 30

325 2682 349 2720 3
382 2677 506 2721 cadit
529 2677 571 2720 V
596 2677 666 2720 ed.
702 2677 831 2722 vadit
865 2691 947 2721 nos
985 2677 1041 2720 cf.
1073 2682 1172 2721 279.
1287 2683 1315 2721 4
1350 2678 1521 2722 dieitwr
1543 2676 1586 2720 V
1609 2676 1681 2720 ed.
1714 2677 1897 2720 ducitur

205 2750 299 2779 noe.
350 2736 354 2794 Ι
404 2737 550 2791 ipsius
582 2750 668 2779 om.
697 2736 767 2780 ed.
868 2742 893 2779 6
925 2737 1093 2792 decipit
1123 2737 1193 2780 ed.
1297 2741 1321 2780 7
1354 2750 1379 2780 ο
1410 2738 1555 2780 multa
1578 2735 1620 2779 V
1651 2749 1676 2780 ο
1708 2749 1795 2778 om.
1823 2734 1893 2777 ed.

205 2798 232 2837 8
259 2800 363 2850 post
394 2809 419 2839 o
443 2794 484 2836 V
515 2809 540 2838 o
573 2809 660 2839 om.
687 2796 757 2838 ed.
858 2800 912 2838 14
944 2809 970 2840 o
1000 2797 1192 2840 cohibete
1222 2797 1319 2840 iras
1348 2795 1560 2840 lemmati
1582 2794 1799 2850 praefixit
1823 2793 1894 2836 ed.

207 2854 337 2898 deest
367 2854 418 2897 in
440 2854 481 2897 V
511 2867 661 2909 neque
693 2854 964 2910 explicatur.
1088 2859 1141 2898 21
1174 2861 1299 2911 qesta
1329 2854 1371 2898 V
1402 2854 1473 2898 ed.
1509 2856 1666 2898 iusta?
1713 2853 1718 2911 Ι
1767 2858 1895 2896 teme-

204 2915 322 2956 ritas
352 2914 448 2957 ruit
471 2913 512 2956 V
544 2915 790 2958 temeritate
820 2919 927 2958 sunt
959 2913 1030 2957 ed.
1160 2918 1215 2956 22
1243 2927 1416 2970 poenas
1446 2915 1498 2957 in
1530 2927 1616 2956 om.
1643 2912 1714 2955 ed.
1764 2911 1768 2969 Ι
1818 2925 1895 2954 ex-

201 2973 329 3026 piari
363 2971 404 3014 V
438 2972 508 3016 ed.
550 2986 627 3016 -re
665 2986 762 3016 nos.
896 2977 951 3015 24
990 2972 1251 3027 diffidentia
1281 2978 1423 3017 metus
1446 2971 1488 3015 V
1518 2977 1659 3016 metus
1698 2984 1786 3014 om.
1824 2970 1893 3013 ed.

206 3031 473 3087 genetivum
507 3044 605 3074 esse
637 3033 763 3086 puto.
