2078 3260
273 195 382 248 634
750 192 982 238 DONATI
1012 193 1293 237 INTERPR.
1320 193 1499 238 VERG.

270 333 437 381 ficium
473 333 608 382 Iovis
649 335 879 396 optatum
908 334 1076 396 posset
1105 332 1365 395 provenire
1395 332 1687 395 remedium,
1725 335 1968 396 reciperer

272 407 364 455 dea
401 407 668 470 patefactis
706 407 930 456 hiatibus
967 409 1130 455 terrae
1170 409 1240 468 et,
1281 406 1517 470 quoniam
1548 409 1676 456 mori
1705 424 1806 457 non
1835 409 1967 470 licet,

168 491 254 532 885
270 482 495 531 novitate
542 497 682 530 casus
730 484 934 544 excepta
985 479 1170 529 inferni
1217 481 1414 530 sedibus
1466 482 1711 546 iungerer.
1779 485 1968 530 tantwm

272 557 420 615 effata
451 559 597 615 capnt
623 555 796 616 ylauco
828 555 1030 603 contexit
1060 556 1240 603 amictu
1269 556 1426 604 multa
1443 569 1637 616 yemens
1667 560 1710 604 et
1739 570 1789 604 se
1818 557 1967 615 fluvio

271 630 362 678 dea
395 630 607 677 condidit
638 629 758 678 alto:
797 645 908 677 cum
938 629 1061 678 haec
1092 629 1319 692 dixisset,
1350 628 1530 678 habitu
1561 630 1648 693 qui
1677 630 1968 694 lugentibus
2023 643 2044 676 5

271 704 493 766 conpetit
542 704 782 752 concessit
831 704 884 751 in
922 703 1151 765 fluvium,
1202 719 1264 752 ne
1300 703 1512 752 videndo
1551 707 1760 753 mortem
1798 704 1967 753 fratris

187 795 192 798 ·
270 777 383 840 plus
423 780 644 842 gemeret
682 779 732 826 et
770 777 972 826 doleret.

388 850 585 900 Aeneas
614 852 766 900 instat
796 855 964 900 contra
995 851 1232 911 telumque
1263 855 1483 900 coruscat
1503 853 1687 913 inqens,
1713 853 1969 901 arboreum

270 929 312 973 et
349 940 492 974 saevo
530 926 602 974 sic
634 929 822 986 pectore
867 926 1030 986 fatur:
1079 925 1387 988 interpositis
1441 925 1604 975 verbis
1658 925 1864 975 Iunonis
1919 929 1970 974 et

269 999 402 1049 Iovis
435 1001 484 1048 et
514 1000 591 1048 his
625 1016 751 1063 quae
781 1015 940 1062 usque
972 999 1035 1047 ad
1065 1000 1198 1048 hunc
1221 1000 1383 1048 locum
1414 1016 1471 1048 ex
1494 1015 1706 1063 persona
1728 1001 1968 1048 Iuturnae
2002 1015 2046 1046 ιο

270 1075 320 1121 et
358 1075 534 1137 poetae
576 1076 839 1123 consecuta
877 1076 995 1122 sunt
1031 1075 1268 1122 intercisa
1305 1074 1527 1123 narratio
1567 1076 1664 1136 est,
1716 1074 1800 1124 sed
1838 1073 1969 1122 idem

269 1150 419 1210 poeta
451 1149 529 1196 sui
558 1164 748 1198 memor
777 1148 909 1197 redit
940 1149 1005 1197 ad
1035 1165 1093 1197 ea
1117 1165 1244 1211 quae
1268 1149 1527 1212 paulisper
1558 1148 1793 1197 omiserat
1816 1151 1968 1212 atque

268 1223 362 1286 ita,
402 1224 485 1284 ut,
525 1222 567 1271 si
603 1222 901 1286 interposita
930 1223 1042 1284 ipsa
1075 1222 1455 1284 subtrahantur,
1486 1238 1588 1271 una
1616 1223 1706 1271 fiat
1737 1222 1968 1271 dictionis

267 1296 548 1360 integritas.
636 1297 828 1345 dixerat
882 1297 1065 1360 quippe
1117 1298 1232 1345 ante
1284 1297 1418 1346 Iovis
1471 1297 1644 1358 verba,
1695 1298 1780 1360 qui
1833 1298 1969 1360 prior

269 1371 467 1419 locutus
500 1372 595 1432 est,
629 1365 789 1438 (788)
822 1371 947 1433 „olli
985 1370 1242 1433 sublimeS,
1284 1371 1434 1420 armis
1474 1371 1751 1433 animisque
1780 1371 1968 1433 refecti,
2002 1383 2044 1416 15

267 1445 349 1492 hic
381 1444 550 1508 gladio
582 1445 752 1507 fidens,
782 1446 864 1493 hic
897 1461 1008 1494 acer
1039 1447 1089 1493 et
1120 1445 1302 1494 arduus
1333 1447 1495 1507 hasta,
1519 1446 1772 1495 adsistunt
1796 1447 1970 1494 contra

269 1519 542 1568 certamina
572 1519 748 1568 Martis
789 1518 1015 1567 anheli“:
1055 1535 1185 1568 nunc
1224 1519 1627 1584 subiungendum
1665 1522 1741 1568 est
1775 1519 1967 1568 Aeneas

267 1593 426 1642 instat
463 1595 636 1641 contra
665 1594 918 1656 telumque
959 1596 1188 1642 coruscat
1223 1593 1421 1658 ingens,
1455 1594 1735 1655 arboreum,
1773 1596 1831 1642 ut
1867 1610 1970 1642 una

267 1667 358 1715 fiat
379 1669 630 1716 narrantis
661 1668 887 1716 intentio.
945 1683 1055 1716 cum
1087 1667 1208 1716 dicit
1230 1668 1387 1715 telum
1411 1670 1586 1732 ingens
1611 1670 1661 1716 et
1692 1667 1967 1728 arboreum,

267 1757 367 1790 non
397 1742 609 1803 hastam,
642 1743 727 1790 sed
758 1743 863 1791 eius
895 1744 1195 1805 gestatorem
1218 1741 1396 1790 laudat
1419 1742 1508 1804 qui
1536 1741 1626 1790 sub
1649 1742 1740 1790 teli
1769 1743 1966 1790 nomine
2000 1756 2045 1788 20

268 1816 502 1877 portabat
541 1815 729 1865 arboris
768 1815 1189 1880 magnitudinem,
1229 1832 1437 1878 cumque
1467 1816 1596 1864 hanc
1628 1818 1966 1865 coruscantem

267 1890 463 1938 Aeneae
503 1891 664 1939 virtus
697 1891 843 1938 facile
882 1893 1212 1938 commoveret
1251 1893 1301 1939 et
1331 1891 1526 1938 Turnus
1557 1890 1850 1939 formidaret
1888 1905 1966 1938 ac-

268 1964 458 2026 cedere,
510 1964 774 2013 insistebat
823 1964 1016 2013 Aeneas
1071 1965 1164 2013 hac
1217 1964 1451 2012 timidum
1505 1979 1778 2027 provocans
1832 1979 1966 2013 voce.

269 2052 392 2097 qnae
422 2053 554 2085 nnnc
584 2039 756 2086 deinde
785 2054 925 2087 mora
956 2040 1056 2086 est?
1095 2042 1182 2087 ant
1212 2039 1329 2099 qnid
1359 2039 1474 2095 iam,
1495 2039 1674 2095 Turne,
1698 2039 1966 2086 retractas?

165 2121 250 2161 890
266 2109 395 2172 [non
434 2126 601 2168 cursu,
642 2114 802 2161 saevis
841 2113 1124 2161 certandum
1162 2116 1230 2161 est
1268 2113 1534 2161 comminus
1573 2111 1772 2174 armiSJ:
1816 2128 1965 2175 quam
1997 2123 2041 2157 25

268 2185 376 2247 diu,
426 2186 614 2248 inquit,
666 2187 799 2249 quod
835 2187 1047 2235 inminet
1091 2188 1243 2235 moris
1282 2186 1590 2250 longioribus
1630 2185 1829 2235 differs?
1879 2188 1966 2234 aut

268 2276 367 2321 quo
406 2260 460 2307 in
499 2259 694 2308 diversa
732 2261 888 2309 trahis
930 2259 1138 2309 consilia
1175 2259 1300 2309 tua?
1356 2276 1516 2322 quove
1561 2261 1803 2310 volvendo
1846 2276 1963 2309 eon—

267 2333 454 2382 vertis?
493 2349 591 2381 non
632 2336 707 2382 est
745 2335 964 2383 officium
996 2334 1093 2383 viri
1122 2335 1266 2383 fortis
1299 2334 1524 2382 cursibus
1554 2335 1703 2382 fidere
1743 2337 1812 2397 et,
1852 2349 1964 2382 cum

269 2408 331 2454 ad
371 2410 618 2456 certamen
657 2409 938 2457 istiusmodi
978 2409 1247 2470 acceditur,
1296 2425 1466 2472 pugna
1503 2425 1602 2457 non
1641 2408 1849 2471 pedibus
1890 2410 1966 2456 est

268 2482 497 2545 gerenda,
530 2481 615 2530 sed
647 2482 850 2546 gladiis:
882 2483 971 2530 fiat
994 2484 1095 2530 iam
1127 2484 1399 2531 comminus
1426 2482 1559 2544 quod
1587 2485 1747 2530 metus
1770 2484 1963 2530 ratione
1995 2494 2039 2526 30

388 2598 410 2635 1
455 2595 676 2649 reciperer
716 2594 801 2637 dea
835 2593 877 2636 V
916 2595 1109 2649 recipere
1146 2593 1230 2638 ΗΟ
1268 2594 1338 2638 ed.
1383 2594 1513 2638 deam
1557 2594 1629 2638 ed.
1764 2598 1789 2636 2
1827 2598 1964 2648 pater

267 2653 403 2705 factis
434 2651 476 2695 V
507 2666 619 2696 corr.
653 2652 698 2694 H
730 2652 800 2696 ed.
932 2657 956 2696 3
989 2654 1165 2706 inferni
1189 2652 1232 2696 V
1265 2654 1368 2697 -nis
1399 2653 1471 2696 ed.
1594 2656 1619 2695 6
1659 2653 1873 2697 concessit
1909 2653 1961 2695 in

267 2713 310 2765 sl.
336 2710 379 2752 V
410 2725 454 2755 se
485 2713 598 2756 texit
628 2725 682 2755 ac
713 2712 775 2755 ad
804 2713 849 2767 fl.
883 2713 1100 2756 concessit
1131 2712 1201 2757 ed.
1303 2716 1358 2755 13
1390 2713 1494 2768 ipsa
1526 2725 1613 2754 om.
1641 2712 1711 2755 ed.
1757 2711 1761 2769 Ι
1805 2711 1889 2765 fiat
1918 2710 1961 2753 V

267 2771 327 2813 sit
359 2770 428 2814 ed.
525 2775 578 2813 15
610 2771 799 2815 sublime
823 2770 865 2813 V
897 2770 1041 2828 (locus
1066 2785 1206 2826 supra
1230 2771 1390 2826 deest).
1486 2774 1539 2814 19
1571 2771 1856 2815 narrationis
1887 2769 1959 2813 ed.

270 2834 321 2871 21
358 2843 542 2884 cumque
570 2829 611 2872 V
647 2843 785 2885 quum
817 2830 887 2873 ed.
944 2830 947 2886 1
1006 2835 1314 2874 coruscantem
1336 2829 1379 2874 V
1404 2829 1474 2873 ed.
1508 2830 1690 2874 -antis‘?
1723 2841 1783 2871 an
1814 2833 1959 2872 -ans‘i‘

270 2892 323 2930 23
349 2888 559 2932 timidum
576 2887 618 2931 V
641 2890 866 2933 tumidum
890 2888 960 2932 ed.
1055 2893 1111 2932 24
1133 2890 1247 2933 hant
1261 2889 1317 2933 V.
1409 2892 1465 2932 25
1488 2902 1650 2932 non—
1664 2889 1806 2932 armis
1829 2887 1961 2930 deest

268 2947 316 2988 in
340 2946 395 3001 V,
429 2947 509 2990 sed
543 2947 814 3002 explicatur.
939 2952 993 2990 26
1025 2949 1164 2992 moris
1187 2947 1229 2991 V
1259 2948 1415 2992 mortis
1445 2947 1516 2991 ed.
1565 2947 1570 3004 j
1615 2947 1812 2990 inventis
1852 2947 1960 3001 post

268 3006 423 3059 differs
454 3005 651 3049 inseruit
684 3006 754 3050 ed.
878 3011 932 3050 27
966 3006 1144 3051 diversa
1167 3006 1209 3050 V
1241 3007 1432 3050 adversa
1464 3006 1533 3049 ed.
