2050 3226
183 206 291 260 302
655 202 890 249 DONATI
917 203 1199 248 INTERPR.
1222 202 1402 249 VERG.

181 358 302 391 nwm
339 343 530 393 eredere
564 357 731 392 maros
770 343 1131 405 Tyrrhenamve
1174 343 1322 402 fidem
1366 346 1454 392 aui
1485 345 1643 405 ⁸qentis
1688 344 1875 405 ayitare

183 419 401 477 quietas?
492 419 542 466 et
589 418 667 466 his
718 417 945 467 omnibus
997 416 1273 479 aptandum
1321 420 1398 466 est
1447 417 1638 467 hortati
1690 434 1874 468 sumus.

180 494 313 541 recte
358 494 528 555 posset
571 490 733 541 videri
776 492 870 540 hoc
910 506 1106 553 quoque
1146 491 1394 540 obiectum
1431 507 1558 554 esse,
1597 491 1641 541 si
1677 491 1872 542 Aeneas

180 581 354 615 revera
392 581 639 615 summam
675 565 797 614 belli
835 566 923 614 aut
942 564 1224 625 ,tuitionem
1262 582 1517 614 murorum
1547 567 1876 615 commisisset

180 639 259 688 illi
312 642 468 689 aetati
521 655 647 703 quae
700 655 790 688 nec
842 638 940 687 sibi
990 639 1250 702 providere
1304 639 1510 688 consilio
1564 642 1733 703 posset
1784 656 1875 689 nec

180 715 459 777 periculum
495 714 684 763 virtute
722 713 1021 776 propellere,
1061 713 1147 761 sed
1184 714 1278 762 hoc
1308 713 1503 763 Aeneas
1542 730 1642 763 non
1673 715 1874 764 fecerat.

181 788 442 852 dispositio
475 787 607 835 enim
639 788 830 836 afuturi
854 787 973 836 talis
998 787 1164 836 extitit
1187 788 1351 851 qualis
1375 788 1427 836 in
1449 803 1580 836 nono
1605 788 1732 838 libro
1751 782 1873 855 (40)

176 862 429 926 descripta
467 863 543 910 est
578 862 689 924 ipso
727 860 952 926 Vergilio
992 862 1125 909 inter
1161 861 1358 910 Aeneae
1395 862 1569 911 laudes
1614 863 1708 911 hoc
1755 878 1874 926 quo-

180 952 276 998 que
315 938 634 984 enumerante
674 937 768 984 hoc
805 936 975 984 modo:
1022 951 1275 1003 „namque
1321 937 1394 984 ita
1440 935 1693 985 discedens
1732 952 1874 1000 prae-

181 1012 377 1073 ceperat
430 1011 649 1073 optimus
705 1010 855 1058 armis
908 1011 1124 1059 Aeneas:
1179 1010 1223 1059 si
1277 1026 1379 1074 qua
1430 1011 1622 1059 interea
1671 1012 1876 1060 fortuna

180 1085 378 1147 fuisset,
427 1100 527 1132 neu
576 1087 767 1133 struere
818 1084 1059 1133 auderent
1108 1083 1265 1133 aciem
1313 1100 1412 1132 neu
1451 1085 1645 1133 credere
1686 1100 1876 1148 campo,

180 1161 344 1208 castra
374 1158 521 1207 modo
554 1160 604 1207 et
626 1160 761 1207 tutos
794 1160 1052 1208 servarent
1082 1174 1262 1223 aggere
1292 1174 1460 1207 muros
1472 1157 1524 1221 “3
1554 1161 1604 1206 et
1636 1159 1735 1208 alio
1767 1159 1875 1207 1000

182 1227 256 1299 (9,
285 1227 414 1299 171)
454 1232 650 1294 „instat
690 1233 974 1281 Mnestheus
1015 1248 1226 1295 acerque
1267 1231 1514 1295 Serestm,
1557 1248 1680 1295 quos
1733 1234 1878 1296 pater

179 1307 396 1370 Aeneas,
447 1308 491 1356 si
541 1307 739 1369 quando
790 1308 999 1356 adversa
1047 1309 1306 1368 vocarent,
1355 1309 1568 1355 rectores
1619 1306 1789 1356 iuveni
1827 1308 1878 1355 et

179 1398 346 1429 rerum
395 1380 533 1429 dedit
582 1396 686 1430 esse
732 1381 998 1446 magistros
1010 1379 1052 1429 “.
1130 1397 1238 1430 ecce
1276 1381 1404 1429 nihil
1443 1381 1654 1430 credidit
1706 1396 1876 1444 puero,

181 1455 267 1503 sed
315 1456 482 1518 ipsum
530 1457 691 1519 magis
743 1471 855 1504 cum
905 1455 1131 1504 omnibus
1181 1455 1397 1503 faciendi
1446 1471 1547 1503 non
1600 1455 1875 1504 faciendive

180 1529 398 1578 consiliis
436 1529 627 1578 idoneis
670 1531 721 1578 et
764 1529 974 1579 robusta
1020 1529 1373 1578 exercitatione
1419 1529 1706 1578 florentibus
1754 1529 1875 1578 viris

179 1619 423 1666 perpensa
453 1603 738 1667 provisione
770 1603 1030 1652 commisit.
1085 1604 1367 1666 Tyrrhenos
1404 1619 1518 1652 vero
1557 1619 1657 1651 non
1696 1604 1877 1652 excivit

180 1678 373 1740 quietos
411 1677 466 1725 in
503 1677 712 1739 bellum,
751 1677 837 1726 sed
874 1677 1013 1726 iusta
1052 1694 1110 1726 ex
1160 1693 1312 1726 causa
1359 1680 1628 1726 commotos
1677 1693 1734 1726 ac
1773 1677 1876 1725 iam

178 1752 504 1815 navigaturos
541 1752 734 1801 invenit
771 1752 1047 1814 iisdemque
1079 1767 1130 1800 se
1159 1751 1366 1800 tumidis
1396 1751 1581 1813 iunxit,
1614 1767 1738 1814 quos
1770 1752 1876 1835 ipse

180 1826 374 1874 Turnus
426 1826 738 1888 suscipiendo
776 1826 1078 1874 Mezentium
1123 1826 1308 1874 fecerat
1363 1827 1462 1874 suis
1516 1825 1743 1888 partibus
1781 1825 1876 1873 ini-

177 1901 354 1961 micos,
383 1916 473 1948 nec
503 1900 691 1949 bellum
723 1901 827 1965 geri
858 1916 970 1949 cum
999 1899 1225 1949 hostibus
1255 1899 1423 1961 iussit,
1457 1899 1541 1948 sed
1565 1899 1876 1949 venientibus

180 1973 373 2023 obiectu
413 1976 608 2038 aggeris
656 1977 706 2023 et
751 1974 1034 2023 defensione
1082 1975 1233 2023 turris
1285 1973 1475 2023 obsisti.
1552 1974 1705 2022 obicit
1749 1974 1876 2022 Iuno

179 2049 317 2096 velut
364 2050 495 2096 male
545 2051 686 2113 gesta
735 2049 953 2111 Aeneae,
1002 2051 1137 2097 tacet
1184 2049 1308 2097 facti
1358 2063 1531 2098 causas
1587 2064 1711 2111 quas
1765 2049 1877 2111 ipsa

180 2122 493 2184 conflaverat,
518 2139 645 2185 quae
670 2124 996 2185 conpulerant
1017 2123 1222 2171 Aenean
1244 2123 1367 2172 haee
1389 2123 1565 2171 facere.
1628 2123 1735 2183 quis
1758 2122 1877 2170 deus

179 2197 234 2243 in
269 2197 520 2256 fraudem,
562 2211 684 2257 quae
723 2198 852 2246 dura
881 2198 1102 2258 potentia
1139 2200 1309 2245 nostra
1347 2198 1471 2258 eyit?
1509 2197 1595 2245 nbi
1631 2197 1708 2244 hie
1744 2196 1875 2244 Iuno

180 2270 449 2318 demissave
486 2271 698 2319 nubibas
736 2271 874 2319 Iris?
935 2271 1320 2334 numquidnam,
1358 2272 1548 2333 inquit,
1586 2271 1708 2318 haec
1745 2270 1874 2318 Iuno

180 2344 300 2392 fecit
353 2346 441 2392 aut
490 2343 619 2393 Iris?
673 2346 722 2392 et
772 2346 1034 2394 constabat
1090 2346 1213 2394 haec
1265 2345 1506 2393 Iunonem
1559 2344 1733 2392 fecisse
1787 2360 1876 2406 per

181 2418 385 2466 Furiam
424 2420 475 2467 et
511 2434 600 2481 per
637 2418 759 2466 Irim
791 2420 1030 2468 excitasse
1062 2420 1300 2481 Turnum,
1333 2435 1446 2467 cum
1486 2419 1674 2467 otiosus
1709 2419 1873 2480 patrio

182 2492 371 2540 sederet
408 2493 462 2540 in
507 2493 636 2541 luco,
719 2493 976 2554 indiynnm
1016 2497 1084 2542 est
1121 2494 1277 2542 Italos
1326 2494 1528 2541 Troiam
1573 2492 1875 2540 circumdare

300 2668 327 2706 4
369 2664 587 2708 tutionem
620 2662 705 2713 VR
747 2663 1052 2718 defensionem
1095 2664 1166 2708 ed.
1304 2667 1330 2706 8
1372 2664 1471 2719 ipso
1506 2661 1591 2705 VR
1633 2663 1690 2707 ab
1733 2663 1764 2706 i.
1802 2662 1873 2706 ed.

182 2725 207 2764 9
235 2723 525 2778 praeciperat
546 2722 643 2766 VR.
754 2727 808 2766 16
839 2723 1066 2777 faciendis
1098 2723 1168 2766 ed.
1223 2722 1227 2782 Ι
1277 2736 1371 2767 non
1400 2722 1654 2782 faciendive
1686 2735 1774 2766 om.
1801 2721 1872 2765 ed.

183 2785 237 2823 18
269 2782 512 2838 tyrrhenus
535 2781 630 2827 VR.
755 2785 809 2824 19
842 2788 1085 2827 commotus
1114 2796 1169 2827 ac
1191 2783 1285 2826 iam
1308 2773 1611 2838 naviyaiurus
1629 2780 1715 2824 VR
1744 2781 1873 2834 item,

182 2840 263 2883 sed
295 2854 367 2884 eos
397 2855 481 2895 pro
513 2855 567 2885 ae
597 2842 691 2885 iam
723 2841 794 2884 ed.
918 2845 972 2884 20
1003 2842 1144 2886 isdem
1174 2855 1288 2897 quae
1317 2854 1363 2885 se
1393 2840 1582 2884 tumidis
1611 2841 1768 2884 iunxit
1793 2838 1874 2883 VR

183 2899 256 2953 (cf.
290 2903 331 2952 8,
356 2902 459 2954 497)
499 2900 754 2956 hisdemque
783 2914 828 2944 se
858 2905 954 2943 tum
985 2901 1204 2945 adiunxit
1234 2900 1304 2944 ed.
1435 2903 1488 2942 21
1533 2899 1873 2955 suscipiendum

182 2959 401 3002 ezentiam
424 2958 509 3002 VR
539 2973 572 3003 s.
598 2960 818 3004 erentiwm
840 2958 968 3003 HOU
997 2960 1283 3015 suscipiendo
1315 2959 1478 3003 bellum
1509 2958 1580 3002 ed.
1670 2962 1726 3002 24
1758 2972 1873 3014 quas

183 3015 266 3059 VR
298 3019 417 3073 quod
448 3018 518 3062 ed.
643 3022 697 3061 25
730 3018 1068 3075 quae—faeere
1098 3019 1140 3061 R
1172 3020 1357 3075 (fecerat
1378 3017 1436 3074 V)
1470 3031 1557 3061 om.
1585 3017 1655 3061 ed.

1906 1025 2014 1057 10,

1907 1394 1950 1427 15

1907 1764 1951 1797 20
1997 1791 2020 1797 .⁷

1907 2132 1950 2166 25

1906 2502 1950 2535 80
1995 2504 2017 2535 ,g
