2050 3226
214 129 283 182 86
686 124 920 170 DONATI
949 125 1228 170 INTERPR.
1255 124 1435 170 vaae.

211 267 378 314 hiatus
417 267 579 314 terrae
619 267 923 328 conspiciens
964 265 1302 326 altitudinem,
1342 281 1400 313 ex
1440 281 1538 328 qua
1576 281 1664 313 nec
1703 265 1778 313 sol
1816 280 1905 313 nec

213 340 404 388 caelum
444 338 734 388 cernebatur
772 355 861 388 nec
898 341 1046 388 terra.
1123 341 1465 388 monstramur
1503 339 1650 401 dixit,
1697 339 1792 387 hoc
1829 341 1906 387 est

212 413 466 487 opinione,
505 429 606 462 non
643 412 777 475 visu,
817 416 1036 463 ceterum
1065 414 1186 462 haec
1224 415 1433 462 noverat
1469 414 1651 462 nullus.

328 488 432 537 Nec
461 489 626 536 minus
665 488 872 536 interea:
918 489 1010 536 hoc
1048 487 1341 536 vertendum
1380 489 1476 549 est,
1514 489 1572 536 ut
1610 488 1677 536 sit
1713 486 1905 535 interea

209 578 310 610 non
332 562 511 611 minus.
574 564 835 610 extremam
855 561 1096 610 Saturnia
1127 562 1245 610 bello
1273 562 1463 621 inponit
1483 562 1656 623 reyina
1677 575 1905 609 manum:
1957 574 1978 608 5

209 636 466 685 recedente
504 636 657 684 Furia
701 635 754 683 in
793 635 899 684 eius
939 651 1111 684 curam
1155 635 1282 684 Iuno
1329 635 1592 684 succedens
1640 634 1906 697 conplebat

157 727 161 730 ·
213 726 341 772 quae
386 710 477 758 illa
523 710 652 758 forte
692 710 756 758 ad
801 710 1084 758 satiandam
1129 709 1346 772 partium
1393 709 1583 758 cladem
1628 709 1905 772 inperfecta

210 784 474 833 dimiserat.
553 783 745 832 dixerat
790 784 921 832 enim
965 783 1092 831 Iuno
1140 783 1320 832 Furiae
1362 787 1422 832 ut
1466 784 1716 832 recederet
1754 784 1803 831 et
1854 798 1904 831 se

207 859 506 921 promiserat
542 859 820 907 necessaria
859 860 1157 907 curaturam.
1233 857 1417 906 idcirco
1457 857 1610 906 dabat
1646 857 1793 906 rebus
1825 873 1904 904 ex-

207 935 417 981 tremam
440 948 646 980 manum
675 933 768 981 hoc
800 937 875 981 est
897 933 1264 995 perfectionem.
1316 933 1534 980 extrema
1565 931 1696 979 enim
1722 930 1905 979 dicitur
1936 945 1978 977 10

207 1008 261 1054 in
300 1007 490 1055 artibus
520 1022 696 1055 manus
734 1008 851 1068 post
890 1023 1039 1068 quam
1077 1006 1204 1054 nihil
1235 1006 1293 1053 fit
1324 1008 1374 1054 et
1403 1021 1481 1055 res
1512 1007 1767 1054 invenitur
1798 1019 1902 1053 esse

207 1081 440 1143 perfecta.
497 1081 709 1143 denique
734 1082 996 1142 sequentia
1021 1079 1378 1129 consideranda
1402 1082 1518 1128 sunt
1541 1082 1592 1128 et
1619 1079 1905 1128 invenietur

209 1155 331 1217 quid
369 1155 614 1219 significet
652 1170 826 1202 manus
875 1158 1093 1203 extrema
1137 1170 1287 1217 quam
1324 1154 1449 1202 Iuno
1495 1153 1765 1217 inponebat
1810 1154 1904 1201 hoc

208 1231 282 1277 est
329 1229 556 1277 addebat.
628 1229 748 1285 ruit,
798 1229 987 1291 inquit,
1034 1230 1191 1276 omnis
1237 1229 1292 1276 in
1336 1230 1505 1276 urbem
1544 1231 1802 1288 pastorum
1848 1241 1904 1275 ex

208 1304 310 1351 acie
355 1318 613 1352 numerus:
667 1305 914 1364 pastores,
963 1304 1051 1365 qui
1096 1303 1285 1351 relictis
1337 1302 1468 1365 agris
1516 1300 1806 1366 congregati
1850 1301 1902 1348 in
1934 1314 1978 1347 15

208 1377 365 1425 aciem
395 1377 616 1438 fuerant,
654 1377 830 1425 relicta
869 1377 1040 1425 eadem
1078 1378 1182 1425 acie
1219 1376 1273 1424 in
1305 1376 1524 1425 civitatis
1555 1376 1752 1424 moenia
1791 1391 1903 1423 con—

205 1450 441 1499 fluebant.
516 1451 622 1498 illic
674 1450 806 1498 enim
854 1451 1024 1500 fuerat
1068 1450 1300 1512 Latinus,
1352 1450 1439 1513 qui
1487 1451 1676 1513 primus
1729 1451 1902 1498 contra

102 1532 188 1572 5⁷5
205 1524 412 1573 Iunonis
443 1525 628 1573 fecerat
658 1525 983 1574 voluntatem.
1054 1539 1308 1585 caesosque
1337 1528 1606 1584 reportant,
1642 1522 1902 1572 Almonem

197 1613 411 1659 puerum
455 1599 729 1658 foedatique
775 1613 863 1647 ora
912 1599 1139 1648 Galaesi:
1193 1598 1256 1648 ad
1293 1598 1535 1647 invidiam
1572 1598 1695 1646 facti
1733 1600 1899 1660 porta-

206 1673 329 1721 bant
366 1673 516 1721 funus
547 1672 774 1720 Alm0nis
805 1674 969 1735 pueri,
1010 1674 1097 1736 qui
1127 1674 1302 1735 utique
1332 1688 1422 1736 pro
1455 1673 1618 1721 aetate
1650 1672 1775 1719 nihil
1797 1672 1899 1719 tale
1931 1684 1976 1717 20

205 1750 474 1808 meruerat,
531 1746 803 1795 offerebant
858 1746 1056 1795 Galaesi
1108 1748 1288 1796 faciem
1339 1746 1557 1810 indignis
1611 1745 1897 1795 vulneribus

206 1820 495 1883 adpetitam.
571 1821 910 1880 inplorantque
957 1822 1093 1869 deos:
1144 1820 1467 1885 inplorabant
1517 1821 1631 1868 deos
1681 1819 1897 1884 indigni-

204 1895 325 1944 tatis
364 1895 567 1959 iudices‚
606 1895 783 1956 quibus
823 1896 1091 1958 sperabant
1126 1895 1385 1958 displicere
1424 1910 1568 1958 posse
1601 1910 1729 1956 quae
1761 1911 1897 1957 pere-

205 1968 336 2033 grini
380 1968 433 2016 in
480 1968 608 2017 cives
662 1968 977 2017 admiserant.
1054 1971 1442 2029 obtestanturque
1491 1969 1756 2016 Latinum:
1804 1969 1898 2016 hoc

205 2045 280 2091 est
316 2042 577 2091 invidiosis
616 2042 817 2091 vocibus
857 2043 1166 2105 lacerabant,
1213 2043 1346 2106 quod
1390 2043 1637 2091 malorum
1676 2041 1897 2090 omnium
1929 2054 1972 2087 25

204 2133 292 2180 per
323 2117 650 2164 Troianorum
689 2117 859 2165 foedus
892 2119 999 2179 ipse
1030 2120 1201 2166 auctor
1231 2118 1483 2166 videretur
1522 2116 1765 2165 extitisse:
1804 2116 1895 2164 hoc

203 2189 472 2239 multitudo
506 2191 711 2238 confusa
743 2191 958 2239 faciebat
989 2195 1038 2240 et
1069 2193 1265 2255 vulgus.
1321 2192 1522 2239 Turnus
1554 2191 1690 2238 adest
1719 2190 1895 2238 medio—

204 2279 293 2324 que
338 2265 392 2312 in
438 2265 637 2312 erimine
684 2266 845 2312 caedis
893 2269 935 2312 et
978 2267 1106 2326 ionis
1152 2269 1380 2313 terrorem
1429 2265 1718 2325 inyeminat:
1771 2278 1895 2324 ecce,

202 2338 389 2401 inquit,
437 2339 589 2386 etiam
636 2338 833 2386 Turnus
885 2339 1079 2401 aderat,
1127 2339 1267 2388 cuius
1314 2340 1473 2387 maior
1518 2338 1685 2385 fuerat
1722 2352 1893 2398 causa,

202 2413 335 2460 idem
373 2411 660 2476 geminabat
704 2414 943 2459 terrorem
983 2430 1129 2475 quem
1167 2413 1383 2475 populus
1426 2412 1610 2460 fecerat
1648 2410 1893 2474 spondens
1926 2423 1970 2455 30

204 2487 371 2535 omnia
417 2485 647 2534 caedibus
696 2487 745 2533 et
794 2486 1019 2535 incendio
1070 2487 1305 2549 peritura.
1383 2486 1592 2533 Teucros
1640 2486 1694 2532 in
1742 2499 1894 2546 reyna

324 2647 346 2686 l
381 2656 436 2686 ex
467 2656 558 2698 qua
588 2642 732 2686 solum
764 2643 935 2685 caelum
969 2643 1234 2687 cernebatur
1265 2655 1319 2686 ae
1350 2646 1472 2686 terra
1494 2640 1536 2684 V
1569 2640 1639 2685 ed.
1675 2642 1893 2695 corrupta

204 2714 301 2745 esse
348 2703 499 2756 patet:
549 2700 804 2744 emendavi.
935 2706 959 2743 2
1004 2706 1316 2745 monstrantur
1353 2700 1395 2741 V
1436 2701 1776 2744 monstrabatur
1818 2699 1889 2742 ed.

182 2766 228 2818 ,5
262 2775 448 2804 manum
480 2774 566 2803 om.
595 2759 648 2803 V.
771 2764 823 2802 21
859 2760 1104 2814 offerebant
1134 2760 1175 2802 V
1211 2765 1252 2805 et
1281 2760 1487 2814 ferebant
1519 2759 1589 2802 ed.
1713 2763 1768 2801 22
1809 2758 1890 2800 ad-

196 2821 387 2874 petitam
426 2818 468 2861 V
509 2819 741 2872 foedatam
783 2818 853 2862 ed.
985 2823 1039 2860 28
1083 2820 1202 2863 cedis
1245 2825 1286 2863 et
1321 2820 1420 2875 iyni
1450 2817 1505 2870 V,
1547 2817 1627 2861 sed
1666 2817 1781 2860 Don.
1822 2817 1890 2858 ita

202 2878 556 2932 interpretatur,
595 2879 649 2921 ut
686 2878 836 2921 caedis
867 2882 909 2921 et
937 2878 1059 2933 ionis
1090 2883 1300 2922 terrorem
1339 2876 1628 2920 coniunxisse
1662 2875 1889 2928 videatur,

203 2935 501 2991 quamobrem
534 2938 655 2994 tynis
687 2936 850 2991 scripsi
883 2949 985 2978 cum
1019 2936 1088 2979 ed.
1214 2941 1268 2980 30
1299 2938 1417 2981 idem
1448 2935 1489 2978 V
1521 2940 1561 2979 et
1592 2935 1710 2979 idem
1742 2934 1811 2977 ed.
