2050 3226
30 960 75 994 10

31 1329 75 1363 15

35 2070 78 2103 25

739 137 1044 185 AENEmos
1067 137 1154 183 vn
1722 141 1795 196 53

107 279 227 344 quid
286 277 417 327 enim
476 279 642 341 petere
695 277 869 326 debuit
919 278 1101 339 maior,
1171 293 1298 340 quae
1350 277 1554 327 iubendi
1605 280 1798 328 teneret

104 352 441 417 plenissimam
493 352 827 414 voluntatem,
889 353 978 400 aut
1030 350 1154 415 quid
1205 354 1372 414 petere
1434 352 1497 400 ab
1555 368 1614 400 ea
1668 369 1796 414 quae

105 426 314 491 optabat
366 426 590 475 invenire
648 426 781 490 quod
829 424 1078 475 verteret?
1155 426 1264 475 sola
1314 427 1474 490 igitur
1524 425 1796 475 insinuatio

104 500 380 551 necessaria
427 501 593 549 fuerat
637 516 814 549 causae
861 502 911 549 et
956 516 1152 550 summa
1198 500 1506 565 designanda
1550 499 1796 549 desiderii.

102 576 282 638 incipit
338 575 438 623 dici
489 574 600 623 laus
653 576 708 623 in
755 576 930 637 aperta
982 574 1370 637 vituperation03
1424 575 1468 624 si
1521 575 1654 622 enim
1706 591 1797 638 pro

103 665 315 714 persona
352 648 555 710 Furiae,
593 651 652 697 ut
688 649 879 698 factum
917 650 1014 710 est,
1053 647 1188 697 dicta
1217 649 1565 713 intellegatur,
1599 648 1797 698 eviden-

102 723 298 774 tissima
356 723 581 772 laudatio
643 725 739 784 est,
801 724 845 771 si
896 725 1211 772 removeatur
1260 724 1378 772 huic
1438 722 1799 786 praedicationi

103 812 315 861 persona
367 797 684 859 conveniens,
738 798 836 846 erit
888 796 1174 846 execrabilis
1228 798 1282 846 in
1336 812 1488 859 quam
1532 799 1632 846 ista
1685 813 1799 846 con-

103 873 357 922 venerant.
426 871 608 920 dicitur
645 888 763 936 ergo
803 867 896 920 sub
936 871 1068 935 plasi
1097 871 1262 921 laudis
1301 873 1630 934 vituperatio,
1661 871 1796 920 deni-

105 964 199 1010 que
238 947 404 994 locum
441 945 828 1009 praedicationis
861 945 1105 1008 obtinuit,
1146 947 1266 1009 quia
1302 946 1485 995 Furiae
1526 945 1797 995 dicebatur.

104 1021 189 1070 sed
234 1021 510 1070 necessario
555 1021 896 1083 praemittitur
941 1036 1112 1082 causa,
1157 1023 1362 1083 propter
1409 1036 1561 1082 quam
1598 1022 1800 1068 tantum

103 1096 293 1143 malum
332 1094 394 1143 ab
439 1095 630 1155 inferis>
660 1095 827 1143 fuerat
873 1097 1158 1143 evocatum:
1208 1109 1269 1142 ne
1317 1098 1478 1142 noster
1525 1095 1675 1142 honos
1723 1095 1798 1142 in-

103 1171 322 1230 fractave
371 1169 507 1217 cedat
546 1170 689 1229 fama
743 1169 854 1217 loeo.
929 1171 1134 1218 ventum
1186 1171 1282 1230 est,
1334 1167 1517 1231 inquit,
1571 1168 1634 1217 ad
1688 1185 1800 1216 eum

106 1243 378 1306 cardinem,
416 1244 585 1307 virg0‚
628 1246 687 1291 ut
725 1258 901 1291 casura
940 1243 1008 1291 sit
1043 1242 1258 1291 nominis
1304 1244 1404 1291 mei
1450 1242 1678 1291 omnibus
1723 1259 1798 1291 re-

105 1318 318 1367 verenda
366 1318 625 1377 maiestas,
675 1318 775 1365 nisi
825 1316 904 1366 his
955 1333 1083 1379 quae
1127 1319 1300 1366 contra
1348 1319 1468 1366 vota
1516 1334 1628 1365 mea
1672 1317 1800 1365 fiunt

103 1395 234 1440 itum
265 1391 463 1440 obviam
493 1391 658 1439 fuerit.
728 1391 897 1440 cedere
928 1391 1037 1440 loco
1069 1391 1274 1440 verbum
1306 1393 1382 1440 est
1413 1407 1472 1438 ex
1502 1408 1554 1438 re
1593 1391 1801 1440 militari

106 1468 383 1529 sumptum3
429 1483 546 1514 nam
590 1466 642 1513 in
688 1482 861 1529 pugna
907 1465 996 1528 qui
1040 1466 1149 1515 loco
1198 1466 1398 1514 cesserit
1444 1468 1641 1514 constat
1686 1483 1802 1514 eum

106 1542 409 1604 superatum.
486 1540 622 1602 quod
669 1539 828 1604 igitur
878 1540 951 1589 ait
1000 1540 1125 1589 Iuno
1179 1557 1241 1588 ne
1295 1541 1464 1588 noster
1516 1541 1672 1588 honos
1727 1541 1800 1588 in-

105 1616 325 1664 fractave
375 1614 520 1663 cedat
564 1614 700 1663 fama
745 1614 876 1674 loco,
928 1614 1178 1679 significat
1222 1630 1283 1662 ne
1329 1615 1491 1663 victae
1536 1614 1800 1677 perdamus

105 1691 343 1739 honorem
402 1690 643 1736 nostrum.
718 1689 797 1737 his
860 1688 1182 1752 subiungitur
1241 1688 1504 1737 instructio
1563 1703 1799 1752 personas

107 1763 265 1812 omnis
317 1765 368 1812 et
414 1779 520 1810 rem
570 1765 620 1810 et
670 1763 792 1825 quid
841 1763 975 1811 facto
1027 1778 1152 1826 opus
1205 1763 1271 1811 sit
1320 1762 1537 1811 breviter
1575 1763 1802 1827 signans;

107 1854 205 1886 non
253 1839 385 1885 enim
430 1839 627 1899 tempus
666 1837 828 1886 verbis
875 1837 1228 1900 prolixioribus
1275 1836 1506 1900 occupari
1550 1836 1802 1898 debuerat,

106 1912 159 1959 in
213 1927 311 1973 quo
356 1926 456 1959 non
501 1911 675 1973 verba,
729 1912 815 1960 sed
868 1912 1002 1960 facta
1058 1911 1438 1975 quaerebantur.
1523 1911 1803 1959 adhibenda

109 1985 294 2048 quippe
339 1985 627 2047 rumpendis
671 1985 830 2034 initiis
878 1986 1105 2043 celeritas
1156 1986 1278 2047 fuit,
1330 2001 1390 2033 ne
1441 1985 1553 2034 aliis
1605 2002 1803 2048 quoque

110 2059 371 2108 concordia
408 2059 643 2108 roborata
681 2059 915 2109 subsidiis
956 2062 1045 2108 aut
1083 2060 1310 2124 superari
1355 2076 1455 2109 non
1501 2062 1671 2122 posset
1717 2062 1805 2108 aut

111 2134 380 2182 difficulter
432 2134 593 2182 evicta
639 2134 989 2182 succumberet.
1068 2149 1164 2182 neu
1210 2135 1428 2182 conubiis
1474 2135 1659 2182 ambire
1700 2134 1804 2182 La·

112 2210 267 2256 tinwm
290 2207 555 2256 Aeneadae
578 2209 771 2267 possint
798 2208 1012 2256 Italosve
1043 2209 1258 2256 obsidere
1288 2209 1430 2268 finis:
1468 2208 1600 2270 n010‚
1622 2209 1803 2271 inquit,

112 2298 224 2331 cum
255 2282 485 2330 Troianis
524 2281 737 2330 conubia
773 2282 881 2330 fieri
926 2298 1015 2330 nec
1046 2282 1284 2331 Latinum
1330 2283 1402 2330 sic
1448 2282 1804 2342 circumveniri,

112 2359 171 2404 ut
207 2357 284 2405 his
323 2356 479 2404 filiam
516 2356 709 2417 tradat,
747 2372 809 2404 ne
847 2357 915 2404 sit
945 2356 1014 2405 eis
1047 2372 1199 2405 causa
1229 2358 1283 2404 in
1313 2356 1466 2405 Italia
1495 2355 1804 2405 remanendi:

111 2430 226 2478 nolo
281 2429 556 2478 adfinitatis
611 2430 716 2478 iure
775 2431 1090 2478 concordiam
1143 2435 1316 2479 contra
1362 2439 1482 2479 vota
1534 2447 1646 2479 mea
1701 2445 1804 2477 sur·

113 2506 311 2568 gentem
371 2505 725 2552 convalescere.
801 2503 931 2552 redit
992 2520 1191 2553 rursum
1253 2505 1316 2553 ad
1369 2505 1567 2553 laudem
1625 2503 1804 2551 Furiae

234 2664 260 2703 6
306 2659 506 2704 dieta—
545 2664 568 2702 7
615 2665 678 2704 est
720 2674 807 2703 om.
850 2659 922 2704 ed.
1044 2664 1071 2704 8
1113 2661 1166 2704 in
1207 2674 1299 2716 qua
1342 2660 1413 2704 ed.
1537 2665 1562 2702 9
1603 2660 1727 2715 plasi
1764 2657 1806 2700 V

113 2719 256 2774 specie
287 2718 360 2762 ed.
447 2723 501 2762 15
532 2724 636 2763 vota
666 2733 767 2762 mea
795 2717 832 2761 V
864 2733 963 2762 eam
994 2719 1065 2763 ed.
1154 2724 1206 2763 17
1239 2733 1333 2764 non
1364 2721 1415 2763 in
1439 2718 1480 2761 V
1511 2734 1620 2762 nam
1650 2720 1702 2761 in
1734 2718 1805 2762 ed.

116 2782 170 2821 18
202 2779 265 2822 sit
292 2779 445 2832 fracta
475 2792 526 2822 ve
555 2777 597 2821 V
630 2780 787 2834 (supra
818 2780 974 2834 recte).
1089 2782 1146 2821 20
1176 2780 1470 2835 subiunyitur
1500 2777 1542 2819 V
1573 2777 1809 2834 subiwnyit

116 2836 188 2880 ed.
239 2837 243 2894 Ι
292 2838 531 2881 instructio
570 2851 660 2881 om.
693 2835 834 2881 HOU
866 2837 938 2880 ed.
1068 2842 1122 2880 21
1158 2838 1346 2882 breviter
1387 2851 1473 2880 om.
1507 2835 1649 2879 HOU
1681 2836 1752 2879 ed.
1798 2837 1802 2892 i

115 2896 382 2952 significans
412 2895 484 2939 ed.
577 2900 631 2939 25
664 2896 888 2941 roboratis
919 2895 990 2940 ed.
1085 2901 1140 2940 26
1174 2898 1457 2941 succumbere
1482 2895 1522 2938 V
1548 2909 1663 2939 corr.
1689 2895 1759 2939 ed.
1799 2895 1803 2953 ᾗ

118 2954 341 2998 Latinum
379 2968 435 2998 ne
467 2955 697 2999 Aeneidae
728 2954 783 2998 V.
907 2959 962 2998 28
1002 2962 1172 3001 cumter
1203 2956 1399 3000 troianis
1431 2953 1483 2997 V.
