2050 3226
251 157 361 211 582
725 155 959 201 DONATI
988 155 1268 199 INTERPR.
1293 155 1474 200 VERG.

248 311 389 344 verso
430 295 601 344 existit
639 296 771 358 quod
818 295 1038 358 aliquem
1081 294 1298 343 incutiat
1338 296 1546 357 metum,
1592 311 1691 344 non
1736 313 1944 347 numero

247 369 502 432 praecedit
531 370 687 419 hostis
728 371 815 418 aut
851 369 1041 418 robore.
1099 368 1335 431 quicquid
1367 370 1536 432 opinio
1567 370 1944 420 formidolosum

248 445 501 506 sparserat
530 446 728 506 praesto
770 445 844 491 est
882 443 1159 491 subiectum
1192 442 1347 491 oculis
1378 443 1578 505 vestris,
1615 446 1779 492 totum
1810 445 1946 508 quod

246 518 398 566 habet
420 533 534 580 pars
559 520 770 579 utraque
795 517 1104 566 substantiae
1128 517 1350 580 prodidit
1373 532 1588 581 campus,
1615 519 1748 581 quod
1772 521 1946 568 contra

246 592 394 640 fidem
440 608 603 640 rerum
655 593 950 640 oneraverat
985 591 1122 639 fama
1160 591 1455 640 terroribus:
1506 592 1711 641 Troiani
1749 593 1945 655 adsunt,

247 665 478 714 videntur
507 665 748 726 Arcades,
785 666 839 712 in
878 668 1143 727 conspectu
1174 667 1290 713 sunt
1321 681 1443 728 quos
1475 666 1653 715 fatales
1687 667 1946 730 appellant

248 743 299 788 et
320 741 412 788 hoc
437 742 512 788 est
533 741 697 787 totum
724 740 858 801 quod
879 739 1075 787 infensa
1091 739 1258 787 Turno
1276 739 1481 788 Etruria
1503 742 1684 802 potuit.
1722 741 1945 803 proinde,

248 816 291 862 si
328 815 459 878 regis
501 814 723 876 exemplo
765 813 1015 878 singulare
1054 813 1300 875 placuerit
1338 813 1500 862 subire
1532 817 1806 877 certamen,
1845 831 1945 863 non

248 889 343 936 erit
375 889 462 950 qui
493 887 634 936 nobis
671 888 900 936 omnibus
931 890 1247 951 pugnaturus
1280 891 1518 936 occurrat.
1572 904 1662 937 nec
1691 905 1770 936 me
1815 889 1943 938 arbi-

244 962 445 1010 tremini
482 962 757 1010 utilitatem
782 963 938 1009 Turni
969 963 1376 1024 commodumque
1413 963 1643 1010 tractare.
1705 963 1822 1011 felix
1857 963 1944 1012 ille
1975 978 1995 1010 1

246 1038 320 1084 est
358 1038 408 1084 et
444 1036 596 1084 habet
633 1036 781 1084 etiam
820 1037 873 1084 in
910 1036 1033 1098 ipsis
1067 1036 1286 1085 adversis
1317 1037 1535 1099 positam
1573 1037 1796 1099 laudem,
1833 1053 1943 1099 per-

244 1110 409 1158 veniet
447 1111 511 1158 ad
543 1110 746 1158 deorum
785 1112 1089 1159 consortium
1128 1111 1215 1172 qui
1246 1110 1340 1159 diis
1379 1110 1590 1159 testibus
1631 1113 1944 1175 pugnaturus

141 1194 226 1233 235
246 1187 340 1233 est:
391 1185 472 1232 ille
511 1185 702 1246 quidem
741 1185 808 1233 ad
845 1199 1071 1244 super03,
1113 1199 1317 1244 quorum
1354 1199 1405 1232 se
1443 1185 1635 1232 devovet
1672 1186 1797 1241 ariS,
1837 1199 1944 1233 suc-

244 1259 372 1307 cedet
407 1259 548 1318 fama
587 1260 820 1318 vivusque
843 1273 936 1320 per
974 1274 1064 1307 ora
1093 1260 1288 1318 feretur,
1329 1273 1418 1306 nos
1443 1259 1614 1320 patria
1645 1260 1830 1307 amissa
1861 1260 1943 1307 do-
2048 1309 2050 1314 ,

243 1334 391 1380 minis
421 1347 601 1394 parere
639 1334 861 1394 superbis
912 1347 1144 1394 coyemur,
1193 1334 1276 1394 qui
1319 1347 1451 1381 mmo
1490 1333 1604 1380 lenti
1642 1333 1944 1382 consedimus
1974 1346 2017 1380 15
2048 1347 2050 1365 ¹

244 1408 404 1455 arvis:
431 1407 527 1455 erit
548 1407 684 1455 illius
709 1423 798 1470 per
821 1423 964 1455 omne
989 1423 1165 1456 aevum
1187 1407 1508 1470 magnificum
1530 1423 1709 1455 nomen
1733 1423 1943 1470 cumque
2047 1405 2050 1412 ’

243 1482 380 1530 illius
422 1497 602 1544 corpus
640 1481 840 1530 vivendi
869 1481 982 1529 finis
1015 1482 1306 1541 extinxerit,
1345 1482 1481 1529 fama
1515 1483 1683 1529 tamen
1721 1481 1944 1530 manebit

243 1555 530 1616 incolumis,
569 1571 658 1604 nos
698 1572 815 1604 vero
855 1555 1084 1618 sequitur
1120 1556 1308 1618 proditi
1346 1556 1478 1619 regis
1519 1556 1704 1603 crimen
1743 1557 1792 1603 et
1831 1572 1942 1619 gra-

243 1631 449 1678 vissima
481 1630 728 1679 serviendi
759 1629 1005 1692 condicio3
1041 1645 1251 1692 cumque
1282 1630 1391 1692 ipsa
1422 1629 1636 1677 servitus
1667 1630 1736 1678 sit
1762 1629 1940 1678 intole-
1989 1677 1993 1681 .

243 1704 401 1752 randa
424 1721 514 1767 per
544 1719 664 1766 sese,
689 1704 997 1752 considerate
1023 1703 1187 1766 qualis
1217 1704 1421 1767 ingruat
1453 1719 1580 1765 quae
1611 1703 1942 1766 proficiscitur
1972 1715 2016 1748 so

246 1794 274 1826 a
319 1778 571 1841 plurimis,
624 1778 892 1841 inponetur
934 1779 1164 1839 insuetis,
1213 1779 1481 1840 inponetur
1527 1777 1760 1841 indignis.
1830 1779 1939 1840 quis

245 1852 470 1900 dominos
494 1853 621 1900 feret
645 1869 769 1915 quos
788 1852 1000 1901 victoria
1024 1851 1214 1900 dederit
1237 1851 1490 1914 superbos,
1506 1852 1678 1912 statos,
1695 1850 1940 1900 offensos?

245 1926 378 1988 quod
398 1925 711 1974 moderamen
728 1928 915 1989 poterit
938 1926 1128 1988 sperari
1151 1924 1378 1975 servitii?
1403 1926 1635 1987 qualesve
1657 1925 1757 1988 ipsi
1779 1926 1940 1973 futuri

245 2002 362 2047 sunt
401 2016 523 2062 quos
563 2001 889 2049 secundarum
926 2017 1090 2048 rerum
1132 2001 1325 2048 elatura
1363 1999 1594 2062 superbia
1625 2002 1701 2047 est
1739 2001 1790 2048 et
1825 2001 1940 2062 post

242 2073 619 2121 inimicitiarum
668 2075 806 2124 virus
854 2076 1024 2123 secuta
1071 2073 1423 2122 dominationis
1474 2072 1778 2122 auctoritas?
1839 2089 1938 2121 non
1969 2084 2012 2118 25

243 2147 346 2195 iam
385 2150 642 2212 exigentur
686 2150 819 2197 iusta
859 2149 917 2197 de
965 2150 1119 2197 servis
1166 2149 1425 2210 obsequia,
1487 2148 1573 2196 sed
1620 2148 1679 2195 de
1725 2147 1937 2196 addictis

243 2221 470 2270 hostibus
509 2237 708 2284 poenae.
756 2223 883 2270 mori
913 2224 1103 2285 potius,
1144 2223 1296 2284 cives,
1334 2222 1534 2285 placeat
1565 2236 1717 2284 quam
1755 2221 1935 2270 servire

243 2295 436 2343 victori.
497 2298 685 2358 patria,
722 2296 911 2358 inquit,
959 2298 1162 2357 amissa,
1209 2297 1301 2344 hoc
1341 2298 1417 2344 est
1452 2295 1647 2358 perdita
1685 2295 1937 2357 libertate3

243 2369 370 2417 liber
408 2371 539 2418 enim
577 2370 727 2418 habet
757 2372 995 2432 patriam,
1036 2387 1184 2433 quam
1223 2386 1322 2418 non
1359 2369 1510 2417 habet
1545 2384 1738 2430 servus,
1775 2384 1935 2432 usque

245 2443 367 2492 adeo
406 2446 464 2491 ut
503 2445 589 2506 qui
627 2445 822 2506 plenam
868 2445 1134 2507 sumpserit
1173 2461 1202 2492 a
1242 2444 1440 2493 domino
1486 2444 1769 2491 libertatem
1818 2442 1934 2492 civi-
1967 2454 2010 2487 30

363 2561 388 2599 3
423 2562 635 2612 parserat
667 2555 706 2598 V
739 2569 852 2599 corr.
890 2555 960 2599 ed.
1015 2556 1017 2611 ξ
1077 2562 1141 2600 est
1177 2557 1372 2600 subiecto
1406 2554 1445 2597 V
1484 2560 1547 2599 est
1576 2556 1821 2599 subiectum
1851 2567 1934 2597 nos

244 2621 307 2659 est
349 2621 390 2659 et
430 2629 463 2659 s.
510 2616 580 2658 ed.
640 2616 643 2673 ἶ
710 2616 868 2659 vestris
906 2613 948 2655 V
993 2617 1159 2659 uostris
1206 2615 1277 2658 ed.
1337 2615 1341 2671 Ι
1407 2619 1548 2658 totum
1586 2613 1628 2655 V
1674 2619 1770 2658 tum
1816 2613 1933 2656 edF.

243 2679 270 2717 4
302 2688 483 2730 campos
506 2674 548 2717 V
573 2688 685 2718 corr.
712 2674 783 2717 ed.
904 2678 927 2716 7
962 2674 1187 2718 Hetruria
1217 2676 1269 2717 in
1304 2675 1510 2718 Turnum
1541 2672 1613 2716 ed.
1728 2676 1783 2714 15
1814 2673 1935 2729 coyi-

242 2748 346 2777 mur
369 2733 422 2777 V.
548 2738 603 2776 18
627 2734 830 2790 proditio
862 2732 933 2775 ed.
1058 2737 1110 2776 19
1142 2733 1343 2777 seviendi
1364 2732 1407 2775 V
1431 2746 1544 2776 corr.
1570 2731 1640 2775 ed.
1685 2731 1689 2788 Ι
1737 2732 1798 2775 sit
1825 2732 1856 2775 i.
1882 2744 1932 2787 p.

242 2806 334 2836 sese
357 2792 400 2834 V
430 2794 459 2835 i.
488 2806 534 2848 p.
568 2807 614 2837 se
644 2794 704 2836 sit
735 2792 805 2836 ed.
928 2795 982 2834 21
1016 2793 1234 2846 plurimis
1272 2797 1314 2835 et
1349 2791 1600 2847 imponitur
1629 2791 1821 2834 insuetis
1850 2791 1934 2834 im-

238 2853 432 2906 ponitur
463 2851 534 2894 ed.
658 2856 713 2895 23
745 2852 860 2907 ipsis
882 2850 924 2893 V
950 2863 1063 2893 corr.
1091 2851 1160 2895 ed.
1277 2855 1333 2893 24
1364 2851 1457 2894 siut
1488 2849 1802 2904 superscripta
1834 2847 1861 2875 V
1892 2848 1934 2889 V

242 2912 337 2954 sint
367 2910 437 2953 ed.
543 2915 597 2953 25
630 2912 757 2955 virus
780 2909 821 2952 V
851 2910 968 2954 vires
999 2910 1069 2953 ed.
1178 2913 1233 2952 30
1266 2910 1345 2965 qui
1366 2909 1408 2951 V
1439 2914 1491 2953 ut
1520 2909 1599 2964 qui
1630 2921 1743 2951 corr.
1770 2907 1885 2951 edF.
1923 2907 1927 2965 Ι

243 2971 430 3013 sumerit
458 2969 512 3012 V.
