2050 3226
804 187 1109 233 AENnmos
1139 186 1206 232 x1
1741 192 1850 246 439

158 329 343 376 ‘meritis
380 331 617 376 sustentat
645 329 787 388 fama
818 328 1052 388 tropaeis:
1090 329 1233 377 erant
1261 328 1316 376 in
1345 327 1436 376 illa
1471 328 1851 392 congregatione

160 402 388 451 nonnulli
412 402 498 464 qui
522 402 682 450 Turni
704 403 875 452 favore
900 402 1210 452 ducerentur.
1261 401 1514 450 faciebant
1535 403 1629 451 hoc
1651 405 1852 467 reginae

160 477 347 540 gratia,
393 475 533 525 cuius
572 492 751 525 nomen
789 476 965 525 umbra
1003 475 1220 539 quadam
1258 475 1401 524 illam
1441 475 1743 525 extenuabat
1778 478 1851 524 in-

159 550 368 612 vidiam,
400 551 452 599 et
481 549 691 598 eundem
716 550 880 599 virum
915 550 1232 600 sustentabat
1263 551 1635 614 aliquantulum
1666 552 1852 614 superi-

109 644 129 677 5
160 625 258 674 oris
296 623 533 688 temporis
572 625 708 674 fama
746 627 797 673 et
834 640 1067 694 numerus
1099 626 1432 688 tropaeorum.
1502 624 1768 674 obumbrat
1805 628 1855 674 et

159 700 408 748 sustentat
446 715 682 763 magnam
728 700 782 747 in
821 699 976 747 Turni
1014 698 1240 762 partibus
1281 699 1677 762 desperationem
1717 714 1854 747 mon-

159 774 344 835 strant3
393 789 509 821 nam
557 773 822 821 obumbrat
860 773 987 821 nihil
1025 773 1245 823 validum
1289 773 1559 838 significat,
1606 774 1855 822 sustentat

159 848 326 896 autem
371 847 564 895 nullam
609 847 944 896 substantiam
989 847 1269 896 securitatis
1310 847 1557 910 admittit3
1610 863 1728 895 nam
1766 847 1854 895 ubi

159 920 353 984 aliquid
391 924 467 970 est
505 921 638 983 quod
676 938 764 984 per
809 937 861 970 se
901 923 1032 970 stare
1070 937 1170 970 non
1208 921 1388 984 possit,
1435 920 1750 971 adminiculis
1790 922 1855 970 ad

39 1018 48 1042 ‹
86 1015 129 1049 ιο
158 997 353 1058 tempus
385 996 570 1044 fultum
604 997 914 1045 sustentatur
937 998 987 1044 et
1015 997 1229 1060 regitur,
1262 1012 1389 1058 quae
1421 997 1465 1045 si
1496 996 1720 1045 detracta
1750 996 1854 1044 fue-

157 1069 282 1131 rint,
334 1069 469 1118 cadit
507 1071 558 1119 et
595 1069 845 1119 desertum
886 1070 1085 1119 auxiliis
1122 1072 1284 1118 terrae
1323 1071 1669 1133 prosternitur.
1746 1085 1855 1119 ecce

159 1145 388 1207 exposuit
438 1144 561 1207 quid
614 1145 682 1193 sit
733 1145 927 1208 fragor3
980 1144 1267 1207 strepebant
1320 1146 1453 1193 enim
1504 1148 1672 1207 partes
1727 1160 1854 1206 quae

159 1218 367 1268 diversis
407 1219 586 1267 studiis
632 1218 941 1280 nitebantur,
987 1234 1045 1267 ex
1092 1235 1305 1281 quarum
1350 1219 1582 1268 conflictu
1626 1221 1677 1267 et
1713 1218 1854 1268 vario

160 1308 215 1341 ac
246 1293 439 1341 diverso
472 1292 831 1341 sententiarum
859 1294 1000 1341 motu
1030 1307 1241 1357 magnus
1273 1293 1446 1357 fragor
1476 1292 1742 1342 oriebatur.

38 1400 40 1404 v
86 1384 128 1421 15
277 1367 387 1415 Hos
424 1367 550 1415 inter
578 1370 756 1423 metue,
796 1368 952 1415 medio
983 1367 1038 1414 in
1067 1368 1308 1427 tlayrante
1339 1368 1547 1415 tumultu
1579 1382 1679 1416 ecce
1708 1381 1856 1427 super
1871 1373 1957 1414 225

158 1442 331 1490 maesti
351 1456 534 1501 magna
557 1441 812 1490 Diomedis
836 1443 898 1490 ab
928 1442 1048 1489 urbe
1073 1441 1216 1502 leyati
1242 1454 1478 1502 responsa
1505 1442 1695 1501 ferunt:
1724 1440 1856 1490 inter

157 1515 271 1577 hos,
316 1515 506 1577 inquit,
552 1517 715 1564 motus
764 1531 887 1578 quos
927 1531 1080 1579 supra
1118 1515 1400 1578 descripsit,
1451 1531 1621 1564 eorum
1667 1516 1856 1564 scilicet

159 1589 249 1652 qui
272 1605 331 1637 ex
353 1589 566 1652 publicis
591 1589 813 1639 cladibus
838 1590 1038 1638 fuerant
1060 1591 1229 1651 fracti,
1259 1589 1483 1638 adcrevit
1506 1589 1643 1638 aliud
1665 1590 1856 1638 malum

159 1664 293 1726 quod
316 1664 593 1712 cumularet
615 1663 779 1713 clades
803 1665 1045 1713 inventas.
1092 1664 1358 1728 flagrante,
1387 1664 1575 1726 inquit,
1605 1665 1854 1712 tumultu:

71 1755 129 1788 -20
157 1738 340 1802 flagrat
378 1737 615 1801 quicquid
654 1739 707 1787 vi
748 1738 950 1788 maioris
982 1738 1167 1787 doloris
1200 1739 1499 1787 accenditur.
1546 1753 1655 1787 ecce
1687 1753 1854 1801 super:

159 1827 268 1861 ecce
307 1813 561 1861 nonnullis
592 1813 714 1861 locis
748 1813 871 1875 quid
894 1813 1139 1877 significet
1168 1813 1506 1876 exposuimus,
1543 1829 1660 1860 nam
1694 1813 1855 1875 inopi-

159 1888 334 1934 natum
372 1888 697 1949 praenuntiat
735 1888 925 1936 malum
964 1889 1015 1936 et
1044 1902 1196 1951 grave
1229 1888 1350 1935 satis
1387 1902 1444 1935 ac
1474 1887 1760 1948 vehemenS,
1799 1889 1857 1935 ut

160 1955 235 2023 (2,
255 1958 387 2024 203)
420 1976 566 2022 „ecce
605 1963 774 2010 autem
813 1962 1000 2026 gemini
1031 1978 1061 2010 a
1092 1961 1288 2010 Tenedo
1320 1961 1600 2024 tranquilla
1629 1978 1719 2023 per
1749 1961 1855 2010 alta

160 2028 412 2101 (horresco
443 2029 682 2101 referens)
721 2036 959 2085 inmensis
993 2035 1193 2084 orbibus
1227 2051 1413 2099 angues
1444 2035 1742 2084 incumbunt
1772 2051 1853 2098 pe-

85 2124 128 2158 25
160 2107 313 2172 lago“
360 2110 410 2157 et
457 2102 531 2176 (2,
559 2103 690 2175 526)
737 2125 883 2171 „ecce
931 2113 1098 2158 autem
1143 2110 1341 2172 elapsus
1387 2110 1570 2172 Pyrrhi
1608 2109 1667 2158 de
1706 2110 1853 2158 caede

159 2182 382 2231 Polites“
422 2185 472 2232 et
510 2177 583 2249 (8,
607 2177 739 2251 228)
777 2200 925 2245 „ecce
964 2184 1133 2232 furens
1172 2184 1352 2232 animis
1391 2183 1566 2233 aderat
1603 2183 1854 2247 Tirynthi-

159 2256 269 2306 us“.
338 2259 391 2306 in
441 2258 691 2321 praesenti
731 2274 928 2320 quoque
978 2274 1078 2307 non
1125 2257 1387 2306 dubitatur
1431 2275 1531 2307 non
1576 2259 1679 2306 iam
1724 2272 1855 2306 nova

160 2331 370 2381 adversa
399 2332 479 2380 vel
510 2332 639 2393 sola,
679 2332 764 2380 sed
798 2332 899 2381 illis
933 2348 1062 2395 quae
1091 2333 1194 2380 iam
1225 2333 1428 2381 fuerant
1456 2333 1536 2382 vel
1568 2348 1695 2394 quae
1726 2333 1853 2380 trac·

160 2407 295 2455 tatus
334 2405 512 2454 habuit
543 2405 790 2454 deteriora
829 2406 1190 2469 supervenisse:
1229 2422 1329 2455 non
1369 2406 1500 2455 enim
1537 2407 1685 2455 vacat
1720 2405 1855 2468 quod

2 2491 3 2496 ’
86 2496 130 2529 3ο
161 2481 284 2528 dixit
322 2496 430 2529 ecce
469 2495 637 2543 super,
677 2495 786 2528 cum
828 2480 1050 2530 cladibus
1087 2481 1242 2530 tantis
1290 2497 1390 2530 non
1428 2481 1721 2539 remedium,
1769 2478 1854 2527 sed

161 2557 487 2618 augmentum
531 2554 782 2603 videretur
827 2555 1066 2604 adlatum.
1142 2571 1325 2619 magna
1375 2554 1554 2603 maesti
1598 2552 1853 2602 Diomedis

280 2672 305 2710 2
336 2667 538 2722 faciebat
567 2667 639 2710 ed.
739 2671 765 2710 6
797 2671 1018 2711 monstrat
1038 2666 1081 2710 V
1104 2666 1176 2712 ed.
1209 2671 1468 2711 monstrant
1496 2665 1552 2708 cf.
1581 2670 1620 2718 7,
1640 2668 1724 2707 292
1755 2677 1852 2707 nos.

162 2730 187 2770 9
220 2727 469 2782 aliquidem
485 2726 528 2770 V
551 2725 731 2781 aliquid
754 2730 818 2770 est
840 2725 912 2769 ed.
949 2726 953 2784 Ι
982 2727 1232 2782 persis-tare
1249 2726 1291 2769 V
1316 2739 1428 2769 corr.
1455 2725 1526 2768 ed.
1614 2729 1666 2767 11
1693 2737 1853 2767 ecce—-

163 2790 218 2829 13
249 2786 514 2830 nitebantur
545 2799 633 2828 om.
660 2784 731 2829 ed.
833 2789 887 2828 12
918 2786 1141 2841 strepebat
1163 2785 1218 2829 V.
1318 2790 1370 2828 13
1402 2784 1633 2827 nitebatur
1655 2782 1710 2826 V.
1759 2783 1763 2840 ᾔ
1814 2787 1856 2827 et

161 2846 290 2889 vario
332 2859 388 2889 ae
420 2844 464 2888 V
503 2845 634 2889 vario
676 2849 717 2887 et
759 2843 875 2887 edF.
1006 2848 1061 2888 14
1103 2850 1224 2890 metu
1267 2843 1339 2887 ed.
1462 2847 1516 2886 15
1559 2844 1610 2886 in
1653 2855 1742 2885 om.
1781 2841 1853 2885 ed.

163 2909 217 2947 21
251 2905 303 2947 in
334 2903 445 2948 locis
475 2903 546 2948 ed.
677 2907 732 2946 22
772 2903 958 2947 nwntiat
996 2903 1068 2947 ed.
1199 2908 1255 2947 24
1286 2903 1485 2947 horrisco
1508 2901 1550 2944 V
1581 2902 1853 2945 horresco—

155 2964 320 3019 pelayo
351 2976 439 3006 om.
465 2963 536 3006 ed.
630 2966 684 3005 27
717 2963 769 3005 in
791 2963 1028 3018 praesenti
1048 2962 1091 3004 V
1112 2976 1237 3007 nunc
1261 2962 1331 3005 ed.
1422 2963 1475 3004 31
1509 2961 1713 3004 ablatum
1745 2959 1814 3003 ed.
1845 2959 1851 3018 Ι

163 3035 333 3079 mayna
363 3023 522 3066 maesti
545 3021 586 3065 V
616 3021 687 3065 ed.
721 3021 771 3064 in
801 3021 955 3066 lemm.
987 3021 1220 3066 inversum
1251 3023 1305 3064 ut
1336 3020 1386 3063 in
1416 3019 1554 3076 Verg.
1589 3018 1734 3063 libris.
