2050 3226
239 173 313 226 20
715 169 949 215 DONATI
978 168 1464 214 1NTERPR.VERG.

240 309 469 359 dentibus
523 311 682 358 teneri
733 325 833 358 non
886 311 1068 372 posset.
1159 313 1202 357 et
1259 310 1443 357 violare
1494 323 1650 357 manu
1699 308 1938 369 malleisque

138 394 223 435 115
240 385 512 433 audaeibus
550 385 711 432 orbem
747 384 920 444 fatalis
959 384 1110 432 crusti
1135 384 1329 443 patulis
1366 397 1453 431 nee
1483 396 1688 443 parcere
1718 382 1935 442 quadris‘,
2027 384 2029 386 ’

238 459 357 507 heus
366 459 389 522 !v
438 459 582 506 etiam
619 471 815 506 mensas
854 457 1204 514 consumimus,
1242 458 1402 516 inquit
1437 457 1607 504 Iulus:
1673 455 1813 504 Iulus
1850 455 1939 504 ubi
2044 470 2045 478 ¹

239 531 368 581 vidit
412 531 742 580 Troianorum
791 531 974 579 famem
1020 530 1109 578 illo
1156 546 1312 594 usque
1357 531 1670 593 perductam,
1715 532 1775 578 ut
1809 530 1940 578 hane
2049 583 2050 593 ἶ

238 605 500 670 sacrilegio
540 605 827 669 extinguere
865 605 1172 667 laborarent,
1204 605 1451 668 ingemuit
1487 620 1612 667 puer
1649 606 1700 652 et
1738 620 1796 652 ex
1835 604 1939 652 alto
2031 607 2033 609 ’

158 689 162 692 ’
238 680 460 728 dolorem
509 680 711 728 trahens
762 679 854 727 ait:
906 678 1149 743 gemenda
1193 679 1398 727 fortuna
1442 680 1636 740 nostra,
1684 694 1811 740 quae
1849 693 1939 726 nos
2038 671 2044 702 f

239 753 303 802 ad
341 755 614 818 egestatem
651 754 847 801 tantam
884 754 994 815 pios
1032 752 1388 816 religiososque
1426 752 1682 816 perduxit,
1712 754 1773 800 ut
1807 751 1941 814 quod

240 827 467 877 venerari
535 827 674 876 soliti
741 842 907 875 sumus
967 827 1306 876 inreverenter
1366 842 1605 890 cogamur
1665 825 1938 874 adsumere.

239 916 326 950 nec
369 903 523 962 plara
573 901 833 956 adladem,
883 915 940 949 ea
988 915 1080 948 voa:
1131 901 1303 949 audita
1349 901 1571 949 laborum
1612 901 1783 961 prima
1833 900 1943 948 tulit

238 977 388 1035 finem
426 976 736 1035 primamque
782 975 1014 1034 loquentis
1061 975 1122 1023 ab
1169 989 1250 1022 ore
1292 975 1471 1034 eripuit
1505 978 1649 1034 pater
1687 989 1746 1022 ae
1782 977 1941 1034 stupe·
2021 989 2030 1035 ξ

238 1050 401 1110 factus
430 1050 631 1097 nmine
659 1049 866 1108 pressit:
914 1064 1012 1096 non
1044 1047 1253 1111 perfecit
1288 1048 1423 1110 quod
1454 1048 1649 1097 dicebat
1679 1047 1942 1109 Ascanius,
2027 1100 2030 1105 Δ

241 1123 327 1172 sed
375 1139 436 1171 ne
486 1138 562 1171 res
613 1122 889 1171 necessario
941 1122 1075 1170 dicta
1120 1124 1396 1171 verteretur
1440 1123 1491 1170 in
1537 1123 1724 1183 iocum,
1770 1137 1942 1170 vocem
2031 1137 2036 1149 ·

239 1198 346 1246 eius
398 1196 613 1259 primam
667 1197 818 1245 altius
870 1196 1115 1244 intellexit
1167 1199 1311 1258 pater
1362 1212 1419 1244 ac
1467 1197 1634 1244 tenuit
1687 1198 1839 1258 atque
1888 1197 1943 1243 in

240 1270 531 1320 memoriam
568 1285 804 1319 revocans
843 1270 1152 1332 praedictam
1190 1271 1373 1318 famem
1405 1270 1594 1318 dictum
1624 1271 1834 1318 miratus
1867 1271 1944 1318 est

240 1345 377 1393 illius
411 1344 590 1393 aetatis
623 1347 672 1392 et
704 1344 838 1407 apud
869 1360 920 1393 se
953 1345 1088 1407 quod
1120 1343 1402 1393 adverterat
1431 1344 1632 1406 pressit,
1665 1345 1735 1392 sic
1767 1343 1943 1392 deinde

141 1430 225 1470 120
242 1420 408 1481 erupit
437 1419 490 1466 in
521 1433 711 1467 vocem:
758 1418 912 1475 salve,
950 1419 1072 1478 fatis
1108 1419 1228 1466 mihi
1266 1419 1427 1466 debita
1458 1419 1597 1466 tellus
1627 1432 1823 1477 vosque,
1857 1419 1941 1475 ait,

242 1507 269 1541 ο
319 1493 410 1552 fidi
456 1493 634 1540 Troiae
681 1492 858 1540 salvete
900 1493 1129 1552 penates!
1213 1507 1325 1540 cum
1368 1493 1490 1540 haec
1540 1491 1663 1540 dicit
1712 1495 1761 1540 et
1810 1507 1943 1540 nunc

243 1567 434 1616 salutat
463 1566 672 1614 fatalem
700 1568 900 1627 terram,
932 1581 1083 1628 quam
1115 1565 1234 1613 olim
1257 1566 1423 1614 videre
1455 1565 1702 1628 cupiebat,
1726 1567 1944 1614 ostendit

243 1656 294 1689 se
345 1643 534 1688 certum
584 1656 684 1688 non
731 1640 985 1701 habuisse,
1040 1655 1151 1688 cum
1200 1639 1406 1688 fluvium
1455 1640 1631 1688 fuisset
1675 1641 1942 1703 ingressus.

243 1715 466 1763 continuo
506 1730 621 1776 ergo
663 1713 755 1762 ait:
796 1714 931 1762 salve
968 1717 1105 1762 terra
1143 1714 1363 1762 fatorum
1399 1713 1525 1761 mihi
1562 1714 1822 1762 voluntate
1861 1714 1942 1761 de·
1974 1729 2019 1763 zo

243 1791 399 1847 creta,
446 1788 633 1836 salvete
673 1787 744 1835 dii
781 1790 1008 1851 penates,
1055 1787 1142 1850 qui
1180 1788 1305 1836 mihi
1341 1787 1489 1836 fidem
1527 1803 1645 1836 vera
1682 1788 1942 1850 pronunti-

244 1862 373 1910 ando
425 1862 673 1911 servastis.
749 1862 825 1909 hic
875 1862 1067 1918 domas,
1118 1862 1235 1910 haee
1271 1863 1444 1922 patria
1491 1865 1582 1910 est:
1642 1862 1764 1910 haec
1809 1862 1943 1910 dicta

242 1936 390 1998 plena
439 1936 777 1998 gratulatione
827 1936 1209 1998 proferebantur
1258 1937 1308 1984 et
1353 1951 1411 1984 ea
1456 1936 1617 2000 magis
1669 1951 1842 1997 causa,
1886 1939 1944 1984 ut

243 2010 513 2059 securiores
553 2009 779 2057 redderet
818 2025 954 2071 suos,
995 2010 1127 2072 quod
1157 2008 1431 2073 navigandi
1460 2010 1563 2057 iam
1594 2025 1651 2058 ac
1682 2006 1944 2059 laborandi

242 2082 507 2131 necessitas
539 2083 717 2132 fuisset
747 2083 1025 2146 absumpta.
1085 2084 1218 2146 quod
1247 2086 1307 2132 ut
1328 2083 1487 2147 magis
1513 2083 1746 2145 probaret
1768 2100 1942 2132 verum
2024 2104 2027 2126 ,·

244 2172 371 2216 esse,
403 2157 598 2206 addidit
634 2159 873 2219 paternae
917 2157 1190 2206 sententiae
1227 2158 1515 2205 firmitatem
1556 2158 1720 2205 dicens
1756 2159 1944 2218 yenitor

242 2230 363 2278 mihi
400 2231 523 2278 talia
559 2245 769 2290 namque
817 2232 971 2290 (nanc
1007 2235 1187 2291 repeto)
1226 2230 1463 2279 Anchises
1500 2232 1715 2290 fatorum
1755 2245 1966 2279 arcana.

242 2304 460 2363 reliquit:
497 2303 643 2353 modo
675 2304 814 2366 mihi,
844 2306 1026 2367 inquit,
1050 2305 1260 2353 veniunt
1289 2306 1342 2352 in
1371 2307 1587 2352 mentem
1619 2304 1753 2371 dicta
1783 2304 1941 2367 patris

244 2378 365 2439 mei,
405 2393 531 2439 quae
570 2378 693 2425 mihi
731 2394 790 2426 ex
827 2379 1045 2427 fatorum
1085 2379 1277 2427 arcanis
1315 2378 1593 2440 intimavit3
1640 2378 1766 2425 dixit
1812 2379 1943 2426 enim

145 2461 228 2501 125
246 2466 354 2500 cum
400 2455 462 2507 te,
503 2455 635 2507 nate,
675 2453 832 2510 fames
877 2453 1042 2512 ignota
1088 2453 1154 2500 ad
1200 2453 1342 2499 litora
1383 2455 1567 2500 vectam
1607 2453 1779 2500 accisis
1818 2455 1945 2513 coqet
1974 2466 1993 2498 3

367 2625 390 2663 1
426 2626 571 2665 tenere
594 2620 636 2663 V
660 2634 773 2664 corr.
802 2621 871 2664 ed.
975 2626 999 2664 3
1030 2622 1137 2665 heus
1161 2620 1215 2664 V:
1250 2621 1458 2665 Donatus
1482 2623 1568 2666 heu
1591 2622 1942 2678 interpretatur,

248 2693 358 2736 ergo
399 2682 481 2723 aut
518 2679 607 2723 hoc
646 2679 940 2723 scribendum
982 2694 1086 2724 cum
1126 2680 1196 2723 ed.
1235 2682 1317 2723 aut
1349 2694 1453 2724 eum
1484 2682 1592 2725 heus
1625 2683 1671 2725 et
1701 2683 1788 2726 heu
1817 2681 1943 2724 idem

247 2741 438 2794 putasse
470 2739 770 2782 statuendum
803 2741 885 2783 est.
973 2744 998 2783 6
1030 2745 1188 2783 nostra
1212 2739 1369 2783 ested.
1464 2745 1518 2783 10
1551 2740 1863 2796 aetaperfatas
1885 2739 1942 2783 V.

248 2803 305 2843 15
348 2798 476 2853 apud
512 2811 557 2842 se
596 2798 714 2853 quod
749 2797 789 2840 V
832 2798 950 2853 quod
988 2812 1135 2842 seeum
1181 2798 1251 2841 ed.
1304 2799 1308 2857 Ι
1366 2805 1587 2844 averterat
1618 2798 1657 2841 V
1691 2811 1821 2853 corr.‚
1861 2798 1942 2841 sed

242 2858 412 2913 pressit
440 2858 613 2900 temere
645 2857 846 2900 mutavit
877 2856 947 2900 ed.
1073 2862 1126 2900 16
1161 2859 1289 2913 rapit
1319 2857 1360 2900 V
1393 2858 1463 2902 ed.
1517 2858 1520 2916 Ι
1579 2858 1794 2902 continuo
1833 2858 1941 2900 ante

248 2916 370 2959 salve
409 2916 566 2971 inepte
602 2914 798 2959 inseruit
830 2916 922 2960 ed.:
964 2916 1174 2959 ordinem
1205 2917 1548 2972 interpretandi
1579 2917 1694 2959 Don.
1727 2916 1939 2959 mutavit.

252 2979 305 3017 22
338 2975 447 3019 haee
474 2976 632 3030 patria
664 2974 705 3018 V
735 2976 808 3018 hic
834 2988 881 3031 p.
915 2974 986 3019 ed.
1111 2980 1165 3019 25
1198 2977 1406 3020 absumta
1436 2975 1478 3019 V
1511 2989 1599 3019 om.
1632 2974 1702 3018 ed.
