2050 3226
54 980 96 1013 10

53 1350 96 1383 15

52 1720 96 1753 20

53 2090 96 2123 25

773 155 1078 201 AENEIDos
1109 156 1171 200 1x
1711 159 1820 214 253

130 298 406 346 accesserat
443 295 582 345 aliud
622 295 754 359 quod
785 298 1066 360 gemeretur
1095 296 1432 358 vehementer,
1472 296 1607 358 quod
1636 297 1822 346 iaceret

127 371 404 434 insepultus
443 369 630 435 ignotis
669 371 723 418 in
760 371 927 432 terriS‚
965 370 1169 419 relictus
1208 372 1258 418 et
1296 369 1500 419 canibus
1538 369 1732 419 Latinis
1772 373 1822 420 et

129 445 302 495 avibus
333 444 534 508 praeda.
603 444 806 493 dolebat
843 459 960 509 ergo
998 443 1173 493 mortis
1213 445 1319 493 eius
1358 443 1654 506 accidentia,
1696 461 1821 507 quae

127 520 287 584 magis
320 518 523 568 orbatae
554 520 727 582 pectus
760 518 974 567 validius
998 518 1353 581 vulnerabant3
1393 519 1434 567 si
1466 519 1599 566 enim
1621 519 1822 583 ignotae

127 596 290 642 terrae
319 608 418 641 non
450 595 634 654 essent,
665 592 912 655 potuisset
943 592 1149 642 existere
1182 593 1270 655 qui
1299 592 1409 642 noti
1432 593 1580 641 funus
1605 593 1824 641 traderet

127 668 429 731 sepulturae,
468 668 556 731 qui
587 668 800 730 eriperet
831 666 1034 716 canibus
1067 669 1118 716 et
1148 666 1352 716 alitibus
1384 663 1422 732 †
1445 667 1655 716 tradam.
1714 667 1821 715 ubi-

128 756 339 804 cumque
386 743 462 790 est
506 742 606 789 heu
651 740 875 804 separari
914 757 944 789 a
983 741 1162 790 ceteris
1209 740 1376 803 debet3
1427 741 1650 790 adfectus
1691 742 1823 789 enim

127 815 342 864 dolentis
381 831 412 864 a
449 815 712 865 verborum
750 815 1063 864 contextione
1103 815 1428 864 secernendus
1467 817 1554 864 est.
1632 829 1720 864 nee
1757 819 1824 863 te:

125 890 208 938 hic
254 905 474 953 quoque;
522 889 662 939 aliud
709 890 842 938 enim
887 890 1053 939 fuerat
1098 889 1293 938 dictura
1338 891 1389 938 et
1427 889 1566 938 aliud
1613 889 1824 939 subiecit

127 963 341 1013 dolentis
380 980 531 1014 more.
609 968 696 1012 tua
733 965 915 1025 funera
951 967 1108 1013 mater
1137 964 1379 1024 produxi:
1417 980 1507 1012 nec
1544 965 1711 1026 tuum,
1749 964 1823 1011 in-

127 1037 254 1102 quit,
284 1039 433 1086 funus
464 1040 729 1102 prosecuta
768 1054 893 1088 sum.
953 1039 1176 1099 pressive
1206 1038 1387 1095 oeulos,
1419 1039 1514 1087 hoc
1546 1040 1622 1086 est
1651 1039 1823 1099 clausi,

126 1115 214 1161 aut
241 1113 449 1161 vulnera
480 1113 582 1161 lavi
610 1115 736 1161 veste
767 1116 949 1174 teyens:
987 1114 1076 1161 aut
1105 1113 1263 1161 ictum
1300 1113 1425 1174 lavi,
1465 1128 1563 1176 quo
1603 1112 1824 1161 cecidisti

125 1187 399 1250 perfossuS‚
449 1188 539 1235 aut
586 1188 723 1236 veste
773 1188 982 1236 contexi.
1068 1187 1254 1236 transit
1310 1186 1374 1234 ad
1424 1187 1577 1235 aliam
1640 1186 1823 1236 doloris

126 1262 322 1324 partem
366 1261 458 1309 illa
504 1277 631 1324 quae
677 1276 729 1310 se
776 1261 970 1309 dixerat
1021 1261 1207 1310 solacia
1252 1260 1526 1324 perdidisse
1573 1260 1825 1310 evidenter

126 1350 439 1384 enumerans:
477 1335 564 1383 tibi
594 1350 742 1395 quam
771 1339 930 1384 noctes
958 1335 1141 1396 festina
1170 1335 1365 1396 diesque
1393 1336 1626 1396 uryebam
1658 1339 1701 1383 et
1730 1335 1825 1383 tela

127 1423 273 1458 curas
322 1409 521 1458 solabar
570 1409 746 1458 anilis:
798 1410 878 1457 tui
930 1424 1103 1471 causa,
1155 1409 1344 1472 inquit,
1398 1410 1503 1459 vixi
1555 1411 1606 1458 et
1657 1409 1823 1458 vivere

126 1483 298 1546 optavi
336 1483 498 1532 solum
534 1483 721 1532 habens
758 1484 812 1531 in
850 1485 900 1531 te
950 1485 1002 1532 et
1036 1484 1090 1532 in
1127 1483 1344 1532 lanificio
1392 1483 1650 1546 solacium,
1691 1483 1825 1546 quod

124 1573 214 1606 nec
258 1557 311 1605 in
357 1558 468 1606 luce
515 1557 684 1606 dimisi
728 1574 818 1606 nec
855 1559 1015 1607 noctis
1060 1558 1316 1607 occasione
1356 1558 1564 1608 deserui.
1639 1559 1823 1606 iterum

126 1630 190 1679 ad
237 1632 395 1680 alium
439 1631 624 1680 doloris
669 1631 865 1696 rapitur
901 1632 1125 1681 modum:
1176 1647 1267 1692 quo
1305 1633 1515 1694 sequar?
1576 1635 1664 1680 aut
1700 1646 1823 1692 quae
1840 1636 1926 1677 490

124 1720 256 1755 nune
287 1709 425 1755 artus
449 1707 716 1766 avulsaque
737 1707 956 1756 membra
987 1710 1031 1755 et
1056 1707 1213 1767 fanus
1237 1707 1450 1755 lacerum
1480 1706 1620 1754 tellus
1649 1707 1822 1755 habet?

127 1795 225 1843 quo
272 1795 473 1843 sequar,
523 1796 637 1829 cum
687 1781 854 1830 omnia
901 1782 1121 1829 retinent
1168 1780 1371 1830 hostes?
1432 1782 1522 1828 aut
1573 1780 1822 1843 quomodo

126 1855 232 1902 sine
278 1856 442 1918 capite
489 1870 547 1903 ac
591 1855 838 1904 laniatum
884 1871 1062 1918 corpus
1108 1853 1407 1918 inspiciam?
1465 1855 1588 1903 bene
1628 1854 1824 1903 addidit

125 1928 343 1976 lacerum
400 1944 601 1992 corpus3
659 1929 830 1978 debuit
883 1929 1013 1978 enim
1066 1932 1229 1978 mater
1283 1931 1333 1978 et
1377 1929 1546 1992 potuit
1595 1929 1821 1992 quamvis

125 2004 380 2064 truncum,
412 2003 485 2050 fili
517 2018 667 2067 agens
700 2003 872 2065 funuS‚
912 2019 1202 2068 agnoscere,
1243 2005 1284 2053 si
1321 2003 1568 2052 inlaesum
1607 2003 1821 2067 reperire
1910 2028 1916 2033 ·

125 2077 386 2139 potuisset.
439 2093 640 2126 rursum
670 2077 859 2126 labitur
887 2077 941 2126 in
974 2077 1126 2127 aliam
1156 2080 1370 2141 partem:
1408 2078 1495 2126 hoe
1524 2078 1643 2126 mihi
1675 2078 1734 2126 de
1764 2081 1819 2134 te,

125 2154 259 2207 nate,
306 2152 494 2211 refers?
553 2152 640 2200 hoc
676 2166 787 2200 sum
824 2155 1046 2214 terraque
1082 2153 1304 2213 marique
1341 2153 1537 2201 secuta?
1599 2168 1708 2208 cur,
1746 2151 1820 2199 in·

126 2322 330 2368 ductoris
351 2321 394 2366 V
425 2322 594 2367 doloris
624 2336 708 2366 nos
738 2324 913 2367 temere
944 2325 1058 2368 mut.
1084 2323 1155 2367 ed.
1249 2327 1274 2367 3
1306 2324 1463 2368 mortis
1485 2322 1528 2367 V
1550 2328 1739 2380 propter
1762 2338 1818 2367 m.

127 2381 198 2425 ed.
291 2386 319 2425 4
349 2383 416 2427 sie
437 2381 480 2426 V
511 2383 553 2427 si
584 2381 654 2426 ed.
741 2387 767 2426 6
799 2382 983 2427 tradam
1005 2382 1048 2426 V
1073 2396 1161 2427 om.
1187 2383 1258 2427 ed.
1284 2383 1486 2427 fortasse
1510 2383 1735 2439 praedam
1760 2394 1820 2424 an

125 2441 382 2486 traditum?
503 2445 531 2486 8
565 2442 846 2486 contextione
867 2441 910 2484 V
940 2443 1219 2487 contentione
1258 2442 1329 2487 ed.
1453 2445 1478 2485 9
1519 2443 1637 2487 enim
1671 2440 1711 2483 V
1747 2441 1817 2484 ed.

127 2499 215 2544 del.
262 2500 333 2546 ed.
378 2502 498 2556 post.
543 2500 685 2544 falso:
737 2503 844 2557 post
889 2502 962 2545 hic
1007 2515 1181 2558 quoque
1228 2501 1342 2546 audi
1396 2501 1668 2557 „separatio
1716 2499 1818 2544 fit‘⁴.

129 2564 184 2603 10
227 2564 309 2604 tua
342 2558 385 2603 V
426 2561 479 2604 in
519 2565 602 2605 tua
645 2559 716 2604 ed.
840 2565 893 2604 11
932 2561 1014 2605 hoe
1051 2566 1115 2605 est
1152 2561 1301 2606 clausi
1338 2575 1425 2605 om.
1463 2560 1534 2604 ed.
1571 2560 1741 2604 clausis
1763 2558 1814 2602 V.

129 2623 183 2662 12
226 2620 333 2674 post
378 2624 527 2676 teyens
568 2618 739 2663 lemma
779 2632 927 2675 usque
973 2619 1033 2663 ad
1078 2621 1220 2664 anilis
1266 2619 1556 2664 continuavit
1598 2618 1668 2662 ed.
1715 2632 1818 2661 cum

127 2678 515 2734 interpretatione
553 2677 863 2735 suppositicia
900 2678 1026 2732 „hoc
1061 2681 1133 2723 est
1165 2692 1316 2735 neque
1347 2681 1452 2723 tuos
1485 2677 1641 2721 oculos
1674 2676 1819 2720 clausi

127 2738 181 2780 ut
211 2737 352 2780 moris
384 2739 505 2792 est“‚
536 2737 655 2782 haec
687 2738 856 2781 desunt
893 2738 943 2782 in
973 2737 1165 2782 VHOU.
1214 2739 1218 2797 Ι
1268 2740 1407 2783 ictum
1431 2737 1472 2781 V
1503 2737 1670 2781 vulnus
1702 2736 1772 2780 ed.
1810 2737 1814 2794 Ι

129 2797 223 2840 lavi
248 2795 290 2839 V
320 2802 373 2841 ut
401 2797 503 2852 fieri
531 2798 643 2842 solet
679 2797 786 2840 add.
821 2797 892 2840 ed.
944 2797 949 2856 Ι
1006 2811 1092 2854 quo
1115 2796 1158 2840 V
1188 2812 1326 2854 quum
1359 2797 1429 2840 ed.
1553 2799 1607 2838 15
1647 2795 1818 2839 lemma

127 2855 283 2899 tibi—
307 2860 360 2899 16
394 2856 535 2901 anilis
580 2858 688 2912 post
732 2870 1003 2902 enumerans
1046 2856 1224 2900 habent
1262 2855 1438 2900 VHOU
1488 2854 1820 2910 „prosequitur

130 2913 341 2968 querelas
396 2928 503 2958 suas
561 2915 731 2960 misera
788 2917 974 2959 mate1·“
1033 2915 1276 2960 substituit
1330 2915 1401 2959 ed.
1547 2919 1600 2957 21
1655 2915 1818 2958 retine-

130 2978 212 3017 ant
242 2973 312 3016 ed.
