2050 3226
783 167 1088 214 AENEmos
1111 168 1199 213 vn
1730 171 1832 225 101

260 306 331 358 At
373 309 662 369 Messapus,
713 323 887 368 equum
932 307 1151 365 domitor,
1204 307 1458 368 Neptunia
1497 308 1685 368 proles:
1744 325 1835 357 nec

143 382 314 432 deerat
366 384 520 431 etiam
568 383 828 445 Messapus
883 381 1142 430 domandis
1198 383 1338 445 equis
1392 383 1710 431 vehementer
1760 384 1835 431 in-

142 456 346 518 sistenS‚
380 456 515 505 idem
543 457 677 506 filius
708 457 948 519 Neptuni.
1013 470 1153 516 quem
1181 470 1335 516 neque
1363 457 1446 516 fas
1475 457 1581 517 iyni
1611 457 1838 516 cuiquam

141 546 230 580 nec
276 534 486 580 sternere
533 531 690 591 ferro:
741 531 894 592 hunc,
944 530 1078 593 quod
1128 532 1258 579 esset
1302 547 1361 578 ex
1407 530 1579 579 eodem
1625 531 1838 595 genitae,

91 619 110 651 5
141 605 309 654 nullus
340 607 540 668 poterat
568 604 678 669 igni
699 605 781 654 vel
811 605 940 653 ferro
974 619 1273 653 consumere.
1318 604 1422 653 iam
1438 605 1635 664 pridem
1655 605 1839 653 resides

135 679 345 740 populos
401 679 690 739 desuetaque
743 679 861 728 bello
916 680 1116 740 aymina
1167 679 1223 726 in
1283 693 1427 727 arma
1486 682 1625 727 vocat
1683 679 1838 727 subito

140 751 449 815 [ferrumque
485 751 743 815 retractat]
749 769 768 801 .·
802 752 935 801 idem
966 752 1179 802 ducebat
1216 769 1395 817 agmen
1425 753 1683 801 hominum
1716 768 1840 816 quos

142 827 417 876 desuetudo
457 830 749 890 corruperat
787 842 846 875 ac
882 843 973 889 per
1001 828 1095 876 hoc
1125 843 1225 875 non
1255 826 1493 876 volebant
1523 826 1644 875 belli
1675 827 1840 876 subire

142 903 411 963 certamen,
441 902 522 951 vel
551 903 765 951 maxime
794 901 1068 964 repentinis
1098 900 1316 950 motibus
1349 901 1645 963 excitatum,
1684 917 1840 964 usque

69 989 112 1022 10
142 974 265 1024 adeo
320 975 573 1039 trepidum
627 992 827 1040 agmen,
880 978 938 1024 ut
990 976 1177 1024 sermm
1232 975 1524 1024 formidaret
1578 976 1840 1040 attingere.

140 1048 192 1098 hi
214 1050 550 1099 Fescenninas
588 1051 717 1099 acies
749 1064 1018 1110 aequosque
1045 1050 1293 1106 Faliscos,
1333 1050 1384 1097 hi
1413 1049 1630 1098 Soractis
1665 1050 1842 1099 habent
1857 1057 1942 1098 695

143 1138 280 1172 arces
316 1125 647 1184 Flaviniaque
686 1139 811 1173 arva
849 1127 893 1172 et
924 1123 1107 1172 Cimini
1145 1138 1254 1172 cum
1291 1127 1448 1172 monte
1486 1124 1647 1172 lacum
1689 1124 1841 1173 lucos-

143 1212 234 1258 que
281 1197 527 1259 Capenos:
580 1198 706 1247 dixit
754 1199 865 1246 loca
915 1214 975 1246 ex
1024 1197 1204 1260 quibus
1256 1196 1439 1246 diversi
1489 1192 1840 1247 convenerant.

141 1272 281 1320 ibant
317 1273 512 1332 aequati
549 1286 750 1321 numero
787 1286 1037 1333 reyemque
1068 1272 1332 1320 canebant:
1367 1271 1687 1334 reprehendit
1715 1273 1841 1321 istos

70 1357 112 1391 15
142 1348 314 1408 poeta,
353 1347 493 1409 quia,
533 1362 645 1394 cum
689 1347 820 1395 irent
858 1346 923 1394 ad
957 1346 1162 1407 bellum,
1201 1347 1374 1409 procul
1417 1345 1568 1394 dubio
1607 1347 1840 1408 periculis

141 1437 309 1468 rerum
348 1421 598 1483 expositos
637 1419 919 1469 delectabat
954 1419 1027 1468 ire
1067 1419 1339 1482 conpositis
1385 1419 1438 1468 in
1484 1419 1714 1468 ordinem
1750 1437 1841 1468 nu-

141 1495 294 1543 meris
326 1497 376 1542 et
405 1494 536 1559 regis
567 1495 696 1544 festa
725 1510 1027 1557 percurrere.
1087 1509 1171 1543 ceu
1203 1495 1448 1554 quondam
1485 1495 1617 1543 nivei
1654 1495 1842 1555 liquida

141 1569 269 1616 inter
291 1569 465 1617 nubila
496 1570 656 1630 cyyni,
689 1584 799 1617 eum
821 1583 924 1617 sese
947 1583 971 1617 ε
990 1572 1140 1629 pastu
1161 1570 1382 1629 referunt
1405 1572 1448 1616 et
1470 1569 1615 1630 lonya
1638 1583 1841 1618 canoros
1860 1578 1943 1618 700

143 1643 265 1691 dant
300 1657 394 1702 per
439 1643 562 1691 eolla
605 1643 794 1699 modos,
845 1646 988 1691 sonat
1033 1643 1196 1691 amnis
1247 1644 1291 1690 et
1338 1642 1468 1691 Asia
1514 1643 1652 1704 lonye
1688 1644 1842 1704 pulsa

69 1728 113 1761 20
134 1717 314 1777 palus:
356 1717 447 1766 hos
486 1718 736 1766 cantantis
776 1719 827 1766 et
864 1716 1119 1766 ordinibus
1161 1716 1431 1780 conpositis
1470 1717 1524 1764 in
1562 1717 1695 1766 bella
1732 1719 1839 1766 ten-

145 1790 305 1839 dentis
345 1793 586 1854 conparat
630 1793 781 1854 poeta
828 1792 995 1855 generi
1035 1792 1206 1840 avium
1245 1807 1374 1854 quae
1414 1793 1531 1840 sunt
1567 1791 1751 1840 inertes
1793 1793 1843 1840 et

144 1881 244 1914 non
293 1866 527 1914 confusae
576 1866 795 1915 volitant
843 1869 915 1927 et,
962 1867 1190 1928 quotiens
1237 1867 1383 1927 pasto
1430 1866 1600 1914 ventre
1641 1865 1840 1927 fuerint,

145 1939 430 1987 satietatem
469 1955 610 1988 suam
649 1955 858 1989 canorae
889 1939 1024 1989 vocis
1065 1939 1402 2004 gratulatione
1433 1941 1699 1989 testantur.
1756 1954 1843 1988 nec

145 2013 402 2073 quisquam
432 2017 629 2062 aeratas
653 2015 780 2062 acies
804 2028 861 2062 ex
884 2015 1076 2075 aymine
1099 2017 1231 2062 tanto
1254 2014 1447 2063 misceri
1470 2017 1621 2074 putet,
1654 2014 1843 2063 aeriam

0 2147 1 2150 Ἴ
71 2097 115 2130 85
144 2087 230 2135 sed
270 2088 458 2148 yuryite
504 2089 566 2136 ab
614 2088 710 2136 alto
754 2089 920 2149 ur9eri
964 2089 1216 2137 volucrum
1263 2103 1533 2136 raucarum
1583 2088 1650 2136 ad
1699 2088 1842 2136 litora
1861 2098 1944 2138 705

143 2162 345 2210 nubem:
393 2178 493 2210 non
537 2161 821 2210 invenietur
868 2162 958 2224 qui
1002 2164 1146 2224 putet
1183 2162 1330 2210 illum
1376 2161 1544 2212 avium
1581 2179 1843 2211 numerum

145 2235 316 2298 aliqua
364 2251 507 2298 posse
553 2237 748 2284 ratione
789 2236 1049 2298 confundi,
1099 2252 1210 2284 cum
1248 2236 1413 2285 tendit
1451 2237 1515 2285 ad
1553 2236 1726 2299 litora3
1772 2236 1842 2285 sic

147 2309 278 2357 enim
316 2310 643 2374 conglobatae
682 2310 896 2359 tendunt
932 2312 991 2359 ut
1027 2310 1199 2359 nubes.

263 2384 390 2432 Ecce
430 2383 728 2432 Sabinorum
768 2385 936 2444 priseo
984 2385 1042 2433 de
1094 2384 1335 2446 sanquine
1386 2399 1620 2446 maynum
1670 2399 1841 2445 aymen

73 2467 116 2500 80
147 2472 295 2517 ayens
335 2456 548 2506 Clausus
584 2459 844 2520 maynique
882 2459 985 2518 ipse
1031 2459 1243 2520 ayminis
1287 2459 1472 2507 instar:
1519 2458 1746 2507 veniebat
1793 2461 1842 2507 et

266 2572 289 2611 1
331 2583 542 2625 mesapus
571 2568 627 2613 V.
750 2574 775 2613 3
815 2572 922 2626 post
959 2571 1174 2615 insistens
1211 2570 1382 2614 lemma
1421 2571 1662 2626 Neptunia
1691 2570 1842 2626 proles

146 2627 576 2686 interpol.edF.1
627 2629 746 2674 idem
776 2629 818 2673 V
856 2629 908 2673 id
946 2635 1011 2674 est
1048 2628 1191 2674 HOU
1231 2630 1301 2674 ed.
1411 2634 1434 2672 7
1474 2631 1733 2685 ferrumque
1771 2643 1841 2674 re-

148 2691 314 2731 tractat
353 2687 484 2731 deest
521 2687 570 2731 in
605 2687 648 2730 V
686 2687 795 2732 add
831 2688 925 2733 ed.·
974 2702 1030 2732 ex
1071 2689 1459 2744 interpretatione
1498 2689 1733 2731 Donatum
1773 2702 1840 2732 re-

146 2749 349 2790 tractant
374 2746 545 2803 legisse
569 2747 799 2803 suspicor,
791 2747 950 2850 5quod
968 2747 1203 2805 Wagnero
1230 2750 1418 2792 auctore
1443 2747 1683 2791 Leidensis
1701 2745 1839 2804 Verg.

148 2803 291 2848 habet
322 2805 398 2861 (cf
431 2809 501 2859 10,
528 2807 647 2862 396).
791 2808 1066 2909 bgericulis
1096 2821 1246 2852 rerum
1277 2813 1320 2852 et
1349 2807 1621 2862 compositus
1651 2806 1839 2851 delecta-

149 2862 227 2907 bat
247 2863 290 2907 V
320 2865 372 2908 in
400 2807 631 2920 periculis>
647 2880 683 2910 r.
710 2865 795 2910 del.
822 2878 846 2908 e
921 2879 956 2922 p
994 2881 1019 2911 r
1056 2868 1277 2922 expositos
1301 2866 1342 2909 d.
1369 2869 1625 2909 noe.17
1657 2865 1775 2919 festa
1799 2865 1840 2909 V

148 2922 274 2975 fasta
297 2923 412 3025 ed.V
455 2927 509 2967 18
535 2937 557 2968 e
581 2937 669 2968 om.
687 2924 759 2968 ed.
845 2929 900 2967 22
926 2930 1060 2981 pasto
1077 2924 1120 2968 V
1136 2926 1274 2981 pleno
1300 2924 1372 2969 ed.
1460 2929 1516 2967 24
1540 2925 1723 2970 miseere
1745 2924 1802 2970 V.
1832 2926 1835 2981 Ι

151 2993 327 3025 aeream
