2078 3260
251 179 360 233 614
723 178 956 223 DONATI
985 179 1266 223 INTERPR.
1290 178 1472 223 VERG.

250 317 370 379 quid
414 316 689 381 inpulerint
737 319 966 380 trahunt,
1017 317 1087 366 sic
1135 319 1221 367 isti
1271 318 1559 368 saeviebant
1606 320 1659 366 in
1710 318 1942 368 adversos

248 393 371 440 elati
406 391 483 441 ira
520 394 571 440 et
609 392 882 455 cupiditate
921 392 1175 454 vincendi,
1219 408 1317 441 non
1367 395 1642 442 metuentes
1680 394 1943 442 vulnerum

248 481 390 515 casus
423 468 512 515 aut
540 467 730 514 moi-tie.
768 466 1108 514 Murrhauwm
1137 467 1213 514 hic
1240 470 1408 514 atavos
1440 470 1484 515 et
1505 482 1708 516 avorwm
1739 468 1943 528 antiqua

144 550 231 589 530
247 543 499 589 sonantem
535 541 737 588 uomina
775 554 867 602 per
903 554 1128 602 reyesque
1166 545 1327 588 actum
1361 555 1514 602 yeuus
1558 556 1697 589 omne
1733 542 1943 590 Latinos

241 615 556 674 praecipitem
586 614 780 674 scopulo
804 617 945 674 atque
967 615 1150 675 iuyeuti
1172 616 1362 662 turbine
1385 616 1497 663 saxi
1523 616 1696 663 excutit
1718 616 1942 675 effundit·
1996 629 2016 662 5

247 703 336 748 que
366 689 490 737 solo:
520 687 844 736 Murrhanum
875 688 977 736 hie:
1009 688 1089 736 hic
1116 704 1384 751 pronomen
1409 691 1498 751 est,
1528 705 1627 737 non
1651 689 1943 739 adverbium

180 800 184 803 .
246 763 365 824 loci,
396 762 604 825 proinde
635 763 738 823 hic,
770 763 865 810 hoc
894 764 969 811 est
996 762 1215 824 Aeneas,
1247 763 1570 811 Murrhanum
1602 778 1718 812 saxo
1749 763 1943 828 ingenti

247 836 437 885 deiecit.
498 836 894 900 magnitudinem
934 836 1042 885 saxi
1081 853 1140 884 ex
1178 853 1235 885 eo
1274 837 1512 898 ostendit,
1559 853 1671 885 cum
1709 837 1830 886 dicit
1866 837 1940 885 in-

246 910 383 974 genti
420 909 640 971 turbine,
683 911 832 959 simul
870 911 1104 973 probavit
1142 914 1193 959 et
1229 911 1474 960 mittentis
1512 912 1764 961 virtutem.
1826 912 1941 959 huic

247 983 433 1033 adserit
470 986 619 1048 poeta
658 986 931 1033 vanitatem
973 985 1126 1032 animi
1166 986 1244 1033 sui
1282 985 1520 1047 obfuisse,
1571 986 1680 1048 qui,
1731 985 1850 1033 dum
1891 1001 1941 1034 se
1975 1001 2016 1032 ιο

245 1060 447 1121 putaret
475 1061 681 1121 propter
711 1059 1026 1107 nobilitatem
1050 1059 1257 1124 generis,
1289 1059 1423 1122 quod
1453 1077 1543 1123 per
1570 1075 1710 1124 reges
1734 1059 1941 1108 Latinos

246 1132 309 1180 ad
339 1133 505 1195 ipsum
529 1149 728 1196 quoque
751 1135 1060 1196 pervenerat,
1085 1150 1114 1182 a
1139 1149 1390 1197 quoquam
1415 1133 1637 1198 contingi
1659 1149 1759 1181 non
1782 1149 1942 1196 posse,

245 1208 316 1255 sic
338 1208 535 1255 Aeneae
558 1223 710 1255 manu
731 1209 1010 1270 prostratus
1033 1207 1240 1256 interiit.
1293 1209 1422 1256 huuc
1445 1209 1552 1256 lora
1576 1211 1619 1255 et
1639 1209 1758 1269 iuya
1780 1209 1942 1256 subter

235 1282 519 1340 provolvere
549 1285 696 1338 rotae,
730 1283 892 1330 crebro
923 1297 1071 1343 super
1092 1283 1281 1343 imyula
1297 1283 1450 1343 pulsu
1475 1283 1627 1330 incita
1648 1296 1735 1330 uec
1758 1282 1943 1330 domiui

242 1369 508 1403 memorum
553 1356 803 1415 proculcat
848 1370 1100 1417 equorum:
1156 1356 1356 1418 cadenS,
1405 1356 1593 1419 inquit,
1641 1356 1940 1404 Murrhanus
1974 1369 2015 1402 15

244 1445 342 1476 non
381 1432 520 1478 extra
558 1445 777 1492 currum,
817 1429 902 1478 sed
940 1430 1032 1479 sub
1062 1429 1226 1492 ipsum
1264 1433 1510 1479 temonem
1539 1432 1765 1478 rotarum
1801 1430 1940 1479 volu-

243 1503 439 1551 bilitate
470 1504 737 1566 perductus
769 1506 858 1566 est,
891 1520 988 1567 quo
1016 1497 1149 1552 facto
1174 1521 1415 1566 equorum
1446 1520 1648 1553 suorum
1673 1504 1943 1552 contunde-

243 1577 393 1626 batur
436 1578 645 1641 pedibus
693 1580 743 1625 et
790 1578 915 1626 rotis
962 1578 1272 1626 currentibus
1322 1578 1588 1626 terebatur.
1665 1578 1803 1640 equi,
1854 1577 1940 1639 ait,

244 1667 344 1700 non
375 1654 518 1700 erant
547 1667 788 1700 memores
820 1652 1030 1700 domini:
1067 1652 1224 1701 iocari
1250 1653 1410 1701 voluit
1443 1655 1607 1714 poeta,
1638 1667 1738 1700 non
1769 1668 1940 1700 verum

141 1732 226 1773 535
245 1725 425 1789 dicere3
465 1743 583 1775 nam
621 1742 792 1775 sensus
831 1727 926 1776 iste
967 1727 1028 1775 ab
1068 1728 1206 1790 equis
1247 1732 1298 1774 et
1332 1726 1455 1774 rotis
1487 1727 1677 1774 alienus
1719 1727 1806 1775 est.
1860 1726 1942 1773 ille
1972 1742 2015 1775 20

242 1801 404 1848 ruenti
433 1801 564 1862 Hylo
597 1802 869 1860 animisque
898 1802 1097 1848 inmane
1126 1802 1311 1860 furenti
1349 1801 1577 1848 occurrit.-
1615 1801 1777 1848 ruenti
1817 1799 1943 1847 dixit

244 1891 342 1922 non
375 1874 585 1936 cadenti,
618 1875 702 1924 sed
729 1874 1095 1923 inconsiderata
1125 1876 1445 1922 festinatione
1469 1875 1772 1937 properanti,
1805 1874 1940 1921 deni-

247 1965 340 2010 que
379 1949 494 1997 huic
541 1951 590 1997 et
635 1950 889 2013 ingentem
926 1949 1146 1997 furorem
1185 1948 1343 2010 dedit,
1392 1951 1451 1996 ut
1487 1964 1691 2011 prorsus
1731 1947 1943 1996 nesciret

245 2023 443 2084 quando
482 2023 561 2070 vel
601 2023 1018 2085 quemadmodum
1056 2026 1223 2085 posset
1261 2023 1431 2071 occidi.
1487 2023 1722 2083 telumque
1760 2025 1942 2070 aurata

245 2097 311 2144 ad
343 2099 557 2157 tempora
588 2101 792 2158 torquet:
822 2097 1062 2157 venienti,
1093 2098 1279 2159 inquit,
1312 2098 1540 2158 occurrit,
1571 2099 1630 2145 ut
1662 2095 1942 2145 ostenderet
1970 2111 2012 2144 25

244 2170 575 2218 constantiam
617 2174 666 2218 et
703 2171 936 2219 fiduciam
973 2171 1071 2219 viri
1108 2172 1274 2231 fortis,
1318 2174 1368 2219 et
1405 2172 1459 2218 in
1496 2173 1724 2234 tempora
1762 2172 1940 2218 aurata

243 2246 440 2293 hastam
479 2244 601 2292 fixit.
654 2246 738 2292 olli
762 2260 854 2304 per
881 2246 1074 2306 yaleam
1103 2247 1220 2304 fisso
1251 2246 1377 2293 stetit
1405 2245 1548 2292 hasta
1579 2246 1791 2293 cerebro:
1829 2259 1939 2292 ecee

244 2320 350 2381 ipse
376 2318 649 2367 evidentius
675 2319 915 2381 ostendit3
946 2334 1061 2367 nam
1086 2320 1230 2383 galea
1253 2320 1387 2367 vieta
1410 2334 1567 2380 usque
1594 2319 1656 2366 ad
1688 2317 1939 2366 cerebrum

245 2394 349 2441 eius
381 2393 526 2441 hasta
556 2392 745 2440 intorta
775 2395 1080 2454 pervenerat.
1122 2394 1252 2454 fisso,
1277 2394 1362 2453 ait,
1387 2393 1583 2441 cerebro
1608 2393 1938 2445 stetithasta:

243 2467 324 2514 hic
356 2467 513 2515 omnis
539 2466 612 2515 vis
645 2482 875 2529 expressa
906 2469 1004 2528 est3
1036 2484 1135 2515 non
1167 2468 1298 2515 enim
1321 2467 1527 2514 finditur
1551 2467 1818 2529 quicquam
1842 2465 1939 2513 nisi
1968 2479 2011 2511 30

244 2540 603 2589 interveniente
650 2540 835 2588 maiore
874 2541 1113 2589 violentia
1151 2557 1239 2589 nec
1279 2542 1382 2589 stat
1418 2540 1513 2588 nisi
1553 2541 1686 2602 quod
1724 2541 1823 2587 alte
1862 2539 1935 2586 in-

243 2615 410 2662 fixum.
450 2615 638 2663 factum
660 2616 754 2663 hoc
778 2615 841 2661 ad
865 2614 1086 2662 Turnum
1111 2615 1419 2678 intellegitur
1440 2614 1697 2676 pertinere.
1742 2614 1935 2661 dextera

245 2703 331 2736 nec
369 2692 454 2736 tua
493 2693 554 2745 te,
598 2688 810 2736 Graium
846 2689 1108 2748 fortissime
1149 2688 1339 2745 Creteu,
1381 2689 1558 2748 eripuit
1597 2689 1786 2735 Turno:
1829 2702 1936 2734 ecce

366 2820 391 2858 6
426 2816 738 2859 Murrhanum
768 2815 840 2858 hic
872 2828 959 2858 om.
986 2814 1056 2858 ed.
1178 2819 1232 2858 14
1263 2828 1397 2870 super
1428 2815 1580 2858 crebro
1603 2813 1659 2857 V.
1772 2817 1824 2855 21
1858 2812 1938 2866 fu·-

245 2878 369 2917 rente
404 2872 458 2916 V.
581 2878 634 2916 27
675 2875 807 2918 hasta
844 2874 947 2928 ftaeit
977 2872 1019 2915 V
1049 2875 1227 2917 hastam
1258 2875 1289 2923 f.
1325 2873 1394 2917 ed.
1447 2873 1451 2930 Ι
1508 2874 1600 2927 fixo
1631 2871 1685 2926 V,
1719 2871 1801 2915 sed
1831 2873 1935 2926 fisso

247 2932 507 2987 explicatur
543 2934 646 2986 fuso
686 2933 756 2975 ed.
879 2936 934 2975 29
966 2933 1138 2976 intorta
1166 2932 1208 2974 V
1239 2934 1291 2975 iu
1322 2938 1448 2988 terga
1482 2931 1570 2975 edI
1607 2933 1785 2987 iuteyra
1817 2930 1933 2974 edF.

247 2995 302 3033 30
334 2992 527 3045 finditur
551 2991 591 3034 V
621 2992 836 3045 funditur
867 2991 938 3035 ed.
1053 2995 1107 3034 31
1141 2992 1336 3045 infixum
1367 2996 1432 3035 est
1462 2991 1533 3034 ed.
1649 2994 1703 3032 33
1735 2995 1851 3034 creto
1878 2989 1931 3031 V.
