2050 3226
751 168 1056 215 AENEIDos
1087 169 1152 213 XI
1690 173 1798 229 517

105 311 275 372 huiuS,
322 311 510 374 inquit,
555 313 750 375 pectus,
790 326 902 359 cum
941 310 1176 359 adversus
1214 311 1428 373 veniret,
1466 311 1618 376 longa
1654 313 1802 362 hasta

104 385 539 435 transverberavit.
615 401 724 434 ecce
763 385 875 434 laus
912 386 1076 447 prima
1106 384 1358 447 bellantis,
1389 388 1687 448 praeventus
1727 390 1803 436 est

104 459 263 508 hostis
302 460 573 522 antequam
610 458 777 523 potior
806 459 967 521 fieret,
1005 461 1300 522 praeventus
1341 462 1417 508 est
1454 476 1552 508 non
1590 459 1802 522 insidiis,

23 591 28 594 ‚
106 534 192 582 sed
244 533 507 583 velocitate
561 533 820 596 certantis3
880 549 1042 595 neque
1104 534 1237 582 enim
1295 533 1463 584 videre
1523 533 1803 584 venientem

103 607 307 672 plagam
329 623 430 656 non
454 608 621 671 potuit
645 608 733 671 qui
756 606 989 656 veniebat
1012 606 1263 657 adversus,
1302 608 1801 658 transverberationis

102 681 384 731 inteHectus
423 683 509 730 ille
550 684 645 744 est,
685 685 744 731 ut
774 698 871 730 non
911 681 1066 730 ictum
1098 682 1258 731 levem
1295 684 1356 731 ut
1385 684 1587 744 cautuS,
1626 682 1713 731 sed
1743 686 1804 732 ut

102 755 372 819 inprudens
411 772 470 805 ac
500 757 693 805 nescius
723 758 888 805 totum
917 756 1159 818 receperit
1195 758 1409 819 pectore.
1463 757 1689 806 ferientis
1721 757 1804 806 hic

102 830 214 879 laus
254 833 352 892 est,
393 847 521 893 quae
562 830 632 879 sic
671 829 907 879 direxerit
935 831 1155 891 hastam,
1185 833 1243 878 ut
1273 830 1607 894 praevidendo
1640 832 1804 880 caveri

24 967 39 975 μ
101 920 203 952 non
240 908 422 968 posset.
498 906 758 966 sanquinis
795 905 877 952 ille
914 919 1109 952 vomens
1146 906 1278 953 rivos
1317 906 1471 954 cadit:
1513 922 1572 953 ex
1608 906 1805 970 ingenti

103 979 235 1027 enim
272 980 488 1041 pectoris
526 979 679 1044 plaga
715 981 854 1027 totus
887 979 1038 1027 semel
1069 978 1272 1043 sanguis
1304 979 1487 1029 effusus
1519 982 1607 1028 est.
1662 983 1805 1039 atque

103 1057 353 1105 cruentam
405 1054 597 1102 mandit
644 1054 847 1101 hwmum
891 1053 1195 1112 moriensque
1244 1068 1332 1101 suo
1387 1068 1438 1102 se
1490 1054 1546 1101 in
1604 1054 1804 1102 vulnere

100 1130 287 1175 versat:
317 1127 549 1176 cadentes
581 1128 714 1176 enim
742 1128 998 1190 repentino
1029 1128 1135 1175 ictu
1165 1128 1394 1176 mordent
1417 1127 1552 1190 quod
1574 1128 1803 1177 fortassis

103 1201 391 1264 occurrerit3
428 1202 523 1251 iste
562 1203 723 1266 igitur
758 1201 986 1250 mordens
1025 1203 1210 1249 terram
1250 1204 1300 1249 et
1337 1201 1520 1251 crebris
1550 1202 1643 1250 hoc
1673 1217 1803 1250 mor·

10 1325 36 1340 2,
103 1275 238 1325 sibus
288 1276 476 1325 faciens
522 1276 748 1325 vertebat
797 1291 848 1324 se
899 1278 950 1324 et
997 1275 1051 1323 in
1100 1291 1192 1324 suo
1243 1291 1294 1324 se
1346 1291 1517 1324 cruore
1554 1276 1802 1326 volvebat.

101 1350 195 1398 hoc
234 1349 439 1399 dicendo
480 1351 700 1399 ostendit
730 1366 846 1398 eum
875 1352 982 1398 tam
1011 1351 1235 1414 graviter
1262 1366 1572 1413 percussum,
1610 1352 1669 1399 ut
1697 1351 1803 1399 illic

102 1424 300 1473 caderet
338 1424 427 1472 ubi
465 1425 721 1473 confossus
762 1426 850 1474 est.
935 1423 1068 1487 quod
1106 1440 1222 1473 vero
1262 1425 1470 1473 adsidue
1508 1424 1804 1474 volvebatur

101 1498 154 1546 in
207 1499 390 1547 vulnus
445 1501 495 1547 et
546 1501 731 1548 terram
785 1498 1074 1562 mandebat,
1130 1514 1282 1560 quam
1334 1500 1590 1563 rigaverat
1642 1515 1802 1561 cruor,

102 1572 375 1636 apparebat
423 1590 538 1620 eum
589 1572 807 1635 aliquem
857 1573 1018 1621 adhuc
1068 1588 1267 1621 sensum
1317 1572 1501 1621 doloris
1553 1573 1800 1622 habuisse.

10 1696 35 1725 ‚3
102 1650 204 1695 tum
241 1647 406 1695 Lirim
442 1647 786 1709 Payasumque
834 1661 1005 1707 super:
1058 1647 1262 1696 Eunaeo
1313 1646 1508 1695 addidit
1547 1645 1704 1695 Lirim
1753 1649 1804 1696 et
1820 1653 1906 1694 670

28 1739 72 1772 20
100 1721 366 1786 Pagasum.
406 1736 612 1781 quorum
635 1722 771 1778 alter,
795 1722 1013 1770 habenas
1043 1722 1231 1781 suffuso
1261 1722 1507 1770 revolutus
1538 1735 1654 1805 equo
1685 1721 1803 1770 diem

102 1796 298 1856 eolliqit‚
340 1796 477 1852 alter,
517 1796 634 1844 dum
671 1796 803 1844 subit
833 1799 875 1843 et
905 1796 1126 1844 dextram
1157 1795 1347 1843 labanti
1376 1795 1527 1843 tendit
1554 1795 1801 1853 inermem,

97 1871 388 1930 praecipites
428 1871 713 1931 pariterque
760 1874 925 1918 ruunt.
1014 1885 1127 1918 cum
1175 1868 1306 1918 Liris
1358 1869 1503 1932 lapsu
1554 1869 1671 1932 equi
1720 1869 1802 1918 de·

103 1946 273 2006 ceptus
322 1942 543 1993 habenas
595 1944 827 2008 colligere
877 1943 1141 2004 niteretur,
1188 1943 1358 1992 omisit
1394 1943 1659 1992 tuitionem
1697 1958 1800 1992 cor-

0 2067 2 2071 ,
26 2067 30 2073 ,
102 2019 237 2081 poris
276 2019 381 2080 sui,
419 2017 667 2082 Pagasus,
707 2034 821 2066 cum
851 2019 994 2081 lapso
1026 2017 1273 2066 auxilium
1303 2019 1455 2066 ferret
1484 2020 1535 2066 et
1564 2019 1803 2066 inermem

16 2090 71 2142 '25
103 2091 356 2141 dexteram
415 2092 558 2156 lapso
620 2093 899 2157 porrigens,
962 2092 1225 2141 discrimen
1285 2093 1532 2141 inminens
1593 2094 1802 2155 uterque

102 2166 262 2215 vitare
307 2181 407 2214 non
453 2169 644 2229 potuit,
691 2166 760 2215 sic
805 2167 994 2215 factum
1041 2169 1116 2214 est
1162 2169 1221 2215 ut
1265 2165 1455 2228 pariter
1492 2168 1801 2216 necarentur.

101 2241 178 2289 his
238 2241 376 2289 addit
424 2239 714 2289 Amastrum
773 2241 1091 2300 Hippotaden
1151 2241 1459 2301 sequiturque
1518 2241 1802 2288 incumbens

104 2315 293 2363 eminus
330 2315 502 2363 hasta:
530 2314 818 2364 Amastrum
858 2330 1057 2378 quoque
1089 2314 1392 2378 Hippotadis
1432 2315 1591 2362 filium
1622 2315 1802 2362 stravit

0 2443 4 2457 f
101 2390 249 2438 hasta
278 2404 567 2452 percussum
599 2388 890 2452 addiditque
921 2389 998 2437 his
1032 2388 1120 2452 qui
1151 2404 1305 2453 supra
1336 2389 1459 2438 dicti
1489 2391 1608 2437 sunt
1640 2388 1799 2436 strati.

224 2521 247 2559 1
273 2517 444 2560 venerit
459 2515 500 2558 V
525 2517 636 2560 -iret
659 2529 742 2559 nos
767 2517 903 2560 -isset
924 2515 996 2560 ed.
1072 2520 1097 2559 2
1114 2521 1390 2572 praeventus
1405 2514 1525 2560 estV
1542 2519 1606 2558 est
1621 2528 1709 2557 om.
1725 2514 1797 2557 ed.

105 2580 131 2620 5
162 2589 257 2620 non
280 2577 435 2644 potuit
456 2574 499 2618 V
530 2588 623 2619 non
655 2588 743 2619 om.
770 2574 842 2619 ed
891 2575 896 2629 Ι
946 2576 1026 2631 qui
1055 2574 1098 2619 V
1137 2576 1247 2631 quia
1285 2575 1356 2619 ed.
1408 2576 1412 2629 Ι
1463 2574 1800 2619 transverbera-

102 2635 243 2679 tionis
265 2633 308 2677 V
336 2636 428 2680 vim
460 2634 566 2678 add.
599 2647 843 2690 perperam
875 2633 1169 2691 distinguens
1202 2634 1273 2678 ed.
1398 2638 1422 2676 6
1459 2638 1543 2677 aut
1572 2637 1735 2677 cautus
1757 2631 1800 2675 V

105 2707 219 2737 corr.
245 2693 316 2738 ed.
355 2694 358 2752 Ι
393 2694 471 2738 sed
497 2698 550 2737 ut
570 2692 612 2736 V
639 2699 692 2738 ut
719 2707 806 2738 om.
833 2693 905 2737 ed.
1001 2698 1024 2737 7
1057 2695 1131 2738 hic
1153 2692 1195 2736 V
1218 2694 1326 2737 haec
1350 2693 1420 2736 ed.
1516 2696 1571 2735 10
1602 2692 1734 2736 semel
1756 2690 1799 2734 V

103 2754 241 2797 simul
287 2752 358 2797 ed.
498 2758 551 2796 11
599 2766 646 2796 se
691 2754 743 2796 in
787 2766 870 2798 suo
907 2751 963 2797 V.
1109 2758 1164 2796 12
1211 2753 1330 2808 quod
1369 2751 1410 2794 V
1456 2751 1680 2807 quidquid
1725 2749 1798 2794 ed.

107 2816 160 2855 19
193 2814 329 2857 cunio
351 2811 394 2856 V
425 2812 623 2856 Eunaeo
653 2825 737 2855 nos
769 2825 857 2855 om.
883 2811 953 2856 ed.
1085 2816 1142 2855 20
1179 2812 1370 2866 suffosso
1410 2810 1480 2854 ed.
1611 2814 1663 2853 21
1707 2810 1799 2854 col-

106 2872 213 2928 leqit
248 2870 302 2915 V.
368 2872 372 2929 ξ
437 2876 479 2916 et
520 2871 726 2915 dextram
764 2869 807 2914 V
849 2885 905 2916 ae
945 2871 989 2915 d.
1030 2871 1101 2915 ed.
1147 2872 1194 2914 et
1239 2869 1452 2925 plerique
1494 2868 1632 2925 Verg.
1673 2867 1796 2913 libri.

17 2951 19 2953 ·
106 2934 161 2973 23
205 2931 360 2975 amisit
402 2930 474 2974 ed.
604 2934 661 2973 24
702 2935 907 2975 etei-mem
939 2929 983 2974 V
1018 2944 1130 2974 corr.
1170 2929 1240 2974 ed.
1364 2933 1419 2972 28
1461 2928 1724 2984 hippotadis
1756 2927 1799 2971 V

105 3003 256 3034 errore
289 2989 462 3033 Donati
493 3003 577 3045 pro
608 2988 858 3045 Hippotae.
982 2994 1037 3033 29
1069 2990 1206 3034 strati
1227 2987 1270 3032 V
1301 2993 1381 3033 str.
1413 3001 1503 3032 esse
1535 2987 1607 3032 ed.
