<?xml version="1.0" encoding="UTF-8"?>
<!DOCTYPE html PUBLIC "-//W3C//DTD XHTML 1.0 Transitional//EN"
    "http://www.w3.org/TR/xhtml1/DTD/xhtml1-transitional.dtd">
<html xmlns="http://www.w3.org/1999/xhtml" xml:lang="en" lang="en">
 <head>
  <title>
</title>
<meta http-equiv="Content-Type" content="text/html;charset=utf-8" />
  <meta name='ocr-system' content='tesseract 3.04.00' />
  <meta name='ocr-capabilities' content='ocr_page ocr_carea ocr_par ocr_line ocrx_word'/>
</head>
<body>
  <div class='ocr_page' id='page_1' title='image "./interpretationes02donauoft_0503.png"; bbox 0 0 2050 3226; ppageno 0'>
   <div class='ocr_carea' id='block_1_1' title="bbox 19 1020 63 1052">
    <p class='ocr_par' dir='ltr' id='par_1_1' title="bbox 19 1020 63 1052">
     <span class='ocr_line' id='line_1_1' title="bbox 19 1020 63 1052; baseline 0 0"><span class='ocrx_word' id='word_1_1' title='bbox 19 1020 63 1052; x_wconf 83' lang='lat'>10</span> 
     </span>
    </p>
   </div>
   <div class='ocr_carea' id='block_1_2' title="bbox 19 1390 61 1423">
    <p class='ocr_par' dir='ltr' id='par_1_2' title="bbox 19 1390 61 1423">
     <span class='ocr_line' id='line_1_2' title="bbox 19 1390 61 1423; baseline 0 0"><span class='ocrx_word' id='word_1_2' title='bbox 19 1390 61 1423; x_wconf 85' lang='lat'>15</span> 
     </span>
    </p>
   </div>
   <div class='ocr_carea' id='block_1_3' title="bbox 19 1761 62 1795">
    <p class='ocr_par' dir='ltr' id='par_1_3' title="bbox 19 1761 62 1795">
     <span class='ocr_line' id='line_1_3' title="bbox 19 1761 62 1795; baseline -0.023 0"><span class='ocrx_word' id='word_1_3' title='bbox 19 1761 62 1795; x_wconf 75' lang='lat'>80</span> 
     </span>
    </p>
   </div>
   <div class='ocr_carea' id='block_1_4' title="bbox 21 2131 63 2165">
    <p class='ocr_par' dir='ltr' id='par_1_4' title="bbox 21 2131 63 2165">
     <span class='ocr_line' id='line_1_4' title="bbox 21 2131 63 2165; baseline 0.024 -1"><span class='ocrx_word' id='word_1_4' title='bbox 21 2131 63 2165; x_wconf 74' lang='lat'>25</span> 
     </span>
    </p>
   </div>
   <div class='ocr_carea' id='block_1_5' title="bbox 740 199 1784 259">
    <p class='ocr_par' dir='ltr' id='par_1_5' title="bbox 740 199 1784 259">
     <span class='ocr_line' id='line_1_5' title="bbox 740 199 1784 259; baseline 0.001 -14"><span class='ocrx_word' id='word_1_5' title='bbox 740 199 1044 246; x_wconf 77' lang='lat' dir='ltr'>AENEIDos</span> <span class='ocrx_word' id='word_1_6' title='bbox 1073 199 1139 245; x_wconf 84' lang='lat' dir='ltr'>XI</span> <span class='ocrx_word' id='word_1_7' title='bbox 1675 205 1784 259; x_wconf 88' lang='lat'>499</span> 
     </span>
    </p>
   </div>
   <div class='ocr_carea' id='block_1_6' title="bbox 90 339 1891 2334">
    <p class='ocr_par' dir='ltr' id='par_1_6' title="bbox 90 339 1891 2332">
     <span class='ocr_line' id='line_1_6' title="bbox 92 339 1787 391; baseline 0.002 -3"><span class='ocrx_word' id='word_1_8' title='bbox 92 339 341 389; x_wconf 88' lang='lat' dir='ltr'>roborata.</span> <span class='ocrx_word' id='word_1_9' title='bbox 403 340 600 388; x_wconf 89' lang='lat' dir='ltr'>consilii</span> <span class='ocrx_word' id='word_1_10' title='bbox 629 342 820 390; x_wconf 88' lang='lat' dir='ltr'>textum</span> <span class='ocrx_word' id='word_1_11' title='bbox 858 342 909 389; x_wconf 90' lang='lat' dir='ltr'>et</span> <span class='ocrx_word' id='word_1_12' title='bbox 944 340 1282 390; x_wconf 77' lang='lat' dir='ltr'>inventionem</span> <span class='ocrx_word' id='word_1_13' title='bbox 1311 340 1498 388; x_wconf 86' lang='lat' dir='ltr'>Metabi</span> <span class='ocrx_word' id='word_1_14' title='bbox 1533 357 1633 390; x_wconf 93' lang='lat' dir='ltr'>non</span> <span class='ocrx_word' id='word_1_15' title='bbox 1673 345 1787 391; x_wconf 90' lang='lat' dir='ltr'>ante</span> 
     </span>
     <span class='ocr_line' id='line_1_7' title="bbox 93 414 1786 478; baseline 0.001 -17"><span class='ocrx_word' id='word_1_16' title='bbox 93 414 282 463; x_wconf 85' lang='lat' dir='ltr'>factum</span> <span class='ocrx_word' id='word_1_17' title='bbox 310 416 459 478; x_wconf 87' lang='lat' dir='ltr'>poeta</span> <span class='ocrx_word' id='word_1_18' title='bbox 489 414 700 475; x_wconf 90' lang='lat' dir='ltr'>rettulit,</span> <span class='ocrx_word' id='word_1_19' title='bbox 732 415 819 463; x_wconf 90' lang='lat' dir='ltr'>sed</span> <span class='ocrx_word' id='word_1_20' title='bbox 845 415 964 463; x_wconf 91' lang='lat' dir='ltr'>dum</span> <span class='ocrx_word' id='word_1_21' title='bbox 994 414 1067 476; x_wconf 91' lang='lat' dir='ltr'>fit,</span> <span class='ocrx_word' id='word_1_22' title='bbox 1098 414 1233 478; x_wconf 91' lang='lat' dir='ltr'>quod</span> <span class='ocrx_word' id='word_1_23' title='bbox 1263 414 1625 463; x_wconf 76' lang='lat' dir='ltr'>admirabiliter</span> <span class='ocrx_word' id='word_1_24' title='bbox 1653 415 1786 477; x_wconf 76' lang='lat' dir='ltr'>iecit,</span> 
     </span>
     <span class='ocr_line' id='line_1_8' title="bbox 92 488 1787 552; baseline 0.001 -17"><span class='ocrx_word' id='word_1_25' title='bbox 92 505 169 550; x_wconf 91' lang='lat' dir='ltr'>ne,</span> <span class='ocrx_word' id='word_1_26' title='bbox 201 488 319 536; x_wconf 93' lang='lat' dir='ltr'>dum</span> <span class='ocrx_word' id='word_1_27' title='bbox 348 488 501 537; x_wconf 90' lang='lat' dir='ltr'>refert</span> <span class='ocrx_word' id='word_1_28' title='bbox 529 488 788 537; x_wconf 85' lang='lat' dir='ltr'>inventum</span> <span class='ocrx_word' id='word_1_29' title='bbox 818 491 868 536; x_wconf 91' lang='lat' dir='ltr'>et</span> <span class='ocrx_word' id='word_1_30' title='bbox 899 489 1094 537; x_wconf 89' lang='lat' dir='ltr'>consilii</span> <span class='ocrx_word' id='word_1_31' title='bbox 1118 489 1276 552; x_wconf 90' lang='lat' dir='ltr'>ipsius</span> <span class='ocrx_word' id='word_1_32' title='bbox 1300 489 1436 538; x_wconf 89' lang='lat' dir='ltr'>facta</span> <span class='ocrx_word' id='word_1_33' title='bbox 1459 489 1787 552; x_wconf 73' lang='lat' dir='ltr'>persequitur,</span> 
     </span>
     <span class='ocr_line' id='line_1_9' title="bbox 91 561 1787 626; baseline 0.001 -16"><span class='ocrx_word' id='word_1_34' title='bbox 91 579 246 611; x_wconf 87' lang='lat' dir='ltr'>unam</span> <span class='ocrx_word' id='word_1_35' title='bbox 281 578 386 610; x_wconf 90' lang='lat' dir='ltr'>rem</span> <span class='ocrx_word' id='word_1_36' title='bbox 422 561 608 611; x_wconf 89' lang='lat' dir='ltr'>iterum</span> <span class='ocrx_word' id='word_1_37' title='bbox 646 563 854 624; x_wconf 89' lang='lat' dir='ltr'>diceret,</span> <span class='ocrx_word' id='word_1_38' title='bbox 901 562 1035 626; x_wconf 91' lang='lat' dir='ltr'>quod</span> <span class='ocrx_word' id='word_1_39' title='bbox 1073 566 1149 612; x_wconf 93' lang='lat' dir='ltr'>est</span> <span class='ocrx_word' id='word_1_40' title='bbox 1194 563 1315 612; x_wconf 92' lang='lat' dir='ltr'>satis</span> <span class='ocrx_word' id='word_1_41' title='bbox 1354 578 1602 626; x_wconf 85' lang='lat' dir='ltr'>superque</span> <span class='ocrx_word' id='word_1_42' title='bbox 1639 563 1787 612; x_wconf 81' lang='lat' dir='ltr'>vitio-</span> 
     </span>
     <span class='ocr_line' id='line_1_10' title="bbox 92 636 1788 693; baseline 0.001 -9"><span class='ocrx_word' id='word_1_43' title='bbox 92 652 215 684; x_wconf 91' lang='lat' dir='ltr'>sum.</span> <span class='ocrx_word' id='word_1_44' title='bbox 269 637 382 685; x_wconf 77' lang='lat' dir='ltr'>haic</span> <span class='ocrx_word' id='word_1_45' title='bbox 418 640 610 693; x_wconf 78' lang='lat' dir='ltr'>natam,</span> <span class='ocrx_word' id='word_1_46' title='bbox 657 636 772 685; x_wconf 87' lang='lat' dir='ltr'>huic</span> <span class='ocrx_word' id='word_1_47' title='bbox 808 637 901 685; x_wconf 93' lang='lat' dir='ltr'>hoc</span> <span class='ocrx_word' id='word_1_48' title='bbox 940 639 1015 686; x_wconf 91' lang='lat' dir='ltr'>est</span> <span class='ocrx_word' id='word_1_49' title='bbox 1051 638 1152 686; x_wconf 89' lang='lat' dir='ltr'>telo</span> <span class='ocrx_word' id='word_1_50' title='bbox 1183 637 1304 686; x_wconf 85' lang='lat' dir='ltr'>forti</span> <span class='ocrx_word' id='word_1_51' title='bbox 1341 653 1399 686; x_wconf 90' lang='lat' dir='ltr'>ac</span> <span class='ocrx_word' id='word_1_52' title='bbox 1437 637 1594 686; x_wconf 89' lang='lat' dir='ltr'>solido</span> <span class='ocrx_word' id='word_1_53' title='bbox 1632 637 1788 686; x_wconf 88' lang='lat' dir='ltr'>filiam</span> 
     </span>
     <span class='ocr_line' id='line_1_11' title="bbox 92 711 1788 774; baseline 0.001 -15"><span class='ocrx_word' id='word_1_54' title='bbox 92 726 255 771; x_wconf 88' lang='lat' dir='ltr'>suam,</span> <span class='ocrx_word' id='word_1_55' title='bbox 289 726 441 774; x_wconf 86' lang='lat' dir='ltr'>quam</span> <span class='ocrx_word' id='word_1_56' title='bbox 471 714 588 759; x_wconf 88' lang='lat' dir='ltr'>voto</span> <span class='ocrx_word' id='word_1_57' title='bbox 612 712 771 773; x_wconf 88' lang='lat' dir='ltr'>patris</span> <span class='ocrx_word' id='word_1_58' title='bbox 804 713 855 758; x_wconf 87' lang='lat' dir='ltr'>et</span> <span class='ocrx_word' id='word_1_59' title='bbox 886 726 1027 760; x_wconf 87' lang='lat' dir='ltr'>casus</span> <span class='ocrx_word' id='word_1_60' title='bbox 1060 711 1138 760; x_wconf 90' lang='lat' dir='ltr'>sui</span> <span class='ocrx_word' id='word_1_61' title='bbox 1159 713 1353 760; x_wconf 89' lang='lat' dir='ltr'>ratione</span> <span class='ocrx_word' id='word_1_62' title='bbox 1384 711 1594 760; x_wconf 87' lang='lat' dir='ltr'>liberare</span> <span class='ocrx_word' id='word_1_63' title='bbox 1625 713 1788 774; x_wconf 89' lang='lat' dir='ltr'>cupie-</span> 
     </span>
     <span class='ocr_line' id='line_1_12' title="bbox 91 785 1891 847; baseline 0.002 -15"><span class='ocrx_word' id='word_1_64' title='bbox 91 785 200 845; x_wconf 88' lang='lat' dir='ltr'>bat,</span> <span class='ocrx_word' id='word_1_65' title='bbox 240 785 360 833; x_wconf 77' lang='lat' dir='ltr'>libro</span> <span class='ocrx_word' id='word_1_66' title='bbox 394 788 436 833; x_wconf 80' lang='lat' dir='ltr'>et</span> <span class='ocrx_word' id='word_1_67' title='bbox 466 785 675 833; x_wconf 76' lang='lat' dir='ltr'>silvestri</span> <span class='ocrx_word' id='word_1_68' title='bbox 704 786 875 833; x_wconf 81' lang='lat' dir='ltr'>subere</span> <span class='ocrx_word' id='word_1_69' title='bbox 905 785 1126 834; x_wconf 81' lang='lat' dir='ltr'>clausam</span> <span class='ocrx_word' id='word_1_70' title='bbox 1161 786 1367 847; x_wconf 76' lang='lat' dir='ltr'>inplicat</span> <span class='ocrx_word' id='word_1_71' title='bbox 1403 789 1544 845; x_wconf 77' lang='lat' dir='ltr'>atque</span> <span class='ocrx_word' id='word_1_72' title='bbox 1579 786 1789 835; x_wconf 80' lang='lat' dir='ltr'>habilem</span> <span class='ocrx_word' id='word_1_73' title='bbox 1805 797 1891 837; x_wconf 82' lang='lat'>555</span> 
     </span>
     <span class='ocr_line' id='line_1_13' title="bbox 90 859 1789 923; baseline 0.002 -17"><span class='ocrx_word' id='word_1_74' title='bbox 90 859 279 907; x_wconf 84' lang='lat' dir='ltr'>mediae</span> <span class='ocrx_word' id='word_1_75' title='bbox 329 859 630 920; x_wconf 58' lang='lat' dir='ltr'>circumligat</span> <span class='ocrx_word' id='word_1_76' title='bbox 678 860 870 908; x_wconf 79' lang='lat' dir='ltr'>hastae:</span> <span class='ocrx_word' id='word_1_77' title='bbox 930 859 1340 922; x_wconf 87' lang='lat' dir='ltr'>circumspectum</span> <span class='ocrx_word' id='word_1_78' title='bbox 1396 863 1591 923; x_wconf 85' lang='lat' dir='ltr'>patrem</span> <span class='ocrx_word' id='word_1_79' title='bbox 1639 863 1789 910; x_wconf 86' lang='lat' dir='ltr'>cauta</span> 
     </span>
     <span class='ocr_line' id='line_1_14' title="bbox 91 932 1787 998; baseline 0.002 -18"><span class='ocrx_word' id='word_1_80' title='bbox 91 932 252 995; x_wconf 89' lang='lat' dir='ltr'>pietas</span> <span class='ocrx_word' id='word_1_81' title='bbox 298 933 505 994; x_wconf 80' lang='lat' dir='ltr'>fecerat,</span> <span class='ocrx_word' id='word_1_82' title='bbox 556 949 674 981; x_wconf 89' lang='lat' dir='ltr'>nam</span> <span class='ocrx_word' id='word_1_83' title='bbox 713 950 771 981; x_wconf 90' lang='lat' dir='ltr'>ex</span> <span class='ocrx_word' id='word_1_84' title='bbox 818 933 1008 982; x_wconf 88' lang='lat' dir='ltr'>arboris</span> <span class='ocrx_word' id='word_1_85' title='bbox 1055 934 1236 983; x_wconf 89' lang='lat' dir='ltr'>cortice</span> <span class='ocrx_word' id='word_1_86' title='bbox 1274 934 1459 982; x_wconf 90' lang='lat' dir='ltr'>librum</span> <span class='ocrx_word' id='word_1_87' title='bbox 1496 934 1639 996; x_wconf 88' lang='lat' dir='ltr'>fecit,</span> <span class='ocrx_word' id='word_1_88' title='bbox 1687 950 1787 998; x_wconf 89' lang='lat' dir='ltr'>quo</span> 
     </span>
     <span class='ocr_line' id='line_1_15' title="bbox 91 1007 1788 1067; baseline 0.001 -12"><span class='ocrx_word' id='word_1_89' title='bbox 91 1007 337 1055; x_wconf 87' lang='lat' dir='ltr'>infantem</span> <span class='ocrx_word' id='word_1_90' title='bbox 375 1008 648 1067; x_wconf 87' lang='lat' dir='ltr'>clauderet;</span> <span class='ocrx_word' id='word_1_91' title='bbox 686 1007 870 1056; x_wconf 88' lang='lat' dir='ltr'>teneris</span> <span class='ocrx_word' id='word_1_92' title='bbox 909 1007 1038 1056; x_wconf 90' lang='lat' dir='ltr'>enim</span> <span class='ocrx_word' id='word_1_93' title='bbox 1070 1008 1301 1057; x_wconf 91' lang='lat' dir='ltr'>membris</span> <span class='ocrx_word' id='word_1_94' title='bbox 1333 1009 1665 1057; x_wconf 89' lang='lat' dir='ltr'>necessarium</span> <span class='ocrx_word' id='word_1_95' title='bbox 1703 1009 1788 1056; x_wconf 89' lang='lat' dir='ltr'>ad-</span> 
     </span>
     <span class='ocr_line' id='line_1_16' title="bbox 91 1082 1790 1145; baseline 0.002 -17"><span class='ocrx_word' id='word_1_96' title='bbox 91 1082 387 1130; x_wconf 85' lang='lat' dir='ltr'>miniculum</span> <span class='ocrx_word' id='word_1_97' title='bbox 409 1082 510 1129; x_wconf 82' lang='lat' dir='ltr'>fuit</span> <span class='ocrx_word' id='word_1_98' title='bbox 533 1097 631 1144; x_wconf 92' lang='lat' dir='ltr'>quo</span> <span class='ocrx_word' id='word_1_99' title='bbox 664 1082 907 1130; x_wconf 86' lang='lat' dir='ltr'>contineri</span> <span class='ocrx_word' id='word_1_100' title='bbox 928 1085 1132 1144; x_wconf 87' lang='lat' dir='ltr'>possent</span> <span class='ocrx_word' id='word_1_101' title='bbox 1155 1084 1205 1130; x_wconf 91' lang='lat' dir='ltr'>et</span> <span class='ocrx_word' id='word_1_102' title='bbox 1228 1082 1293 1130; x_wconf 89' lang='lat' dir='ltr'>ad</span> <span class='ocrx_word' id='word_1_103' title='bbox 1315 1082 1604 1131; x_wconf 77' lang='lat' dir='ltr'>ulteriorem</span> <span class='ocrx_word' id='word_1_104' title='bbox 1626 1082 1790 1145; x_wconf 81' lang='lat' dir='ltr'>ripam</span> 
     </span>
     <span class='ocr_line' id='line_1_17' title="bbox 91 1155 1788 1220; baseline 0.002 -18"><span class='ocrx_word' id='word_1_105' title='bbox 91 1156 290 1219; x_wconf 86' lang='lat' dir='ltr'>integra</span> <span class='ocrx_word' id='word_1_106' title='bbox 319 1157 591 1219; x_wconf 86' lang='lat' dir='ltr'>pervenire.</span> <span class='ocrx_word' id='word_1_107' title='bbox 649 1155 839 1204; x_wconf 89' lang='lat' dir='ltr'>mediae</span> <span class='ocrx_word' id='word_1_108' title='bbox 872 1158 1042 1203; x_wconf 89' lang='lat' dir='ltr'>autem</span> <span class='ocrx_word' id='word_1_109' title='bbox 1079 1157 1253 1204; x_wconf 86' lang='lat' dir='ltr'>hastae</span> <span class='ocrx_word' id='word_1_110' title='bbox 1283 1156 1466 1205; x_wconf 89' lang='lat' dir='ltr'>idcirco</span> <span class='ocrx_word' id='word_1_111' title='bbox 1496 1156 1788 1220; x_wconf 83' lang='lat' dir='ltr'>inplicatam</span> 
     </span>
     <span class='ocr_line' id='line_1_18' title="bbox 92 1231 1788 1294; baseline 0.001 -17"><span class='ocrx_word' id='word_1_112' title='bbox 92 1231 278 1292; x_wconf 84' lang='lat' dir='ltr'>nexuit,</span> <span class='ocrx_word' id='word_1_113' title='bbox 301 1247 362 1278; x_wconf 90' lang='lat' dir='ltr'>ne</span> <span class='ocrx_word' id='word_1_114' title='bbox 393 1231 447 1278; x_wconf 91' lang='lat' dir='ltr'>in</span> <span class='ocrx_word' id='word_1_115' title='bbox 476 1246 631 1278; x_wconf 89' lang='lat' dir='ltr'>unam</span> <span class='ocrx_word' id='word_1_116' title='bbox 660 1232 855 1293; x_wconf 87' lang='lat' dir='ltr'>partem</span> <span class='ocrx_word' id='word_1_117' title='bbox 885 1231 1086 1294; x_wconf 83' lang='lat' dir='ltr'>gravior</span> <span class='ocrx_word' id='word_1_118' title='bbox 1121 1233 1348 1293; x_wconf 91' lang='lat' dir='ltr'>optatum</span> <span class='ocrx_word' id='word_1_119' title='bbox 1380 1231 1598 1294; x_wconf 90' lang='lat' dir='ltr'>spatium</span> <span class='ocrx_word' id='word_1_120' title='bbox 1627 1233 1788 1280; x_wconf 89' lang='lat' dir='ltr'>trans-</span> 
     </span>
     <span class='ocr_line' id='line_1_19' title="bbox 91 1303 1791 1368; baseline 0.001 -17"><span class='ocrx_word' id='word_1_121' title='bbox 91 1305 164 1352; x_wconf 88' lang='lat' dir='ltr'>ire</span> <span class='ocrx_word' id='word_1_122' title='bbox 196 1319 295 1352; x_wconf 92' lang='lat' dir='ltr'>non</span> <span class='ocrx_word' id='word_1_123' title='bbox 327 1306 509 1367; x_wconf 90' lang='lat' dir='ltr'>posset.</span> <span class='ocrx_word' id='word_1_124' title='bbox 555 1303 773 1352; x_wconf 90' lang='lat' dir='ltr'>habilem</span> <span class='ocrx_word' id='word_1_125' title='bbox 798 1304 924 1352; x_wconf 85' lang='lat' dir='ltr'>dixit</span> <span class='ocrx_word' id='word_1_126' title='bbox 945 1304 1068 1352; x_wconf 90' lang='lat' dir='ltr'>bene</span> <span class='ocrx_word' id='word_1_127' title='bbox 1101 1305 1411 1367; x_wconf 81' lang='lat' dir='ltr'>conpositam</span> <span class='ocrx_word' id='word_1_128' title='bbox 1442 1307 1492 1352; x_wconf 89' lang='lat' dir='ltr'>et</span> <span class='ocrx_word' id='word_1_129' title='bbox 1521 1305 1791 1368; x_wconf 88' lang='lat' dir='ltr'>prudenter</span> 
     </span>
     <span class='ocr_line' id='line_1_20' title="bbox 94 1378 1791 1440; baseline 0 -13"><span class='ocrx_word' id='word_1_130' title='bbox 94 1381 334 1440; x_wconf 88' lang='lat' dir='ltr'>aptatam.</span> <span class='ocrx_word' id='word_1_131' title='bbox 388 1393 536 1439; x_wconf 77' lang='lat' dir='ltr'>quam</span> <span class='ocrx_word' id='word_1_132' title='bbox 566 1378 736 1427; x_wconf 76' lang='lat' dir='ltr'>dextra</span> <span class='ocrx_word' id='word_1_133' title='bbox 766 1379 950 1440; x_wconf 71' lang='lat' dir='ltr'>inqenti</span> <span class='ocrx_word' id='word_1_134' title='bbox 981 1379 1169 1427; x_wconf 76' lang='lat' dir='ltr'>librans</span> <span class='ocrx_word' id='word_1_135' title='bbox 1199 1380 1270 1427; x_wconf 76' lang='lat' dir='ltr'>ita</span> <span class='ocrx_word' id='word_1_136' title='bbox 1301 1379 1368 1427; x_wconf 85' lang='lat' dir='ltr'>ad</span> <span class='ocrx_word' id='word_1_137' title='bbox 1406 1379 1601 1428; x_wconf 79' lang='lat' dir='ltr'>aethera</span> <span class='ocrx_word' id='word_1_138' title='bbox 1628 1381 1791 1440; x_wconf 79' lang='lat' dir='ltr'>fatur:</span> 
     </span>
     <span class='ocr_line' id='line_1_21' title="bbox 94 1451 1790 1516; baseline 0.001 -16"><span class='ocrx_word' id='word_1_139' title='bbox 94 1453 229 1515; x_wconf 88' lang='lat' dir='ltr'>quod</span> <span class='ocrx_word' id='word_1_140' title='bbox 259 1453 360 1501; x_wconf 87' lang='lat' dir='ltr'>fuit</span> <span class='ocrx_word' id='word_1_141' title='bbox 390 1451 605 1515; x_wconf 87' lang='lat' dir='ltr'>piissimi</span> <span class='ocrx_word' id='word_1_142' title='bbox 634 1452 792 1515; x_wconf 88' lang='lat' dir='ltr'>patris</span> <span class='ocrx_word' id='word_1_143' title='bbox 834 1455 884 1501; x_wconf 89' lang='lat' dir='ltr'>et</span> <span class='ocrx_word' id='word_1_144' title='bbox 914 1453 1050 1515; x_wconf 90' lang='lat' dir='ltr'>quod</span> <span class='ocrx_word' id='word_1_145' title='bbox 1078 1452 1132 1500; x_wconf 90' lang='lat' dir='ltr'>in</span> <span class='ocrx_word' id='word_1_146' title='bbox 1170 1455 1419 1516; x_wconf 90' lang='lat' dir='ltr'>potestate</span> <span class='ocrx_word' id='word_1_147' title='bbox 1450 1453 1629 1502; x_wconf 83' lang='lat' dir='ltr'>habuit</span> <span class='ocrx_word' id='word_1_148' title='bbox 1657 1453 1790 1515; x_wconf 88' lang='lat' dir='ltr'>fecit,</span> 
     </span>
     <span class='ocr_line' id='line_1_22' title="bbox 93 1526 1790 1590; baseline 0.001 -16"><span class='ocrx_word' id='word_1_149' title='bbox 93 1529 324 1575; x_wconf 88' lang='lat' dir='ltr'>eventum</span> <span class='ocrx_word' id='word_1_150' title='bbox 354 1543 493 1588; x_wconf 84' lang='lat' dir='ltr'>vero,</span> <span class='ocrx_word' id='word_1_151' title='bbox 527 1543 675 1590; x_wconf 88' lang='lat' dir='ltr'>quem</span> <span class='ocrx_word' id='word_1_152' title='bbox 702 1526 756 1575; x_wconf 92' lang='lat' dir='ltr'>in</span> <span class='ocrx_word' id='word_1_153' title='bbox 785 1543 937 1575; x_wconf 90' lang='lat' dir='ltr'>manu</span> <span class='ocrx_word' id='word_1_154' title='bbox 967 1543 1067 1575; x_wconf 90' lang='lat' dir='ltr'>non</span> <span class='ocrx_word' id='word_1_155' title='bbox 1090 1527 1289 1587; x_wconf 85' lang='lat' dir='ltr'>habuit,</span> <span class='ocrx_word' id='word_1_156' title='bbox 1321 1526 1532 1576; x_wconf 90' lang='lat' dir='ltr'>credidit</span> <span class='ocrx_word' id='word_1_157' title='bbox 1561 1527 1621 1576; x_wconf 90' lang='lat' dir='ltr'>de</span> <span class='ocrx_word' id='word_1_158' title='bbox 1653 1528 1790 1576; x_wconf 90' lang='lat' dir='ltr'>caelo</span> 
     </span>
     <span class='ocr_line' id='line_1_23' title="bbox 92 1601 1791 1664; baseline 0.001 -16"><span class='ocrx_word' id='word_1_159' title='bbox 92 1601 389 1663; x_wconf 87' lang='lat' dir='ltr'>poscendum</span> <span class='ocrx_word' id='word_1_160' title='bbox 437 1601 645 1649; x_wconf 87' lang='lat' dir='ltr'>tendens</span> <span class='ocrx_word' id='word_1_161' title='bbox 690 1602 745 1649; x_wconf 91' lang='lat' dir='ltr'>in</span> <span class='ocrx_word' id='word_1_162' title='bbox 792 1602 953 1650; x_wconf 87' lang='lat' dir='ltr'>altum</span> <span class='ocrx_word' id='word_1_163' title='bbox 999 1601 1252 1650; x_wconf 89' lang='lat' dir='ltr'>dexteram</span> <span class='ocrx_word' id='word_1_164' title='bbox 1297 1617 1399 1664; x_wconf 90' lang='lat' dir='ltr'>qua</span> <span class='ocrx_word' id='word_1_165' title='bbox 1444 1601 1680 1664; x_wconf 89' lang='lat' dir='ltr'>portabat</span> <span class='ocrx_word' id='word_1_166' title='bbox 1715 1603 1791 1650; x_wconf 91' lang='lat' dir='ltr'>in-</span> 
     </span>
     <span class='ocr_line' id='line_1_24' title="bbox 92 1674 1792 1739; baseline 0.001 -17"><span class='ocrx_word' id='word_1_167' title='bbox 92 1676 296 1723; x_wconf 82' lang='lat' dir='ltr'>fantem.</span> <span class='ocrx_word' id='word_1_168' title='bbox 371 1677 501 1723; x_wconf 90' lang='lat' dir='ltr'>recte</span> <span class='ocrx_word' id='word_1_169' title='bbox 553 1674 679 1722; x_wconf 82' lang='lat' dir='ltr'>dixit</span> <span class='ocrx_word' id='word_1_170' title='bbox 728 1675 792 1723; x_wconf 89' lang='lat' dir='ltr'>ad</span> <span class='ocrx_word' id='word_1_171' title='bbox 843 1676 1058 1735; x_wconf 87' lang='lat' dir='ltr'>caelum,</span> <span class='ocrx_word' id='word_1_172' title='bbox 1118 1676 1251 1739; x_wconf 90' lang='lat' dir='ltr'>quod</span> <span class='ocrx_word' id='word_1_173' title='bbox 1307 1676 1513 1723; x_wconf 89' lang='lat' dir='ltr'>deorum</span> <span class='ocrx_word' id='word_1_174' title='bbox 1569 1677 1792 1725; x_wconf 91' lang='lat' dir='ltr'>omnium</span> 
     </span>
     <span class='ocr_line' id='line_1_25' title="bbox 91 1749 1790 1813; baseline 0.002 -17"><span class='ocrx_word' id='word_1_175' title='bbox 91 1749 334 1812; x_wconf 89' lang='lat' dir='ltr'>templum</span> <span class='ocrx_word' id='word_1_176' title='bbox 373 1752 450 1798; x_wconf 89' lang='lat' dir='ltr'>est</span> <span class='ocrx_word' id='word_1_177' title='bbox 487 1751 538 1798; x_wconf 88' lang='lat' dir='ltr'>et</span> <span class='ocrx_word' id='word_1_178' title='bbox 575 1751 784 1813; x_wconf 86' lang='lat' dir='ltr'>rogatur</span> <span class='ocrx_word' id='word_1_179' title='bbox 822 1750 910 1813; x_wconf 88' lang='lat' dir='ltr'>qui</span> <span class='ocrx_word' id='word_1_180' title='bbox 946 1751 1000 1798; x_wconf 91' lang='lat' dir='ltr'>in</span> <span class='ocrx_word' id='word_1_181' title='bbox 1036 1752 1257 1812; x_wconf 89' lang='lat' dir='ltr'>tempore</span> <span class='ocrx_word' id='word_1_182' title='bbox 1292 1750 1443 1798; x_wconf 84' lang='lat' dir='ltr'>fuerit</span> <span class='ocrx_word' id='word_1_183' title='bbox 1472 1750 1790 1799; x_wconf 80' lang='lat' dir='ltr'>necessarius.</span> 
     </span>
     <span class='ocr_line' id='line_1_26' title="bbox 93 1824 1792 1885; baseline 0 -13"><span class='ocrx_word' id='word_1_184' title='bbox 93 1824 248 1879; x_wconf 78' lang='lat' dir='ltr'>alma,</span> <span class='ocrx_word' id='word_1_185' title='bbox 283 1824 370 1871; x_wconf 79' lang='lat' dir='ltr'>tibi</span> <span class='ocrx_word' id='word_1_186' title='bbox 398 1824 545 1880; x_wconf 78' lang='lat' dir='ltr'>hanc,</span> <span class='ocrx_word' id='word_1_187' title='bbox 578 1838 830 1872; x_wconf 79' lang='lat' dir='ltr'>nemorwm</span> <span class='ocrx_word' id='word_1_188' title='bbox 861 1824 1056 1880; x_wconf 66' lang='lat' dir='ltr'>aalma),</span> <span class='ocrx_word' id='word_1_189' title='bbox 1082 1824 1301 1872; x_wconf 79' lang='lat' dir='ltr'>Latonia</span> <span class='ocrx_word' id='word_1_190' title='bbox 1330 1825 1487 1885; x_wconf 64' lang='lat' dir='ltr'>virgo,</span> <span class='ocrx_word' id='word_1_191' title='bbox 1519 1825 1624 1883; x_wconf 76' lang='lat' dir='ltr'>ipse</span> <span class='ocrx_word' id='word_1_192' title='bbox 1646 1828 1792 1884; x_wconf 77' lang='lat' dir='ltr'>pater</span> 
     </span>
     <span class='ocr_line' id='line_1_27' title="bbox 92 1897 1791 1961; baseline 0 -15"><span class='ocrx_word' id='word_1_193' title='bbox 92 1897 336 1957; x_wconf 78' lang='lat' dir='ltr'>famulam</span> <span class='ocrx_word' id='word_1_194' title='bbox 373 1912 542 1945; x_wconf 82' lang='lat' dir='ltr'>voveo:</span> <span class='ocrx_word' id='word_1_195' title='bbox 580 1898 792 1947; x_wconf 88' lang='lat' dir='ltr'>dolentis</span> <span class='ocrx_word' id='word_1_196' title='bbox 833 1901 884 1946; x_wconf 87' lang='lat' dir='ltr'>et</span> <span class='ocrx_word' id='word_1_197' title='bbox 913 1897 1196 1960; x_wconf 84' lang='lat' dir='ltr'>perturbati</span> <span class='ocrx_word' id='word_1_198' title='bbox 1227 1898 1378 1946; x_wconf 89' lang='lat' dir='ltr'>dictio</span> <span class='ocrx_word' id='word_1_199' title='bbox 1418 1900 1470 1947; x_wconf 90' lang='lat' dir='ltr'>et</span> <span class='ocrx_word' id='word_1_200' title='bbox 1503 1898 1609 1947; x_wconf 90' lang='grc'><strong>01113</strong></span> <span class='ocrx_word' id='word_1_201' title='bbox 1643 1915 1791 1961; x_wconf 88' lang='lat' dir='ltr'>quem</span> 
     </span>
     <span class='ocr_line' id='line_1_28' title="bbox 92 1971 1790 2036; baseline 0.001 -18"><span class='ocrx_word' id='word_1_202' title='bbox 92 1971 289 2020; x_wconf 88' lang='lat' dir='ltr'>hostilis</span> <span class='ocrx_word' id='word_1_203' title='bbox 321 1971 423 2019; x_wconf 91' lang='lat' dir='ltr'>iam</span> <span class='ocrx_word' id='word_1_204' title='bbox 454 1971 708 2034; x_wconf 89' lang='lat' dir='ltr'>premebat</span> <span class='ocrx_word' id='word_1_205' title='bbox 740 1973 982 2021; x_wconf 90' lang='lat' dir='ltr'>exercitus</span> <span class='ocrx_word' id='word_1_206' title='bbox 1013 1988 1113 2020; x_wconf 92' lang='lat' dir='ltr'>non</span> <span class='ocrx_word' id='word_1_207' title='bbox 1144 1973 1314 2035; x_wconf 88' lang='lat' dir='ltr'>potuit</span> <span class='ocrx_word' id='word_1_208' title='bbox 1343 1987 1447 2020; x_wconf 88' lang='lat' dir='ltr'>esse</span> <span class='ocrx_word' id='word_1_209' title='bbox 1478 1972 1662 2036; x_wconf 90' lang='lat' dir='ltr'>prolixi</span> <span class='ocrx_word' id='word_1_210' title='bbox 1692 1988 1790 2021; x_wconf 90' lang='lat' dir='ltr'>ser-</span> 
     </span>
     <span class='ocr_line' id='line_1_29' title="bbox 93 2045 1790 2111; baseline 0.001 -18"><span class='ocrx_word' id='word_1_211' title='bbox 93 2046 277 2107; x_wconf 91' lang='lat' dir='ltr'>monis,</span> <span class='ocrx_word' id='word_1_212' title='bbox 317 2045 515 2094; x_wconf 88' lang='lat' dir='ltr'>dicebat</span> <span class='ocrx_word' id='word_1_213' title='bbox 551 2048 721 2094; x_wconf 90' lang='lat' dir='ltr'>tamen</span> <span class='ocrx_word' id='word_1_214' title='bbox 759 2048 1051 2095; x_wconf 85' lang='lat' dir='ltr'>concinnam</span> <span class='ocrx_word' id='word_1_215' title='bbox 1081 2046 1279 2094; x_wconf 87' lang='lat' dir='ltr'>laudem</span> <span class='ocrx_word' id='word_1_216' title='bbox 1317 2047 1423 2095; x_wconf 90' lang='lat' dir='ltr'>eius</span> <span class='ocrx_word' id='word_1_217' title='bbox 1455 2062 1608 2109; x_wconf 89' lang='lat' dir='ltr'>quam</span> <span class='ocrx_word' id='word_1_218' title='bbox 1645 2063 1790 2111; x_wconf 89' lang='lat' dir='ltr'>roga-</span> 
     </span>
     <span class='ocr_line' id='line_1_30' title="bbox 92 2119 1791 2182; baseline 0.001 -15"><span class='ocrx_word' id='word_1_219' title='bbox 92 2119 182 2168; x_wconf 85' lang='lat' dir='ltr'>bat</span> <span class='ocrx_word' id='word_1_220' title='bbox 211 2120 494 2182; x_wconf 88' lang='lat' dir='ltr'>praeferens</span> <span class='ocrx_word' id='word_1_221' title='bbox 526 2135 637 2168; x_wconf 91' lang='lat' dir='ltr'>eam</span> <span class='ocrx_word' id='word_1_222' title='bbox 667 2121 772 2169; x_wconf 83' lang='lat' dir='ltr'>suis</span> <span class='ocrx_word' id='word_1_223' title='bbox 798 2120 991 2169; x_wconf 87' lang='lat' dir='ltr'>meritis</span> <span class='ocrx_word' id='word_1_224' title='bbox 1016 2123 1066 2168; x_wconf 88' lang='lat' dir='ltr'>et</span> <span class='ocrx_word' id='word_1_225' title='bbox 1093 2121 1353 2168; x_wconf 87' lang='lat' dir='ltr'>maternis:</span> <span class='ocrx_word' id='word_1_226' title='bbox 1385 2121 1489 2170; x_wconf 86' lang='lat' dir='ltr'>suis</span> <span class='ocrx_word' id='word_1_227' title='bbox 1512 2121 1605 2170; x_wconf 90' lang='lat' dir='ltr'>hoc</span> <span class='ocrx_word' id='word_1_228' title='bbox 1628 2120 1791 2182; x_wconf 87' lang='lat' dir='ltr'>modo,</span> 
     </span>
     <span class='ocr_line' id='line_1_31' title="bbox 95 2193 1790 2278; baseline 0 -36"><span class='ocrx_word' id='word_1_229' title='bbox 95 2193 228 2278; x_wconf 80' lang='lat' dir='ltr'>quod</span> <span class='ocrx_word' id='word_1_230' title='bbox 258 2193 566 2257; x_wconf 87' lang='lat' dir='ltr'>virginitatis</span> <span class='ocrx_word' id='word_1_231' title='bbox 590 2194 774 2243; x_wconf 90' lang='lat' dir='ltr'>honore</span> <span class='ocrx_word' id='word_1_232' title='bbox 798 2195 1033 2257; x_wconf 89' lang='lat' dir='ltr'>polleret,</span> <span class='ocrx_word' id='word_1_233' title='bbox 1065 2194 1198 2256; x_wconf 89' lang='lat' dir='ltr'>quod</span> <span class='ocrx_word' id='word_1_234' title='bbox 1229 2195 1403 2258; x_wconf 91' lang='lat' dir='ltr'>procul</span> <span class='ocrx_word' id='word_1_235' title='bbox 1434 2198 1564 2244; x_wconf 88' lang='lat' dir='ltr'>esset</span> <span class='ocrx_word' id='word_1_236' title='bbox 1595 2211 1625 2242; x_wconf 89' lang='lat' dir='ltr'>a</span> <span class='ocrx_word' id='word_1_237' title='bbox 1648 2195 1790 2243; x_wconf 92' lang='grc'><strong>111111-</strong></span> 
     </span>
     <span class='ocr_line' id='line_1_32' title="bbox 93 2267 1792 2334; baseline 0.001 -19"><span class='ocrx_word' id='word_1_238' title='bbox 93 2269 238 2334; x_wconf 87' lang='lat' dir='ltr'>riosis</span> <span class='ocrx_word' id='word_1_239' title='bbox 268 2267 615 2331; x_wconf 81' lang='lat' dir='ltr'>voluptatibus</span> <span class='ocrx_word' id='word_1_240' title='bbox 647 2271 697 2316; x_wconf 90' lang='lat' dir='ltr'>et</span> <span class='ocrx_word' id='word_1_241' title='bbox 720 2268 958 2332; x_wconf 89' lang='lat' dir='ltr'>delegerit</span> <span class='ocrx_word' id='word_1_242' title='bbox 988 2269 1164 2331; x_wconf 81' lang='lat' dir='ltr'>silvas,</span> <span class='ocrx_word' id='word_1_243' title='bbox 1193 2268 1247 2316; x_wconf 91' lang='lat' dir='ltr'>in</span> <span class='ocrx_word' id='word_1_244' title='bbox 1279 2268 1460 2332; x_wconf 90' lang='lat' dir='ltr'>quibus</span> <span class='ocrx_word' id='word_1_245' title='bbox 1492 2269 1634 2317; x_wconf 88' lang='lat' dir='ltr'>labor</span> <span class='ocrx_word' id='word_1_246' title='bbox 1664 2271 1792 2317; x_wconf 89' lang='lat' dir='ltr'>esset</span> 
     </span>
    </p>
   </div>
   <div class='ocr_carea' id='block_1_7' title="bbox 11 2341 1789 2405">
    <p class='ocr_par' dir='ltr' id='par_1_7' title="bbox 11 2341 1789 2405">
     <span class='ocr_line' id='line_1_33' title="bbox 11 2341 1789 2405; baseline 0 -15"><span class='ocrx_word' id='word_1_247' title='bbox 11 2350 19 2358; x_wconf 87' lang='lat'>&#39;</span> <span class='ocrx_word' id='word_1_248' title='bbox 95 2343 146 2390; x_wconf 90' lang='lat' dir='ltr'>et</span> <span class='ocrx_word' id='word_1_249' title='bbox 184 2343 424 2405; x_wconf 86' lang='lat' dir='ltr'>asperitas</span> <span class='ocrx_word' id='word_1_250' title='bbox 466 2341 613 2403; x_wconf 88' lang='lat' dir='ltr'>dura,</span> <span class='ocrx_word' id='word_1_251' title='bbox 659 2342 1124 2391; x_wconf 89' lang='lat' dir='ltr'>commemoratione</span> <span class='ocrx_word' id='word_1_252' title='bbox 1171 2359 1287 2392; x_wconf 85' lang='lat' dir='ltr'>vero</span> <span class='ocrx_word' id='word_1_253' title='bbox 1325 2343 1540 2392; x_wconf 87' lang='lat' dir='ltr'>materni</span> <span class='ocrx_word' id='word_1_254' title='bbox 1576 2342 1789 2390; x_wconf 90' lang='lat' dir='ltr'>nominis</span> 
     </span>
    </p>
   </div>
   <div class='ocr_carea' id='block_1_8' title="bbox 97 2416 1792 2703">
    <p class='ocr_par' dir='ltr' id='par_1_8' title="bbox 97 2416 1792 2703">
     <span class='ocr_line' id='line_1_34' title="bbox 97 2416 1791 2480; baseline 0.001 -17"><span class='ocrx_word' id='word_1_255' title='bbox 97 2416 237 2464; x_wconf 88' lang='lat' dir='ltr'>auxit</span> <span class='ocrx_word' id='word_1_256' title='bbox 273 2416 497 2477; x_wconf 88' lang='lat' dir='ltr'>laudem,</span> <span class='ocrx_word' id='word_1_257' title='bbox 535 2418 596 2464; x_wconf 91' lang='lat' dir='ltr'>ut</span> <span class='ocrx_word' id='word_1_258' title='bbox 634 2417 733 2464; x_wconf 90' lang='grc'><strong>3110</strong></span> <span class='ocrx_word' id='word_1_259' title='bbox 772 2417 882 2465; x_wconf 87' lang='grc'><strong>1000</strong></span> <span class='ocrx_word' id='word_1_260' title='bbox 921 2416 1205 2465; x_wconf 89' lang='lat' dir='ltr'>Priamiden</span> <span class='ocrx_word' id='word_1_261' title='bbox 1244 2417 1414 2480; x_wconf 90' lang='lat' dir='ltr'>posuit</span> <span class='ocrx_word' id='word_1_262' title='bbox 1450 2419 1531 2466; x_wconf 84' lang='lat' dir='ltr'>vel</span> <span class='ocrx_word' id='word_1_263' title='bbox 1566 2416 1791 2464; x_wconf 91' lang='lat' dir='ltr'>Anchisi-</span> 
     </span>
     <span class='ocr_line' id='line_1_35' title="bbox 98 2489 1790 2553; baseline 0 -15"><span class='ocrx_word' id='word_1_264' title='bbox 98 2489 223 2538; x_wconf 86' lang='lat' dir='ltr'>aden</span> <span class='ocrx_word' id='word_1_265' title='bbox 262 2492 313 2538; x_wconf 86' lang='lat' dir='ltr'>et</span> <span class='ocrx_word' id='word_1_266' title='bbox 351 2491 466 2538; x_wconf 87' lang='lat' dir='ltr'>alia.</span> <span class='ocrx_word' id='word_1_267' title='bbox 529 2505 657 2552; x_wconf 88' lang='lat' dir='ltr'>quae</span> <span class='ocrx_word' id='word_1_268' title='bbox 695 2493 816 2538; x_wconf 87' lang='lat' dir='ltr'>nata</span> <span class='ocrx_word' id='word_1_269' title='bbox 855 2505 929 2551; x_wconf 87' lang='lat' dir='ltr'>es,</span> <span class='ocrx_word' id='word_1_270' title='bbox 960 2491 1148 2553; x_wconf 86' lang='lat' dir='ltr'>inquit,</span> <span class='ocrx_word' id='word_1_271' title='bbox 1181 2508 1239 2539; x_wconf 88' lang='lat' dir='ltr'>ex</span> <span class='ocrx_word' id='word_1_272' title='bbox 1274 2491 1490 2540; x_wconf 88' lang='lat' dir='ltr'>Latona:</span> <span class='ocrx_word' id='word_1_273' title='bbox 1530 2491 1647 2553; x_wconf 88' lang='lat' dir='ltr'>quia</span> <span class='ocrx_word' id='word_1_274' title='bbox 1685 2490 1790 2538; x_wconf 89' lang='grc'><strong>1311-</strong></span> 
     </span>
     <span class='ocr_line' id='line_1_36' title="bbox 98 2563 1791 2628; baseline 0.001 -17"><span class='ocrx_word' id='word_1_275' title='bbox 98 2563 262 2612; x_wconf 88' lang='lat' dir='ltr'>dantis</span> <span class='ocrx_word' id='word_1_276' title='bbox 294 2581 390 2613; x_wconf 86' lang='lat' dir='ltr'>vox</span> <span class='ocrx_word' id='word_1_277' title='bbox 422 2567 497 2613; x_wconf 88' lang='lat' dir='ltr'>est</span> <span class='ocrx_word' id='word_1_278' title='bbox 528 2566 577 2612; x_wconf 92' lang='lat' dir='ltr'>et</span> <span class='ocrx_word' id='word_1_279' title='bbox 607 2564 771 2612; x_wconf 88' lang='lat' dir='ltr'>laudis</span> <span class='ocrx_word' id='word_1_280' title='bbox 802 2565 960 2627; x_wconf 86' lang='lat' dir='ltr'>partis</span> <span class='ocrx_word' id='word_1_281' title='bbox 991 2564 1043 2612; x_wconf 92' lang='lat' dir='ltr'>in</span> <span class='ocrx_word' id='word_1_282' title='bbox 1072 2566 1179 2614; x_wconf 90' lang='lat' dir='ltr'>sola</span> <span class='ocrx_word' id='word_1_283' title='bbox 1210 2565 1545 2628; x_wconf 86' lang='lat' dir='ltr'>appellatione</span> <span class='ocrx_word' id='word_1_284' title='bbox 1575 2565 1791 2612; x_wconf 91' lang='lat' dir='ltr'>nominis</span> 
     </span>
     <span class='ocr_line' id='line_1_37' title="bbox 98 2638 1792 2703; baseline 0 -18"><span class='ocrx_word' id='word_1_285' title='bbox 98 2639 287 2700; x_wconf 90' lang='lat' dir='ltr'>posuit,</span> <span class='ocrx_word' id='word_1_286' title='bbox 326 2654 416 2687; x_wconf 91' lang='lat' dir='ltr'>nos</span> <span class='ocrx_word' id='word_1_287' title='bbox 448 2653 710 2700; x_wconf 89' lang='lat' dir='ltr'>possumus</span> <span class='ocrx_word' id='word_1_288' title='bbox 742 2639 924 2687; x_wconf 90' lang='lat' dir='ltr'>sentire</span> <span class='ocrx_word' id='word_1_289' title='bbox 958 2654 1085 2701; x_wconf 83' lang='lat' dir='ltr'>quae</span> <span class='ocrx_word' id='word_1_290' title='bbox 1115 2641 1388 2703; x_wconf 92' lang='lat' dir='ltr'>potuerunt</span> <span class='ocrx_word' id='word_1_291' title='bbox 1419 2638 1638 2703; x_wconf 88' lang='lat' dir='ltr'>apertius</span> <span class='ocrx_word' id='word_1_292' title='bbox 1671 2638 1792 2700; x_wconf 82' lang='lat' dir='ltr'>dici3</span> 
     </span>
    </p>
   </div>
   <div class='ocr_carea' id='block_1_9' title="bbox 99 2731 454 2738">
    <p class='ocr_par' dir='ltr' id='par_1_9' title="bbox 99 2731 454 2738">
     <span class='ocr_line' id='line_1_38' title="bbox 99 2731 454 2738; baseline 0 488"><span class='ocrx_word' id='word_1_293' title='bbox 99 2731 454 2738; x_wconf 95' lang='lat' dir='ltr'> </span> 
     </span>
    </p>
   </div>
   <div class='ocr_carea' id='block_1_10' title="bbox 98 2779 1794 2943">
    <p class='ocr_par' dir='ltr' id='par_1_10' title="bbox 98 2779 1794 2943">
     <span class='ocr_line' id='line_1_39' title="bbox 218 2779 1794 2836; baseline 0.001 -13"><span class='ocrx_word' id='word_1_294' title='bbox 218 2784 243 2823; x_wconf 89' lang='lat'>2</span> <span class='ocrx_word' id='word_1_295' title='bbox 275 2793 363 2834; x_wconf 80' lang='lat' dir='ltr'>quo</span> <span class='ocrx_word' id='word_1_296' title='bbox 392 2780 642 2834; x_wconf 79' lang='lat' dir='ltr'>infantem,</span> <span class='ocrx_word' id='word_1_297' title='bbox 674 2779 756 2824; x_wconf 84' lang='lat' dir='ltr'>sed</span> <span class='ocrx_word' id='word_1_298' title='bbox 782 2779 971 2835; x_wconf 81' lang='lat' dir='ltr'>punctis</span> <span class='ocrx_word' id='word_1_299' title='bbox 995 2780 1301 2836; x_wconf 82' lang='lat' dir='ltr'>superpositis</span> <span class='ocrx_word' id='word_1_300' title='bbox 1326 2779 1531 2824; x_wconf 88' lang='lat' dir='ltr'>deletum</span> <span class='ocrx_word' id='word_1_301' title='bbox 1556 2781 1663 2835; x_wconf 83' lang='lat' dir='ltr'>post</span> <span class='ocrx_word' id='word_1_302' title='bbox 1684 2779 1794 2834; x_wconf 77' lang='lat' dir='ltr'>fecit</span> 
     </span>
     <span class='ocr_line' id='line_1_40' title="bbox 98 2836 1793 2884; baseline 0.001 -4"><span class='ocrx_word' id='word_1_303' title='bbox 98 2837 244 2881; x_wconf 87' lang='lat' dir='ltr'>habet</span> <span class='ocrx_word' id='word_1_304' title='bbox 266 2838 320 2882; x_wconf 93' lang='lat' dir='ltr'>V.</span> <span class='ocrx_word' id='word_1_305' title='bbox 426 2843 451 2882; x_wconf 87' lang='lat'><strong>3</strong></span> <span class='ocrx_word' id='word_1_306' title='bbox 482 2840 716 2883; x_wconf 78' lang='lat' dir='ltr'>inventum</span> <span class='ocrx_word' id='word_1_307' title='bbox 739 2837 782 2882; x_wconf 88' lang='lat' dir='ltr'><strong>V</strong></span> <span class='ocrx_word' id='word_1_308' title='bbox 814 2844 934 2884; x_wconf 88' lang='lat' dir='ltr'>-tam</span> <span class='ocrx_word' id='word_1_309' title='bbox 965 2839 1053 2883; x_wconf 87' lang='lat' dir='ltr'>edI</span> <span class='ocrx_word' id='word_1_310' title='bbox 1082 2845 1159 2884; x_wconf 85' lang='lat' dir='ltr'>-ta</span> <span class='ocrx_word' id='word_1_311' title='bbox 1191 2839 1307 2883; x_wconf 85' lang='lat' dir='ltr'>edF.</span> <span class='ocrx_word' id='word_1_312' title='bbox 1414 2844 1442 2882; x_wconf 84' lang='lat'>4</span> <span class='ocrx_word' id='word_1_313' title='bbox 1472 2853 1615 2883; x_wconf 80' lang='lat' dir='ltr'>unam</span> <span class='ocrx_word' id='word_1_314' title='bbox 1638 2838 1680 2882; x_wconf 88' lang='lat' dir='ltr'><strong>V</strong></span> <span class='ocrx_word' id='word_1_315' title='bbox 1705 2836 1793 2882; x_wconf 90' lang='lat' dir='ltr'>edI</span> 
     </span>
     <span class='ocr_line' id='line_1_41' title="bbox 100 2897 1794 2943; baseline 0.001 -3"><span class='ocrx_word' id='word_1_316' title='bbox 100 2897 287 2941; x_wconf 79' lang='lat' dir='ltr'>eandem</span> <span class='ocrx_word' id='word_1_317' title='bbox 326 2897 443 2941; x_wconf 86' lang='lat' dir='ltr'>edF.</span> <span class='ocrx_word' id='word_1_318' title='bbox 566 2903 592 2941; x_wconf 90' lang='grc'>5</span> <span class='ocrx_word' id='word_1_319' title='bbox 625 2911 680 2941; x_wconf 83' lang='lat' dir='ltr'>ae</span> <span class='ocrx_word' id='word_1_320' title='bbox 702 2897 744 2940; x_wconf 91' lang='lat' dir='ltr'><strong>V</strong></span> <span class='ocrx_word' id='word_1_321' title='bbox 776 2903 817 2943; x_wconf 81' lang='lat' dir='ltr'>et</span> <span class='ocrx_word' id='word_1_322' title='bbox 847 2898 918 2942; x_wconf 89' lang='lat' dir='ltr'>ed.</span> <span class='ocrx_word' id='word_1_323' title='bbox 1049 2902 1074 2942; x_wconf 88' lang='lat'>9</span> <span class='ocrx_word' id='word_1_324' title='bbox 1114 2899 1330 2943; x_wconf 74' lang='lat' dir='ltr'>arborum</span> <span class='ocrx_word' id='word_1_325' title='bbox 1367 2898 1439 2942; x_wconf 82' lang='lat' dir='ltr'>ed.&#39;</span> <span class='ocrx_word' id='word_1_326' title='bbox 1569 2902 1623 2941; x_wconf 84' lang='lat'>27</span> <span class='ocrx_word' id='word_1_327' title='bbox 1665 2898 1794 2942; x_wconf 80' lang='lat' dir='ltr'>labor</span> 
     </span>
    </p>
   </div>
   <div class='ocr_carea' id='block_1_11' title="bbox 101 2955 1784 3060">
    <p class='ocr_par' dir='ltr' id='par_1_11' title="bbox 101 2955 1784 3060">
     <span class='ocr_line' id='line_1_42' title="bbox 102 2955 1784 3015; baseline 0.002 -17"><span class='ocrx_word' id='word_1_328' title='bbox 102 2969 189 2998; x_wconf 92' lang='lat' dir='ltr'>om.</span> <span class='ocrx_word' id='word_1_329' title='bbox 224 2955 294 2999; x_wconf 87' lang='lat' dir='ltr'>ed.</span> <span class='ocrx_word' id='word_1_330' title='bbox 419 2960 474 3000; x_wconf 84' lang='lat'>28</span> <span class='ocrx_word' id='word_1_331' title='bbox 507 2962 549 3001; x_wconf 81' lang='lat' dir='ltr'>et</span> <span class='ocrx_word' id='word_1_332' title='bbox 580 2970 668 3000; x_wconf 90' lang='lat' dir='ltr'>om.</span> <span class='ocrx_word' id='word_1_333' title='bbox 694 2956 766 3000; x_wconf 89' lang='lat' dir='ltr'>ed.</span> <span class='ocrx_word' id='word_1_334' title='bbox 883 2961 937 3000; x_wconf 83' lang='lat'>29</span> <span class='ocrx_word' id='word_1_335' title='bbox 968 2959 1087 3003; x_wconf 81' lang='lat' dir='ltr'>vixit</span> <span class='ocrx_word' id='word_1_336' title='bbox 1108 2957 1150 3001; x_wconf 93' lang='lat' dir='ltr'><strong>V</strong></span> <span class='ocrx_word' id='word_1_337' title='bbox 1180 2958 1336 3002; x_wconf 76' lang='lat' dir='ltr'>hausit</span> <span class='ocrx_word' id='word_1_338' title='bbox 1365 2957 1408 3000; x_wconf 93' lang='lat' dir='ltr'>H</span> <span class='ocrx_word' id='word_1_339' title='bbox 1440 2958 1572 3001; x_wconf 75' lang='lat' dir='ltr'>auxit</span> <span class='ocrx_word' id='word_1_340' title='bbox 1604 2955 1640 3001; x_wconf 94' lang='grc' dir='ltr'>Ο</span> <span class='ocrx_word' id='word_1_341' title='bbox 1674 2956 1745 3001; x_wconf 89' lang='lat' dir='ltr'>ed.</span> <span class='ocrx_word' id='word_1_342' title='bbox 1779 2957 1784 3015; x_wconf 81' lang='grc' dir='ltr'>Ι</span> 
     </span>
     <span class='ocr_line' id='line_1_43' title="bbox 101 3015 725 3060; baseline 0.002 -2"><span class='ocrx_word' id='word_1_343' title='bbox 101 3015 168 3059; x_wconf 86' lang='lat' dir='ltr'>vel</span> <span class='ocrx_word' id='word_1_344' title='bbox 192 3015 503 3060; x_wconf 78' lang='lat' dir='ltr'>Anchisiaden</span> <span class='ocrx_word' id='word_1_345' title='bbox 535 3029 623 3060; x_wconf 90' lang='lat' dir='ltr'>om.</span> <span class='ocrx_word' id='word_1_346' title='bbox 654 3015 725 3060; x_wconf 90' lang='lat' dir='ltr'>ed.</span> 
     </span>
    </p>
   </div>
   <div class='ocr_carea' id='block_1_12' title="bbox 1440 3104 1527 3147">
    <p class='ocr_par' dir='ltr' id='par_1_12' title="bbox 1440 3104 1527 3147">
     <span class='ocr_line' id='line_1_44' title="bbox 1440 3104 1527 3147; baseline 0 0"><span class='ocrx_word' id='word_1_347' title='bbox 1440 3104 1527 3147; x_wconf 64' lang='lat'>32&#39;</span> 
     </span>
    </p>
   </div>
  </div>
 </body>
</html>
