2050 3226
784 128 1089 175 AENEmos
1119 128 1185 174 x1
1721 133 1832 187 465

139 285 376 335 magnum
415 269 598 332 quippe
635 268 895 318 inventum
933 270 1010 319 est
1040 268 1196 333 quod,
1234 269 1354 317 licet
1385 268 1446 318 ab
1476 286 1575 318 uno
1608 274 1833 320 exortum

140 345 226 406 sit,
283 343 450 393 cuncti
496 342 777 406 adprobant
817 346 869 393 et
912 343 1134 392 universi
1180 343 1487 392 confirmant.
1564 345 1835 394 occultavit

139 418 362 483 privatas
393 416 707 479 inimicitias,
745 434 807 465 ne
846 433 946 466 non
975 417 1254 482 publicum,
1286 417 1373 468 sed
1404 433 1548 465 suum
1578 420 1834 482 negotium

141 508 287 557 agere
323 491 598 552 videretur,
639 491 834 555 aperuit
870 494 1039 541 tamen
1078 491 1250 540 odium
1287 491 1423 554 quod
1460 491 1666 556 obliqua
1703 509 1834 541 exer·

22 623 23 626 Ἴ
90 582 109 615 5
141 566 284 616 cebat
320 564 535 629 invidia3
580 565 810 615 idoneam
850 567 1036 630 quippe
1074 565 1285 615 nocendi
1320 566 1580 616 invenerat
1618 582 1836 617 causam.

139 657 264 702 rem,
309 639 499 702 inquit,
549 639 775 689 omnibus
813 640 1132 689 manifestam
1168 640 1366 689 locutus
1414 655 1465 689 es
1479 657 1497 689 ε.
1542 656 1651 689 ecce
1691 641 1838 704 quasi

140 729 308 763 omnes
345 714 479 762 idem
517 714 706 763 vellent
735 718 885 776 atque
922 714 1055 763 idem
1093 714 1357 776 sentirent,
1396 715 1467 764 sic
1506 718 1707 765 exorsus
1747 718 1838 764 est.

138 789 317 838 laudat
369 787 668 838 sententiam
719 790 852 853 regis
907 791 958 837 et
1010 789 1160 851 hanc,
1225 788 1362 852 quod
1424 789 1603 838 melius
1657 789 1838 851 fuerat,

138 862 389 912 laudando
428 863 709 925 confirmat3
747 878 848 911 non
886 862 1018 911 enim
1053 862 1224 911 debuit
1252 864 1369 926 post
1404 863 1536 927 regis
1575 863 1838 913 arbitrium

67 953 110 986 10
138 938 246 1000 ipse
277 951 477 1000 quoque
508 939 766 1000 tamquam
790 937 849 984 de
883 952 1034 986 causa
1062 936 1288 986 iudicans
1318 937 1459 1000 loqui
1489 931 1837 1004 (praeferendo

138 1013 307 1061 tamen
346 1014 496 1074 atque
535 1010 855 1074 adprobando
887 1012 999 1074 plus
1040 1004 1171 1077 agit)
1212 1027 1364 1075 quam
1402 1011 1605 1061 volebat
1641 1012 1837 1075 inpleri.

139 1101 296 1149 usque
330 1085 475 1147 adeo,
516 1084 610 1147 ait,
647 1101 733 1133 rex
763 1087 974 1150 optime,
1012 1082 1050 1150 †
1080 1087 1279 1134 tantum
1310 1087 1500 1135 cunctis
1531 1087 1697 1149 placet
1730 1101 1837 1135 sen·

139 1161 300 1208 tentia
338 1162 449 1221 tua,
487 1161 547 1208 ut
583 1159 782 1208 laudari
820 1159 986 1223 potius
1026 1159 1204 1208 debeat
1242 1175 1395 1222 quam
1427 1159 1486 1208 de
1525 1176 1584 1209 ea
1612 1161 1839 1209 tractari.

142 1235 212 1283 sic
251 1234 517 1283 consulunt
548 1233 730 1296 quibus
767 1233 976 1297 imperio
1015 1236 1239 1297 potestas
1275 1235 1351 1282 est
1381 1236 1432 1283 et
1461 1249 1641 1283 nomen
1670 1236 1838 1299 regale

69 1324 110 1357 ιε
141 1309 472 1359 committitur
486 1309 536 1356 et
553 1309 640 1370 qui
655 1308 778 1356 bene
799 1308 896 1358 sibi
919 1307 1233 1357 commissam
1256 1307 1615 1372 rempublicam
1635 1312 1839 1373 regunt:

139 1382 258 1430 boni
306 1383 436 1447 regis
489 1382 707 1431 officium
756 1383 954 1446 conples
1001 1382 1130 1430 nulli
1175 1384 1347 1431 contra
1398 1382 1658 1446 publicum
1709 1399 1839 1432 com·

139 1455 344 1505 modum
396 1456 696 1519 praestando
750 1457 969 1521 gratiam
1013 1457 1303 1519 nullumque
1348 1457 1629 1506 metuendo.
1706 1457 1840 1520 quod

139 1531 307 1594 ipsum
337 1530 580 1594 probatur
610 1547 669 1579 ex
699 1547 772 1593 ec,
805 1530 924 1594 quia
953 1530 1007 1579 id
1038 1531 1239 1580 sensisti
1262 1530 1397 1594 quod
1427 1547 1534 1580 nos·
1588 1533 1754 1580 cuncti
1785 1547 1836 1581 se

141 1605 265 1654 scire
292 1605 517 1653 fatentur
540 1605 663 1667 quid
686 1606 890 1654 fortuna
920 1606 1051 1654 ferat
1080 1606 1271 1669 populi,
1296 1605 1383 1654 sed
1407 1605 1567 1654 dicere
1590 1608 1839 1655 mussant:

67 1695 110 1727 20
141 1678 227 1729 sed
264 1681 500 1727 metuunt
535 1679 677 1742 loqui
722 1681 772 1728 et
816 1679 951 1728 mala
997 1682 1168 1729 nostra
1214 1681 1374 1742 pressi
1410 1679 1675 1729 formidine
1725 1695 1838 1729 con·

139 1754 339 1818 tegunt:
377 1770 438 1802 ne
462 1753 708 1802 diceretur
731 1769 821 1802 cur
842 1754 978 1802 solus
1002 1754 1219 1816 loqueris
1244 1756 1295 1803 et
1323 1753 1403 1802 illi
1423 1753 1624 1803 tacent?
1654 1753 1840 1803 idcirco

141 1829 237 1888 ait,
274 1828 453 1876 volunt
482 1828 622 1891 loqui
647 1829 891 1890 universi,
928 1827 1014 1878 sed
1043 1828 1236 1877 timent.
1291 1829 1369 1876 det
1398 1828 1664 1876 libertatem
1692 1829 1840 1888 fandi

139 1903 380 1962 flatusque
423 1903 634 1950 remittat
679 1903 818 1951 cuius
856 1904 914 1951 ob
954 1903 1229 1963 auspicium
1273 1903 1549 1962 iufaustum
1591 1904 1840 1962 moresque

140 1976 365 2024 sinistros
403 1975 587 2035 (dicam
618 1977 854 2037 equidem,
900 1977 1006 2025 licet
1043 1992 1186 2025 arma
1214 1977 1335 2024 mihi
1363 1980 1653 2036 mortemque
1689 1978 1841 2025 mine-

68 2064 111 2097 85
141 2051 242 2107 tur)
274 2050 464 2098 lumina
494 2053 560 2098 tot
589 2051 814 2099 cecidisse
844 2051 1022 2099 ducwm
1053 2054 1291 2110 totamque
1320 2050 1540 2098 videmus
1570 2051 1840 2100 consedisse
1858 2063 1943 2102 350

140 2125 310 2173 urbem
349 2124 499 2181 luctu,
532 2124 650 2172 dwm
682 2125 834 2173 Troia
864 2128 1061 2185 temptat
1099 2128 1261 2173 castra
1290 2125 1439 2186 fuqae
1472 2124 1631 2184 fidens
1662 2128 1705 2172 et
1735 2139 1840 2173 cae-

143 2199 245 2246 lum
282 2199 471 2246 territat
500 2199 678 2247 armisss·
715 2200 838 2248 satis
876 2199 1125 2248 invidiosa
1156 2198 1308 2248 dictio
1337 2202 1391 2248 'et
1421 2199 1678 2248 altissimis
1711 2199 1837 2247 dolis

264 2359 287 2398 1
314 2359 518 2399 emortum
543 2359 567 2399 ἓ
583 2354 625 2398 V
642 2368 711 2399 ex.
729 2361 840 2400 esset
862 2355 933 2399 ed.
961 2369 1028 2400 ex.
1045 2357 1106 2400 sit
1128 2369 1212 2400 nos
1236 2356 1459 2413 (inversus
1485 2369 1611 2400 error
1636 2359 1705 2409 10,
1721 2356 1837 2410 783).

145 2418 170 2458 3
208 2414 443 2470 publicum
473 2414 552 2458 sed
581 2427 714 2458 suum
746 2414 787 2457 V
815 2414 903 2458 edI
940 2427 1073 2459 suum
1103 2415 1182 2460 sed
1206 2416 1333 2472 publ.
1366 2415 1483 2459 edF.
1607 2419 1660 2458 11
1702 2428 1837 2470 quam

142 2487 227 2529 pro
261 2472 481 2518 adverbio
516 2473 726 2529 accipere
750 2473 936 2518 videtur
960 2475 1047 2527 ed„
1073 2475 1154 2518 sed
1178 2475 1239 2518 ad
1263 2489 1404 2520 causa
1426 2474 1659 2530 pertinere
1683 2475 1835 2528 patet:

145 2534 216 2576 est
245 2532 393 2589 igitur
416 2533 540 2588 loqui
564 2532 966 2588 pronuntiatione,
990 2535 1045 2577 ut
1067 2533 1184 2578 Don.
1211 2533 1364 2578 dicere
1390 2534 1528 2586 solet,
1555 2532 1837 2588 suspenden-

145 2591 278 2645 dum,
319 2591 622 2647 quamobrem
665 2591 967 2647 parenthesin
1005 2592 1278 2650 significavi.
1378 2597 1431 2636 12
1465 2594 1562 2648 ayit
1585 2591 1626 2635 V
1657 2584 1837 2635 ait‘nos

145 2652 295 2706 inquit
326 2651 397 2694 ed.
442 2651 447 2710 Ι
494 2656 673 2695 tantum
696 2650 739 2693 V
762 2651 833 2695 ed.
867 2651 1075 2707 spurium
1106 2652 1304 2696 videtur.
1398 2657 1454 2695 14
1485 2652 1675 2707 imperio
1701 2647 1740 2692 V
1765 2651 1835 2694 ed.

147 2711 236 2754 -rii
247 2715 268 2754 ’ἓ
390 2715 444 2754 15
489 2711 805 2754 committimus
847 2711 918 2754 ed.
1043 2715 1097 2755 18
1129 2725 1284 2756 uos—
1305 2715 1357 2754 19
1383 2711 1549 2767 populi
1586 2709 1709 2754 male
1746 2710 1837 2753 die-

145 2769 403 2825 tinguendo
447 2769 674 2813 mutando
722 2769 980 2814 omittendo
1023 2771 1230 2827 corrupit
1273 2771 1344 2813 ed.
1469 2775 1522 2812 21
1565 2770 1759 2825 loqueris
1796 2768 1838 2811 V

146 2829 328 2883 quaeris
351 2828 422 2872 ed.
503 2833 557 2872 25
582 2829 780 2873 vidimus
803 2831 866 2885 (et
889 2829 1028 2884 infra)
1046 2829 1100 2874 V.
1180 2834 1234 2873 27
1253 2830 1411 2874 territa
1436 2828 1575 2885 (infra
1592 2830 1733 2882 recte)
1752 2827 1808 2872 V.
1830 2831 1833 2858 ³

146 2887 377 2987 irfividiosa
413 2888 579 2932 sedicio
610 2887 652 2930 V
684 2888 755 2932 ed.
788 2889 835 2945 (t)
867 2902 914 2933 se
949 2889 1272 2946 dittographia
1311 2889 1462 2943 ortum
1503 2889 1630 2931 ratus
1662 2888 1838 2932 correxi

148 2959 206 2989 ο.
240 2950 338 2990 357.
374 2951 414 3001 2,
441 2951 540 2991 657.

237 3035 335 3069 Don.
351 3036 508 3075 interpr.
522 3037 634 3077 Verg.
659 3037 733 3069 vol.
749 3037 800 3068 11.
1517 3040 1572 3079 30
