2050 3226
10 1621 24 1697 ᾗ...»

116 1037 158 1070 10

114 1407 156 1440 15

111 1779 154 1811 20

850 210 1156 256 AENEmos
1187 211 1231 256 x
1779 215 1886 270 301

193 351 483 402 violentiam
532 352 744 402 senserit
794 353 844 401 et
891 368 994 402 non
1038 350 1251 416 emergit
1288 367 1348 400 ex
1394 351 1498 401 alto
1537 353 1750 416 pectoris
1788 354 1889 403 nisi

195 426 329 491 quod
380 427 433 476 vi
486 426 707 491 cogentis
762 426 1057 476 excluditur.
1149 426 1390 475 obductus
1443 442 1561 475 vero
1617 426 1759 475 dolor
1812 430 1888 477 est

193 517 339 564 quem
376 501 504 565 tegit
539 501 787 564 patientia
826 500 1204 550 dissimulantis.
1274 499 1622 549 commendata
1658 501 1713 549 in
1751 501 1886 564 prin·

192 574 334 638 cipiis
372 590 585 638 persona
630 590 721 625 sua
766 576 817 624 et
862 575 1084 624 diversae
1122 573 1285 638 partis.
1327 574 1584 623 nonnullis
1622 575 1886 624 calumniis

192 663 393 713 aspersa
442 648 611 698 omisit
658 649 1018 711 narrationem,
1068 650 1188 712 quia
1234 649 1364 698 hanc
1410 648 1574 712 ipsam
1619 648 1886 698 scientibus

188 722 411 787 ingerere
461 723 627 772 fuerat
674 723 913 773 vitiosum
959 725 1010 772 et
1057 723 1123 771 ad
1170 722 1306 786 ipsas
1358 723 1675 786 quaestiones
1723 723 1885 788 magis

188 797 354 846 fuerat
390 796 774 861 properandum.
849 796 903 845 in
951 797 1030 846 his
1077 798 1261 861 quippe
1308 799 1359 846 et
1402 798 1613 862 purgari
1650 811 1702 846 se
1740 813 1885 861 posse

189 871 530 920 arbitrabatur
578 871 704 920 Iuno
754 874 806 920 et
854 871 1095 920 Troianos
1147 871 1244 921 sibi
1290 871 1482 935 potiuS,
1527 887 1627 920 non
1666 872 1885 934 aliquem

189 945 462 1008 aliquando
501 946 728 995 nocuisse
765 947 964 1009 poterat
994 946 1345 995 demonstrare.
1400 945 1607 995 Aenean
1636 946 1886 994 hominum

188 1021 447 1080 qaisquam
484 1020 744 1083 divamque
780 1021 966 1082 sabeyit
1003 1021 1130 1069 bella
1166 1021 1303 1080 sequi
1340 1023 1428 1069 aut
1469 1020 1649 1078 hostem
1695 1020 1799 1082 reyi
1834 1035 1886 1069 se

186 1095 371 1154 inferre
407 1094 629 1144 Latino?
703 1094 887 1143 nititur
931 1095 1152 1144 colorare
1199 1109 1402 1143 causam
1444 1094 1653 1143 malam:
1690 1094 1885 1144 Aeneas

188 1169 321 1216 enim
373 1184 474 1218 non
519 1170 678 1218 movit
723 1169 931 1231 bellum,
977 1168 1064 1218 sed
1102 1168 1429 1217 existentibus
1467 1168 1683 1217 inimicis
1723 1169 1887 1218 adfuit

188 1242 285 1291 sibi
321 1258 411 1291 nec
441 1242 623 1293 Latino
664 1259 715 1293 se
752 1243 945 1292 hostem
975 1243 1254 1306 professuS,
1284 1243 1371 1291 sed
1405 1243 1482 1291 his
1522 1243 1608 1305 qui
1644 1242 1886 1292 instinctu

186 1316 345 1380 ipsius
383 1316 590 1367 Iunonis
628 1317 780 1380 primi
810 1319 1128 1380 sumpserunt
1158 1332 1312 1365 arma.
1365 1317 1571 1365 Italiam
1594 1318 1736 1377 petiit
1763 1318 1885 1378 fatis

188 1392 490 1448 auctoribuS,
532 1395 648 1448 esto,
692 1390 1008 1440 Cassandrae
1052 1391 1282 1452 inpulsas
1325 1391 1501 1451 furiis:
1550 1393 1601 1440 et
1644 1390 1725 1439 hic
1771 1391 1883 1440 sub-

188 1465 390 1514 auditur
428 1469 550 1515 esto.
605 1468 655 1515 et
686 1465 808 1528 quia
844 1466 939 1515 hoc
976 1481 1158 1530 negare
1196 1481 1297 1514 non
1335 1466 1503 1528 potuit
1541 1464 1674 1528 quod
1711 1482 1884 1515 verum

186 1554 291 1588 esse
331 1540 612 1603 constabat,
651 1556 751 1589 non
790 1555 913 1589 ausa
951 1543 1028 1589 est
1063 1539 1352 1603 inprobare,
1392 1540 1515 1602 quin
1551 1539 1721 1603 potius
1769 1555 1881 1589 con-

185 1614 339 1662 sensit
384 1616 435 1662 et
478 1616 571 1664 hoc
617 1615 797 1663 nititur
842 1614 941 1663 alio
980 1631 1158 1679 genere
1197 1630 1542 1678 praegravare.
1618 1629 1759 1670 nwm,
1806 1616 1882 1662 in-

186 1687 317 1750 quit,
368 1688 583 1750 linquere
629 1692 792 1738 castra
839 1689 1018 1737 hortati
1062 1703 1234 1737 sumas
1283 1692 1371 1737 aut
1405 1689 1560 1737 vitam
1597 1689 1883 1737 committere

183 1763 371 1810 ventis?
448 1763 512 1812 ad
560 1766 826 1827 utrumque
874 1764 1113 1826 pertinet,
1162 1762 1216 1811 id
1266 1765 1342 1812 est
1391 1761 1455 1811 ad
1504 1763 1668 1811 castra
1717 1764 1769 1811 et
1817 1762 1883 1810 ad

184 1836 572 1901 navigationem.
655 1853 763 1886 ecce
812 1840 1163 1902 argumentum
1208 1836 1413 1885 Iunonis
1461 1838 1635 1885 contra
1671 1836 1879 1885 Veneris

183 1911 462 1960 inventum:
479 1912 687 1961 Veneris
704 1911 836 1960 enim
852 1912 1116 1961 consilium
1132 1911 1231 1960 fuit
1246 1927 1346 1960 non
1370 1926 1602 1960 accusare
1626 1911 1882 1974 plurimOS,

183 1985 305 2033 haec
358 1986 538 2034 nititur
590 1986 795 2035 miscere
850 1986 946 2035 sibi
1000 1986 1125 2035 alios
1182 1985 1438 2048 omnisque
1494 1987 1768 2047 conectere,
1822 1988 1881 2034 ut

183 2075 336 2107 unam
375 2060 598 2108 omnium
634 2061 791 2109 faciat
828 2076 1053 2122 causam,
1091 2076 1152 2108 ne
1192 2061 1300 2109 sola
1331 2061 1460 2109 esset
1488 2059 1542 2108 in
1573 2059 1879 2108 obiectorum

109 2149 129 2181 2
182 2133 392 2182 invidia.
472 2134 833 2197 numquidnam
886 2150 999 2195 nOS,
1055 2134 1244 2197 inquit,
1302 2150 1414 2182 eum
1468 2149 1637 2182 sumus
1690 2133 1880 2182 hortati

183 2210 459 2257 castrorum
507 2211 620 2258 tuta
670 2209 920 2258 dimittere
971 2211 1022 2257 et
1070 2209 1378 2257 committere
1425 2209 1645 2256 animam
1682 2207 1878 2257 ventis?

182 2284 259 2330 est
296 2299 468 2331 revera
514 2283 786 2331 maximum
833 2283 1032 2347 signum
1075 2283 1373 2331 temeritatis
1414 2285 1464 2331 et
1500 2281 1876 2346 reprehensione

182 2355 389 2420 dignum
421 2357 556 2420 quod
586 2358 748 2420 primo
779 2357 888 2406 loco
921 2356 1132 2406 credidit
1162 2356 1497 2418 obiciendum,
1529 2356 1616 2405 sed
1645 2356 1699 2405 id
1721 2358 1873 2404 retor-

183 2430 432 2492 quendum
484 2432 538 2479 in
592 2447 702 2480 eam
755 2447 883 2494 quae
930 2431 1182 2479 hominem
1232 2432 1457 2494 quietum
1504 2430 1557 2478 in
1607 2431 1876 2478 extremam

180 2505 526 2554 necessitatem
557 2506 782 2569 conpulit
811 2505 942 2553 bello
974 2507 1242 2566 commot0,
1273 2508 1331 2553 ut
1361 2504 1518 2554 satius
1551 2506 1680 2553 esset
1709 2506 1875 2567 petere

180 2579 371 2627 incerta
407 2581 611 2643 propter
649 2579 1011 2642 expeditionem
1048 2579 1377 2629 necessariam
1416 2594 1567 2642 quam
1614 2594 1727 2626 cum
1763 2577 1875 2641 ipsa

182 2654 453 2701 castrorum
494 2653 777 2703 defensione
817 2653 1055 2702 consumi.
1130 2669 1249 2702 num
1283 2667 1436 2715 puero
1474 2667 1717 2701 summam
1749 2652 1872 2708 belli,

299 2799 326 2838 6
357 2795 421 2839 ad
443 2794 527 2838 VR
558 2789 612 2840 ob
644 2795 714 2839 ed.
846 2799 871 2838 7
896 2795 1246 2851 proponendum
1277 2794 1348 2839 ed.
1480 2798 1532 2836 11
1567 2793 1766 2838 colorare
1789 2791 1874 2836 VR

180 2853 370 2898 tolerare
401 2854 518 2898 edF.
642 2859 697 2898 12
729 2855 850 2899 enim
872 2853 958 2897 VR
988 2855 1154 2910 quippe
1177 2854 1247 2898 ed.
1286 2866 1289 2902 ι
1325 2854 1503 2897 monuit
1524 2851 1609 2895 VR
1638 2853 1777 2896 movit
1799 2852 1872 2897 ed.

181 2917 237 2956 13
262 2913 429 2958 Latini
459 2914 531 2958 ed.
609 2918 666 2957 14
692 2915 809 2970 petit
830 2912 916 2956 VR
938 2914 1077 2969 petiit
1106 2928 1141 2958 r.
1219 2917 1275 2956 20
1306 2912 1369 2956 ad
1391 2917 1543 2956 castra
1565 2911 1608 2954 R
1638 2911 1700 2955 ad
1724 2924 1811 2955 om.
1830 2911 1872 2955 V

181 2971 252 3014 ed.
290 2972 294 3029 Ι
330 2973 392 3016 ad
414 2974 565 3030 naviq.
591 2972 677 3017 VR
707 2974 770 3017 ad
793 2986 881 3017 om.
907 2972 980 3016 ed.
1066 2976 1120 3016 27
1147 2977 1188 3017 et
1211 2971 1295 3015 VR
1319 2971 1390 3015 ed.
1417 2975 1482 3016 est
1502 2983 1599 3014 nos.
1678 2973 1734 3013 30
1759 2971 1872 3015 bello

180 3036 394 3077 commoto
418 3045 506 3076 om.
525 3031 596 3076 ed.
691 3036 744 3075 31
772 3033 1084 3088 expetitionem
1100 3031 1185 3075 VR
1209 3044 1323 3075 corr.
1344 3029 1416 3075 ed.
1509 3033 1565 3074 32
1591 3043 1758 3086 pueros
1772 3028 1869 3074 VR.

1917 958 1973 998 65

1907 2660 1962 2699 70
