2050 3226
236 168 308 222 80
707 166 942 212 DONATI
970 167 1251 214 INTERPR.
1276 168 1456 213 VERG.

236 309 287 355 et
324 306 387 355 ab
427 306 699 372 agrestium
735 307 1040 371 inprobitate
1072 307 1405 357 defenderent.
1462 307 1716 371 [derexere
1753 307 1925 370 acieSJ,

234 396 334 429 non
370 383 474 430 iam
511 383 771 430 certamine
810 383 989 443 ayresti
1025 383 1270 442 stipitibus
1301 383 1442 431 damis
1472 384 1636 444 ayitur
1665 383 1928 431 sudibusve

133 465 219 506 525
225 456 501 516 praeustis,
539 454 655 517 [sed
689 457 822 516 ferro
861 457 1064 516 ancipiti
1101 455 1393 519 decernunt]
1399 474 1415 504 :
1454 457 1518 506 ad
1547 458 1602 505 id
1629 458 1733 506 iam
1763 457 1930 505 fuerat

235 532 462 591 ventum,
491 532 551 578 ut
579 545 679 578 non
709 530 798 578 lite
828 529 960 578 inter
989 546 1198 592 paucos,
1230 530 1317 580 sed
1346 532 1478 579 inter
1505 531 1790 579 innumeros
1824 531 1928 579 acie

235 605 366 653 veris
405 605 556 652 armis
595 604 973 653 contenderetur
1011 620 1068 652 ac
1104 605 1252 653 bello.
1321 609 1523 665 atraque
1569 605 1663 654 late
1699 606 1932 653 horrescit

155 729 159 732 ,
235 679 414 727 strictis
451 692 585 739 seyes
624 679 845 726 ensibus:
891 678 946 726 in
983 680 1184 726 tantum
1229 679 1398 743 gravis
1434 680 1611 728 horror
1656 678 1932 742 apparebat

237 768 500 814 armorum,
531 755 590 800 ut
618 752 820 801 nudatis
852 752 1034 816 gladiis
1067 755 1218 815 atque
1249 753 1440 803 eductis
1470 755 1605 802 terra
1633 754 1792 802 omnis
1825 752 1930 801 sine

235 842 418 892 magno
464 829 677 874 tremore
723 826 890 876 videre
935 843 1035 875 non
1081 830 1263 890 posset.
1341 842 1550 888 aeraque
1597 827 1786 888 fulyent
1833 827 1931 875 sole

237 901 464 949 lacessita
502 904 546 948 et
575 901 727 949 Ducem
757 901 849 948 sub
882 901 1071 949 lumina
1099 902 1309 950 iactant:
1345 917 1633 965 repercussa
1664 917 1780 950 aera
1811 901 1929 950 solis

235 975 391 1024 radiis
425 976 627 1023 tantum
656 973 859 1023 luminis
892 976 1197 1039 cogebantur
1228 976 1496 1037 effundere,
1534 978 1593 1024 ut
1623 975 1742 1024 solis
1771 975 1930 1037 ipsius

237 1050 398 1097 lucem
427 1051 734 1112 superarent.
802 1051 978 1108 fluctus
1014 1051 1088 1096 uti
1127 1051 1293 1110 primo
1340 1051 1491 1110 coepit
1539 1064 1648 1098 cum
1693 1050 1932 1097 albescere

135 1132 222 1172 530
237 1127 391 1180 vente,
415 1123 666 1183 paulatim
695 1137 798 1171 sese
828 1123 948 1170 tollit
974 1139 1111 1171 mare
1141 1123 1216 1185 [et
1245 1125 1395 1172 altius
1427 1124 1592 1172 undas
1623 1124 1782 1184 eriyit,
1815 1123 1932 1172 inde

237 1199 333 1246 imo
365 1198 611 1258 consuryit
647 1197 715 1245 ad
748 1198 943 1245 aethera
971 1197 1157 1260 fundo]
1164 1216 1180 1246 .·
1217 1198 1378 1247 mittit
1415 1197 1794 1247 similitudinem
1831 1213 1932 1259 qua.

239 1272 459 1321 ostendit
519 1273 788 1335 augmenta
842 1271 1143 1320 calamitatis
1198 1275 1248 1320 et
1303 1272 1435 1320 belli.
1514 1271 1932 1335 quemadmodum

239 1347 387 1407 solet,
425 1346 612 1408 inquit,
658 1345 825 1393 inflari
861 1346 1107 1408 paulatim
1148 1346 1348 1395 flatibus
1387 1362 1523 1394 mare
1563 1348 1614 1394 et
1651 1345 1770 1393 dum
1806 1347 1931 1394 tem-

238 1420 424 1483 peratis
463 1419 743 1468 tumoribus
783 1420 962 1480 fertur,
1002 1419 1271 1468 excitatum
1309 1420 1583 1468 maioribus
1617 1420 1931 1468 incrementis

238 1510 394 1556 usque
434 1493 498 1542 ad
537 1496 673 1543 astra
710 1494 981 1556 pertendit,
1031 1497 1102 1542 sic
1139 1494 1259 1542 belli
1296 1494 1435 1542 furor
1475 1494 1774 1557 populorum
1819 1509 1931 1542 con-

239 1567 527 1632 gregatione
566 1567 828 1616 crescebat.
895 1569 972 1616 hic
1007 1569 1200 1616 iuvenis
1228 1570 1452 1628 primam
1490 1571 1601 1616 ante
1640 1569 1792 1616 aciem
1821 1569 1931 1615 stri-

241 1643 378 1690 dente
415 1643 595 1703 sayitta
631 1645 863 1690 natorum
903 1643 1082 1703 Tyrrhi
1117 1643 1284 1702 fuerat
1328 1643 1412 1702 qui
1455 1643 1722 1698 manimuS,
1770 1639 1930 1698 Alme,

240 1717 494 1764 sternitur:
543 1717 659 1779 post
708 1731 875 1764 casum
927 1716 1079 1777 cervi,
1130 1717 1220 1779 qui
1267 1717 1413 1764 malis
1461 1715 1688 1764 omnibus
1734 1715 1934 1763 initium

242 1791 467 1851 dederat,
499 1790 627 1838 forte
659 1789 842 1838 accidit
871 1792 930 1837 ut
960 1790 1179 1838 eiusdem
1208 1790 1390 1852 Tyrrhi
1419 1790 1551 1838 filius
1585 1789 1772 1854 sagitta
1801 1790 1932 1838 ictus

242 1867 357 1912 ante
397 1866 793 1928 congressionem
832 1864 1103 1912 cecidisset.
1172 1865 1288 1912 huic
1334 1866 1533 1926 praeter
1573 1864 1809 1912 iniuriam
1846 1863 1932 1912 ho-

241 1939 390 1987 minis
444 1939 592 1986 occisi
646 1937 900 1986 adduntur
951 1940 1151 1999 merita,
1214 1954 1343 2000 quae
1405 1939 1655 1986 duriorem
1713 1938 1934 1986 dolorem

243 2014 619 2060 commoverent.
695 2012 855 2074 primo
900 2014 1083 2075 quippe
1130 2012 1203 2059 ait
1241 2012 1422 2074 Tyrrhi
1459 2012 1614 2071 filius,
1662 2015 1712 2060 et
1751 2012 1933 2075 Tyrrhi

242 2086 419 2134 merita
465 2085 691 2147 superius
737 2085 871 2134 dicta
918 2088 1054 2146 sunt,
1102 2085 1314 2134 secundo
1362 2087 1435 2134 ait
1479 2087 1694 2147 iuvenis,
1741 2088 1795 2133 in
1834 2101 1931 2149 quo

242 2176 373 2208 mors
413 2160 590 2208 acerba
629 2159 786 2208 doleri
825 2160 1042 2222 amplius
1080 2163 1269 2222 posset,
1307 2162 1456 2208 tertio
1498 2161 1624 2207 dixit
1662 2177 1774 2207 eum
1803 2162 1934 2207 inter

241 2235 369 2283 filios
401 2233 582 2296 Tyrrhi
618 2236 793 2281 natum
830 2234 985 2282 fuisse
1023 2236 1285 2296 maiorem,
1325 2236 1412 2297 qui
1441 2235 1579 2283 locus
1611 2233 1846 2282 nascendi
1875 2236 1934 2280 ut

242 2309 480 2357 maiorem
520 2307 683 2356 adfert
719 2307 1007 2369 parentibus
1048 2309 1285 2372 gratiam,
1323 2311 1398 2356 ita
1434 2308 1674 2356 maiorem
1713 2307 1931 2355 dolorem

243 2384 399 2445 parit,
445 2382 489 2430 si
525 2382 694 2430 funere
733 2384 1028 2444 praeventus
1068 2384 1292 2430 intereat
1372 2382 1494 2430 dicit
1537 2381 1640 2429 iam
1686 2381 1931 2443 quomodo

1962 992 2005 1024 10

1964 1361 2006 1393 15

1963 1730 2008 1762 20

1964 2099 2006 2131 25

243 2458 323 2505 vel
362 2471 458 2518 quo
498 2471 614 2504 casu
652 2455 877 2517 perierit:
930 2456 1086 2503 haesit
1131 2458 1258 2503 enim
1303 2458 1393 2504 sub
1437 2459 1628 2516 yutture
1672 2455 1852 2502 vulnus
1892 2457 1935 2501 et
1963 2467 2007 2499 30

243 2531 371 2578 udae
393 2531 523 2578 vocis
552 2531 642 2577 iter
666 2533 943 2588 tenuemque
965 2530 1164 2577 inclusit
1185 2532 1423 2590 sanquine
1446 2531 1620 2578 vitam:
1653 2530 1723 2577 sic
1746 2529 1932 2592 sagitta

367 2692 390 2730 1
424 2687 630 2731 derexere
660 2686 779 2729 acies
810 2684 940 2728 deest
971 2685 1021 2727 in
1052 2683 1107 2738 V,
1141 2685 1222 2728 sed
1254 2685 1526 2740 explicatur.
1642 2689 1666 2727 3
1698 2683 1933 2728 sed—de-

244 2751 433 2790 cernunt
471 2746 598 2790 item.
720 2748 746 2787 8
782 2744 930 2787 videre
960 2743 1003 2786 V
1036 2744 1181 2787 videri
1212 2744 1283 2787 ed.
1406 2749 1430 2786 9
1470 2745 1552 2788 sub
1593 2744 1770 2787 lumina
1799 2741 1842 2784 V
1873 2756 1933 2784 an

244 2806 325 2848 sub
359 2806 528 2849 lumine
559 2803 684 2860 quod
714 2802 908 2858 praebet
940 2820 966 2859 y
990 2802 1159 2858 Verg.?
1199 2803 1386 2858 (reliqui
1425 2805 1472 2846 et
1514 2803 1584 2846 ed.
1624 2802 1707 2846 sub
1738 2801 1931 2854 nubila).

247 2868 299 2905 11
345 2865 425 2907 ubi
467 2864 538 2907 ed.
661 2867 716 2906 12
759 2868 870 2906 et—
909 2866 963 2904 13
1002 2861 1149 2915 fundo
1193 2862 1324 2905 deest
1361 2862 1411 2904 in
1442 2861 1497 2916 V,
1538 2861 1620 2905 sed
1659 2859 1931 2915 explicatur.

248 2926 301 2965 18
334 2924 548 2967 stridente
580 2936 667 2967 om.
692 2921 747 2965 V.
863 2926 917 2964 21
951 2921 1124 2964 accedit
1153 2920 1196 2962 V
1226 2921 1298 2965 ed.
1414 2925 1468 2963 22
1500 2922 1621 2964 hunc
1651 2918 1693 2961 V
1722 2919 1828 2962 huic
1859 2918 1930 2961 ed.

246 2985 301 3024 26
334 2982 477 3026 doleri
507 2982 706 3037 amplius
736 2980 778 3024 V
808 2982 982 3024 temere
1020 2981 1132 3022 mut.
1168 2979 1239 3022 ed.
1362 2984 1416 3022 27
1449 2985 1610 3023 natum
1639 2977 1682 3021 V
1711 2982 1829 3022 natu
1859 2977 1929 3020 ed.
