<?xml version="1.0" encoding="UTF-8"?>
<!DOCTYPE html PUBLIC "-//W3C//DTD XHTML 1.0 Transitional//EN"
    "http://www.w3.org/TR/xhtml1/DTD/xhtml1-transitional.dtd">
<html xmlns="http://www.w3.org/1999/xhtml" xml:lang="en" lang="en">
 <head>
  <title>
</title>
<meta http-equiv="Content-Type" content="text/html;charset=utf-8" />
  <meta name='ocr-system' content='tesseract 3.04.00' />
  <meta name='ocr-capabilities' content='ocr_page ocr_carea ocr_par ocr_line ocrx_word'/>
</head>
<body>
  <div class='ocr_page' id='page_1' title='image "./interpretationes02donauoft_0356.png"; bbox 0 0 2050 3226; ppageno 0'>
   <div class='ocr_carea' id='block_1_1' title="bbox 257 153 1475 208">
    <p class='ocr_par' dir='ltr' id='par_1_1' title="bbox 257 153 1475 208">
     <span class='ocr_line' id='line_1_1' title="bbox 257 153 1475 208; baseline -0.002 -8"><span class='ocrx_word' id='word_1_1' title='bbox 257 154 364 208; x_wconf 77' lang='lat'>352</span> <span class='ocrx_word' id='word_1_2' title='bbox 730 153 962 198; x_wconf 88' lang='lat' dir='ltr'>DONATI</span> <span class='ocrx_word' id='word_1_3' title='bbox 990 153 1270 198; x_wconf 88' lang='lat' dir='ltr'><strong>INTERPR.</strong></span> <span class='ocrx_word' id='word_1_4' title='bbox 1295 153 1475 198; x_wconf 81' lang='lat' dir='ltr'><strong>VERG.</strong></span> 
     </span>
    </p>
   </div>
   <div class='ocr_carea' id='block_1_2' title="bbox 255 292 1943 576">
    <p class='ocr_par' dir='ltr' id='par_1_2' title="bbox 255 292 1943 576">
     <span class='ocr_line' id='line_1_2' title="bbox 255 292 1939 356; baseline 0.002 -17"><span class='ocrx_word' id='word_1_5' title='bbox 255 292 508 356; x_wconf 90' lang='lat' dir='ltr'>Vergilius</span> <span class='ocrx_word' id='word_1_6' title='bbox 547 309 638 355; x_wconf 90' lang='lat' dir='ltr'>pro</span> <span class='ocrx_word' id='word_1_7' title='bbox 676 293 784 342; x_wconf 91' lang='lat' dir='ltr'>loco</span> <span class='ocrx_word' id='word_1_8' title='bbox 817 292 1072 343; x_wconf 77' lang='lat' dir='ltr'>ostendere</span> <span class='ocrx_word' id='word_1_9' title='bbox 1113 292 1309 340; x_wconf 89' lang='lat' dir='ltr'>nullum</span> <span class='ocrx_word' id='word_1_10' title='bbox 1340 293 1486 342; x_wconf 89' lang='lat' dir='ltr'>deum</span> <span class='ocrx_word' id='word_1_11' title='bbox 1516 296 1690 342; x_wconf 89' lang='lat' dir='ltr'>contra</span> <span class='ocrx_word' id='word_1_12' title='bbox 1720 293 1939 343; x_wconf 88' lang='lat' dir='ltr'>fatorum</span> 
     </span>
     <span class='ocr_line' id='line_1_3' title="bbox 256 366 1939 431; baseline 0.001 -17"><span class='ocrx_word' id='word_1_13' title='bbox 256 367 553 415; x_wconf 74' lang='lat' dir='ltr'><strong>sententiam</strong></span> <span class='ocrx_word' id='word_1_14' title='bbox 577 366 770 429; x_wconf 86' lang='lat' dir='ltr'>aliquid</span> <span class='ocrx_word' id='word_1_15' title='bbox 800 382 943 430; x_wconf 90' lang='lat' dir='ltr'>posse</span> <span class='ocrx_word' id='word_1_16' title='bbox 974 369 1248 429; x_wconf 89' lang='lat' dir='ltr'>praestare,</span> <span class='ocrx_word' id='word_1_17' title='bbox 1268 382 1381 415; x_wconf 85' lang='lat' dir='ltr'>cum</span> <span class='ocrx_word' id='word_1_18' title='bbox 1410 383 1500 416; x_wconf 91' lang='lat' dir='ltr'>nec</span> <span class='ocrx_word' id='word_1_19' title='bbox 1529 367 1770 416; x_wconf 88' lang='lat' dir='ltr'>Hercules</span> <span class='ocrx_word' id='word_1_20' title='bbox 1793 368 1939 431; x_wconf 88' lang='lat' dir='ltr'>prod·</span> 
     </span>
     <span class='ocr_line' id='line_1_4' title="bbox 257 440 1939 504; baseline 0 -15"><span class='ocrx_word' id='word_1_21' title='bbox 257 455 362 489; x_wconf 88' lang='lat' dir='ltr'>esse</span> <span class='ocrx_word' id='word_1_22' title='bbox 426 443 591 504; x_wconf 90' lang='lat' dir='ltr'>potest</span> <span class='ocrx_word' id='word_1_23' title='bbox 651 441 871 489; x_wconf 75' lang='lat' dir='ltr'>Pallanti</span> <span class='ocrx_word' id='word_1_24' title='bbox 933 456 1022 488; x_wconf 91' lang='lat' dir='ltr'>nec</span> <span class='ocrx_word' id='word_1_25' title='bbox 1085 440 1312 504; x_wconf 91' lang='lat' dir='ltr'>Iuppiter</span> <span class='ocrx_word' id='word_1_26' title='bbox 1372 441 1605 504; x_wconf 83' lang='lat' dir='ltr'><strong>cuiquam</strong></span> <span class='ocrx_word' id='word_1_27' title='bbox 1666 441 1939 491; x_wconf 86' lang='lat' dir='ltr'>subvenire.</span> 
     </span>
     <span class='ocr_line' id='line_1_5' title="bbox 255 515 1943 576; baseline 0.001 -13"><span class='ocrx_word' id='word_1_28' title='bbox 255 519 352 563; x_wconf 79' lang='lat' dir='ltr'>stat</span> <span class='ocrx_word' id='word_1_29' title='bbox 387 530 481 563; x_wconf 79' lang='lat' dir='ltr'>sua</span> <span class='ocrx_word' id='word_1_30' title='bbox 519 516 688 574; x_wconf 74' lang='lat' dir='ltr'>cuique</span> <span class='ocrx_word' id='word_1_31' title='bbox 726 515 849 571; x_wconf 68' lang='lat' dir='ltr'>dice,</span> <span class='ocrx_word' id='word_1_32' title='bbox 891 515 1029 562; x_wconf 81' lang='lat' dir='ltr'>breve</span> <span class='ocrx_word' id='word_1_33' title='bbox 1067 517 1109 562; x_wconf 74' lang='lat' dir='ltr'>et</span> <span class='ocrx_word' id='word_1_34' title='bbox 1146 516 1474 575; x_wconf 71' lang='lat' dir='ltr'><em>inreparabile</em></span> <span class='ocrx_word' id='word_1_35' title='bbox 1502 519 1690 576; x_wconf 74' lang='lat' dir='ltr'>tempus</span> <span class='ocrx_word' id='word_1_36' title='bbox 1720 517 1943 564; x_wconf 75' lang='lat' dir='ltr'>omnibus</span> 
     </span>
    </p>
   </div>
   <div class='ocr_carea' id='block_1_3' title="bbox 257 588 1978 653">
    <p class='ocr_par' dir='ltr' id='par_1_3' title="bbox 257 588 1978 653">
     <span class='ocr_line' id='line_1_6' title="bbox 257 588 1978 653; baseline 0.001 -16"><span class='ocrx_word' id='word_1_37' title='bbox 257 593 325 637; x_wconf 76' lang='lat' dir='ltr'>est</span> <span class='ocrx_word' id='word_1_38' title='bbox 345 591 496 637; x_wconf 76' lang='lat' dir='ltr'>vitae:</span> <span class='ocrx_word' id='word_1_39' title='bbox 516 588 710 636; x_wconf 90' lang='lat' dir='ltr'>inducit</span> <span class='ocrx_word' id='word_1_40' title='bbox 733 605 791 635; x_wconf 84' lang='lat' dir='ltr'>ex</span> <span class='ocrx_word' id='word_1_41' title='bbox 822 588 1149 652; x_wconf 88' lang='lat' dir='ltr'>generalitate</span> <span class='ocrx_word' id='word_1_42' title='bbox 1181 589 1582 651; x_wconf 74' lang='lat' dir='ltr'>consolationem,</span> <span class='ocrx_word' id='word_1_43' title='bbox 1612 591 1943 653; x_wconf 84' lang='lat' dir='ltr'>pertinentem</span> <span class='ocrx_word' id='word_1_44' title='bbox 1965 602 1978 624; x_wconf 57' lang='lat'>¹²&gt;</span> 
     </span>
    </p>
   </div>
   <div class='ocr_carea' id='block_1_4' title="bbox 254 662 1945 876">
    <p class='ocr_par' dir='ltr' id='par_1_4' title="bbox 254 662 1945 876">
     <span class='ocr_line' id='line_1_7' title="bbox 255 662 1942 726; baseline 0.001 -16"><span class='ocrx_word' id='word_1_45' title='bbox 255 665 422 711; x_wconf 86' lang='lat' dir='ltr'>tamen</span> <span class='ocrx_word' id='word_1_46' title='bbox 472 662 535 710; x_wconf 92' lang='lat' dir='ltr'>ad</span> <span class='ocrx_word' id='word_1_47' title='bbox 586 663 851 725; x_wconf 80' lang='lat' dir='ltr'>specialem</span> <span class='ocrx_word' id='word_1_48' title='bbox 899 678 1117 712; x_wconf 88' lang='lat' dir='ltr'>causam.</span> <span class='ocrx_word' id='word_1_49' title='bbox 1202 664 1493 725; x_wconf 90' lang='lat' dir='ltr'>unicuique,</span> <span class='ocrx_word' id='word_1_50' title='bbox 1542 664 1636 726; x_wconf 89' lang='lat' dir='ltr'>ait,</span> <span class='ocrx_word' id='word_1_51' title='bbox 1687 665 1790 713; x_wconf 87' lang='lat' dir='ltr'>stat</span> <span class='ocrx_word' id='word_1_52' title='bbox 1838 663 1942 712; x_wconf 86' lang='lat' dir='ltr'>dies</span> 
     </span>
     <span class='ocr_line' id='line_1_8' title="bbox 256 737 1942 800; baseline 0.001 -14"><span class='ocrx_word' id='word_1_53' title='bbox 256 753 368 798; x_wconf 90' lang='lat' dir='ltr'>sua,</span> <span class='ocrx_word' id='word_1_54' title='bbox 406 738 499 785; x_wconf 93' lang='lat' dir='ltr'>hoc</span> <span class='ocrx_word' id='word_1_55' title='bbox 538 739 613 785; x_wconf 89' lang='lat' dir='ltr'>est</span> <span class='ocrx_word' id='word_1_56' title='bbox 651 737 847 785; x_wconf 85' lang='lat' dir='ltr'>decreta</span> <span class='ocrx_word' id='word_1_57' title='bbox 887 739 938 784; x_wconf 91' lang='lat' dir='ltr'>et</span> <span class='ocrx_word' id='word_1_58' title='bbox 983 737 1134 785; x_wconf 88' lang='lat' dir='ltr'>semel</span> <span class='ocrx_word' id='word_1_59' title='bbox 1181 737 1445 800; x_wconf 87' lang='lat' dir='ltr'>adscripta.</span> <span class='ocrx_word' id='word_1_60' title='bbox 1527 738 1674 787; x_wconf 86' lang='lat' dir='ltr'>breve</span> <span class='ocrx_word' id='word_1_61' title='bbox 1721 740 1772 786; x_wconf 92' lang='lat' dir='ltr'>et</span> <span class='ocrx_word' id='word_1_62' title='bbox 1815 737 1942 786; x_wconf 91' lang='lat' dir='ltr'>inre-</span> 
     </span>
     <span class='ocr_line' id='line_1_9' title="bbox 254 810 1945 876; baseline 0.001 -17"><span class='ocrx_word' id='word_1_63' title='bbox 254 811 477 873; x_wconf 86' lang='lat' dir='ltr'>parabile</span> <span class='ocrx_word' id='word_1_64' title='bbox 507 813 704 874; x_wconf 88' lang='lat' dir='ltr'>tempus</span> <span class='ocrx_word' id='word_1_65' title='bbox 737 810 964 859; x_wconf 89' lang='lat' dir='ltr'>omnibus</span> <span class='ocrx_word' id='word_1_66' title='bbox 990 813 1066 859; x_wconf 87' lang='lat' dir='ltr'>est</span> <span class='ocrx_word' id='word_1_67' title='bbox 1087 810 1243 859; x_wconf 87' lang='lat' dir='ltr'>vitae:</span> <span class='ocrx_word' id='word_1_68' title='bbox 1268 813 1419 874; x_wconf 89' lang='lat' dir='ltr'>atque</span> <span class='ocrx_word' id='word_1_69' title='bbox 1443 812 1536 861; x_wconf 90' lang='lat' dir='ltr'>hoc</span> <span class='ocrx_word' id='word_1_70' title='bbox 1557 813 1722 876; x_wconf 90' lang='lat' dir='ltr'>ipsum</span> <span class='ocrx_word' id='word_1_71' title='bbox 1744 812 1945 861; x_wconf 85' lang='lat' dir='ltr'>vivendi</span> 
     </span>
    </p>
   </div>
   <div class='ocr_carea' id='block_1_5' title="bbox 155 884 1944 950">
    <p class='ocr_par' dir='ltr' id='par_1_5' title="bbox 155 884 1944 950">
     <span class='ocr_line' id='line_1_10' title="bbox 155 884 1944 950; baseline 0.001 -18"><span class='ocrx_word' id='word_1_72' title='bbox 155 904 159 906; x_wconf 93' lang='lat'>·</span> <span class='ocrx_word' id='word_1_73' title='bbox 254 888 451 947; x_wconf 89' lang='lat' dir='ltr'>tempus</span> <span class='ocrx_word' id='word_1_74' title='bbox 491 887 705 949; x_wconf 86' lang='lat' dir='ltr'>angusto</span> <span class='ocrx_word' id='word_1_75' title='bbox 745 884 992 934; x_wconf 88' lang='lat' dir='ltr'>clauditur</span> <span class='ocrx_word' id='word_1_76' title='bbox 1028 885 1124 933; x_wconf 90' lang='lat' dir='ltr'>fine</span> <span class='ocrx_word' id='word_1_77' title='bbox 1155 887 1226 946; x_wconf 91' lang='lat' dir='ltr'>et,</span> <span class='ocrx_word' id='word_1_78' title='bbox 1265 901 1378 933; x_wconf 89' lang='lat' dir='ltr'>cum</span> <span class='ocrx_word' id='word_1_79' title='bbox 1408 886 1563 935; x_wconf 87' lang='lat' dir='ltr'>fuerit</span> <span class='ocrx_word' id='word_1_80' title='bbox 1593 887 1813 950; x_wconf 86' lang='lat' dir='ltr'>lapsum,</span> <span class='ocrx_word' id='word_1_81' title='bbox 1843 902 1944 934; x_wconf 92' lang='lat' dir='ltr'>non</span> 
     </span>
    </p>
   </div>
   <div class='ocr_carea' id='block_1_6' title="bbox 253 959 1945 1320">
    <p class='ocr_par' dir='ltr' id='par_1_6' title="bbox 253 959 1945 1320">
     <span class='ocr_line' id='line_1_11' title="bbox 254 959 1944 1021; baseline 0.001 -15"><span class='ocrx_word' id='word_1_82' title='bbox 254 961 420 1020; x_wconf 87' lang='lat' dir='ltr'>potest</span> <span class='ocrx_word' id='word_1_83' title='bbox 455 959 692 1021; x_wconf 90' lang='lat' dir='ltr'>reparari.</span> <span class='ocrx_word' id='word_1_84' title='bbox 768 959 853 1007; x_wconf 83' lang='lat' dir='ltr'>sed</span> <span class='ocrx_word' id='word_1_85' title='bbox 889 960 1081 1019; x_wconf 81' lang='lat' dir='ltr'>famam</span> <span class='ocrx_word' id='word_1_86' title='bbox 1125 959 1373 1007; x_wconf 76' lang='lat' dir='ltr'>extendere</span> <span class='ocrx_word' id='word_1_87' title='bbox 1407 960 1574 1020; x_wconf 79' lang='lat' dir='ltr'>factis,</span> <span class='ocrx_word' id='word_1_88' title='bbox 1621 961 1708 1009; x_wconf 81' lang='lat' dir='ltr'>hoc</span> <span class='ocrx_word' id='word_1_89' title='bbox 1751 961 1944 1008; x_wconf 77' lang='lat' dir='ltr'>virtutis</span> 
     </span>
     <span class='ocr_line' id='line_1_12' title="bbox 255 1032 1943 1096; baseline 0.001 -16"><span class='ocrx_word' id='word_1_90' title='bbox 255 1047 400 1093; x_wconf 77' lang='lat' dir='ltr'>opus:</span> <span class='ocrx_word' id='word_1_91' title='bbox 436 1033 643 1095; x_wconf 83' lang='lat' dir='ltr'>proinde</span> <span class='ocrx_word' id='word_1_92' title='bbox 684 1033 804 1095; x_wconf 88' lang='lat' dir='ltr'>quia</span> <span class='ocrx_word' id='word_1_93' title='bbox 842 1033 949 1082; x_wconf 88' lang='lat' dir='ltr'>vita</span> <span class='ocrx_word' id='word_1_94' title='bbox 994 1032 1251 1081; x_wconf 90' lang='lat' dir='ltr'>hominum</span> <span class='ocrx_word' id='word_1_95' title='bbox 1295 1033 1459 1083; x_wconf 86' lang='lat' dir='ltr'>brevis</span> <span class='ocrx_word' id='word_1_96' title='bbox 1498 1036 1549 1082; x_wconf 90' lang='lat' dir='ltr'>et</span> <span class='ocrx_word' id='word_1_97' title='bbox 1594 1035 1699 1082; x_wconf 91' lang='lat' dir='ltr'>sine</span> <span class='ocrx_word' id='word_1_98' title='bbox 1745 1049 1943 1096; x_wconf 85' lang='lat' dir='ltr'>repara-</span> 
     </span>
     <span class='ocr_line' id='line_1_13' title="bbox 253 1107 1945 1170; baseline 0.001 -16"><span class='ocrx_word' id='word_1_99' title='bbox 253 1107 388 1155; x_wconf 85' lang='lat' dir='ltr'>tione</span> <span class='ocrx_word' id='word_1_100' title='bbox 426 1110 523 1168; x_wconf 89' lang='lat' dir='ltr'>est,</span> <span class='ocrx_word' id='word_1_101' title='bbox 571 1108 790 1156; x_wconf 89' lang='lat' dir='ltr'>humana</span> <span class='ocrx_word' id='word_1_102' title='bbox 838 1107 1088 1156; x_wconf 88' lang='lat' dir='ltr'>industria</span> <span class='ocrx_word' id='word_1_103' title='bbox 1137 1108 1359 1170; x_wconf 88' lang='lat' dir='ltr'>repperit</span> <span class='ocrx_word' id='word_1_104' title='bbox 1404 1110 1464 1156; x_wconf 91' lang='lat' dir='ltr'>ut</span> <span class='ocrx_word' id='word_1_105' title='bbox 1510 1107 1672 1157; x_wconf 85' lang='lat' dir='ltr'>virtus</span> <span class='ocrx_word' id='word_1_106' title='bbox 1712 1107 1945 1156; x_wconf 87' lang='lat' dir='ltr'>extendat</span> 
     </span>
     <span class='ocr_line' id='line_1_14' title="bbox 253 1181 1945 1246; baseline 0.001 -18"><span class='ocrx_word' id='word_1_107' title='bbox 253 1181 563 1243; x_wconf 87' lang='lat' dir='ltr'>memoriam,</span> <span class='ocrx_word' id='word_1_108' title='bbox 603 1198 730 1244; x_wconf 89' lang='lat' dir='ltr'>quae</span> <span class='ocrx_word' id='word_1_109' title='bbox 770 1181 870 1229; x_wconf 88' lang='lat' dir='ltr'>alio</span> <span class='ocrx_word' id='word_1_110' title='bbox 909 1197 1087 1246; x_wconf 88' lang='lat' dir='ltr'>genere</span> <span class='ocrx_word' id='word_1_111' title='bbox 1124 1181 1378 1230; x_wconf 86' lang='lat' dir='ltr'>invidente</span> <span class='ocrx_word' id='word_1_112' title='bbox 1416 1184 1600 1230; x_wconf 87' lang='lat' dir='ltr'>natura</span> <span class='ocrx_word' id='word_1_113' title='bbox 1644 1197 1744 1230; x_wconf 92' lang='lat' dir='ltr'>non</span> <span class='ocrx_word' id='word_1_114' title='bbox 1782 1181 1945 1231; x_wconf 83' lang='lat' dir='ltr'>valuit</span> 
     </span>
     <span class='ocr_line' id='line_1_15' title="bbox 255 1255 1944 1320; baseline 0.001 -17"><span class='ocrx_word' id='word_1_115' title='bbox 255 1255 472 1304; x_wconf 84' lang='lat' dir='ltr'>dilatari.</span> <span class='ocrx_word' id='word_1_116' title='bbox 561 1255 623 1304; x_wconf 92' lang='lat' dir='ltr'>ab</span> <span class='ocrx_word' id='word_1_117' title='bbox 669 1255 904 1318; x_wconf 87' lang='lat' dir='ltr'>exemplis</span> <span class='ocrx_word' id='word_1_118' title='bbox 953 1258 1102 1320; x_wconf 87' lang='lat' dir='ltr'>auget</span> <span class='ocrx_word' id='word_1_119' title='bbox 1148 1255 1537 1305; x_wconf 83' lang='lat' dir='ltr'>consolationem</span> <span class='ocrx_word' id='word_1_120' title='bbox 1583 1259 1634 1305; x_wconf 89' lang='lat' dir='ltr'>et</span> <span class='ocrx_word' id='word_1_121' title='bbox 1679 1272 1709 1304; x_wconf 91' lang='lat' dir='ltr'>a</span> <span class='ocrx_word' id='word_1_122' title='bbox 1757 1257 1944 1305; x_wconf 88' lang='lat' dir='ltr'>maiore</span> 
     </span>
    </p>
   </div>
   <div class='ocr_carea' id='block_1_7' title="bbox 152 1330 1946 1381">
    <p class='ocr_par' dir='ltr' id='par_1_7' title="bbox 152 1330 1946 1381">
     <span class='ocr_line' id='line_1_16' title="bbox 152 1330 1946 1381; baseline -0.001 -1"><span class='ocrx_word' id='word_1_123' title='bbox 152 1342 238 1381; x_wconf 83' lang='lat'>470</span> <span class='ocrx_word' id='word_1_124' title='bbox 255 1330 320 1377; x_wconf 84' lang='lat' dir='ltr'>ad</span> <span class='ocrx_word' id='word_1_125' title='bbox 349 1330 536 1378; x_wconf 86' lang='lat' dir='ltr'>minus:</span> <span class='ocrx_word' id='word_1_126' title='bbox 569 1331 746 1378; x_wconf 80' lang='lat' dir='ltr'>Troiae</span> <span class='ocrx_word' id='word_1_127' title='bbox 775 1331 865 1378; x_wconf 78' lang='lat' dir='ltr'>snb</span> <span class='ocrx_word' id='word_1_128' title='bbox 895 1331 1146 1378; x_wconf 78' lang='lat' dir='ltr'>moenibus</span> <span class='ocrx_word' id='word_1_129' title='bbox 1177 1330 1291 1379; x_wconf 79' lang='lat' dir='ltr'>altis</span> <span class='ocrx_word' id='word_1_130' title='bbox 1321 1334 1386 1378; x_wconf 78' lang='lat' dir='ltr'>tot</span> <span class='ocrx_word' id='word_1_131' title='bbox 1414 1331 1521 1379; x_wconf 77' lang='lat' dir='ltr'>nati</span> <span class='ocrx_word' id='word_1_132' title='bbox 1551 1331 1758 1379; x_wconf 73' lang='lat' dir='ltr'>cecidere</span> <span class='ocrx_word' id='word_1_133' title='bbox 1780 1331 1946 1378; x_wconf 79' lang='lat' dir='ltr'>deum:</span> 
     </span>
    </p>
   </div>
   <div class='ocr_carea' id='block_1_8' title="bbox 253 1403 1947 2504">
    <p class='ocr_par' dir='ltr' id='par_1_8' title="bbox 253 1403 1947 2504">
     <span class='ocr_line' id='line_1_17' title="bbox 255 1403 1947 1468; baseline 0 -16"><span class='ocrx_word' id='word_1_134' title='bbox 255 1403 319 1463; x_wconf 91' lang='lat' dir='ltr'>si,</span> <span class='ocrx_word' id='word_1_135' title='bbox 357 1405 545 1467; x_wconf 89' lang='lat' dir='ltr'>inquit,</span> <span class='ocrx_word' id='word_1_136' title='bbox 585 1403 774 1467; x_wconf 88' lang='lat' dir='ltr'>aliquid</span> <span class='ocrx_word' id='word_1_137' title='bbox 811 1404 997 1452; x_wconf 88' lang='lat' dir='ltr'>mutari</span> <span class='ocrx_word' id='word_1_138' title='bbox 1034 1407 1149 1467; x_wconf 90' lang='lat' dir='ltr'>post</span> <span class='ocrx_word' id='word_1_139' title='bbox 1186 1404 1294 1452; x_wconf 87' lang='lat' dir='ltr'>fata</span> <span class='ocrx_word' id='word_1_140' title='bbox 1332 1404 1596 1468; x_wconf 83' lang='lat' dir='ltr'>potuisset,</span> <span class='ocrx_word' id='word_1_141' title='bbox 1627 1406 1706 1453; x_wconf 86' lang='lat' dir='ltr'>tot</span> <span class='ocrx_word' id='word_1_142' title='bbox 1743 1404 1947 1454; x_wconf 90' lang='lat' dir='ltr'>deorum</span> 
     </span>
     <span class='ocr_line' id='line_1_18' title="bbox 253 1478 1944 1538; baseline 0.001 -14"><span class='ocrx_word' id='word_1_143' title='bbox 253 1478 346 1525; x_wconf 92' lang='lat' dir='ltr'>filii</span> <span class='ocrx_word' id='word_1_144' title='bbox 382 1494 482 1526; x_wconf 94' lang='lat' dir='ltr'>non</span> <span class='ocrx_word' id='word_1_145' title='bbox 520 1481 828 1527; x_wconf 90' lang='lat' dir='ltr'>morerentur</span> <span class='ocrx_word' id='word_1_146' title='bbox 864 1479 918 1526; x_wconf 93' lang='lat' dir='ltr'>in</span> <span class='ocrx_word' id='word_1_147' title='bbox 957 1478 1120 1526; x_wconf 86' lang='lat' dir='ltr'>Troia.</span> <span class='ocrx_word' id='word_1_148' title='bbox 1174 1479 1293 1538; x_wconf 75' lang='lat' dir='ltr'>quin</span> <span class='ocrx_word' id='word_1_149' title='bbox 1330 1479 1500 1527; x_wconf 73' lang='lat' dir='ltr'>occidit</span> <span class='ocrx_word' id='word_1_150' title='bbox 1535 1493 1639 1527; x_wconf 77' lang='lat' dir='ltr'>uma</span> <span class='ocrx_word' id='word_1_151' title='bbox 1676 1478 1944 1538; x_wconf 78' lang='lat' dir='ltr'>Sarpedon,</span> 
     </span>
     <span class='ocr_line' id='line_1_19' title="bbox 253 1552 1943 1616; baseline -0.001 -16"><span class='ocrx_word' id='word_1_152' title='bbox 253 1566 363 1600; x_wconf 82' lang='lat' dir='ltr'>mea</span> <span class='ocrx_word' id='word_1_153' title='bbox 406 1554 688 1613; x_wconf 72' lang='lat' dir='ltr'>proyen-ies:</span> <span class='ocrx_word' id='word_1_154' title='bbox 736 1553 859 1600; x_wconf 89' lang='lat' dir='ltr'>haec</span> <span class='ocrx_word' id='word_1_155' title='bbox 911 1552 1170 1614; x_wconf 86' lang='lat' dir='ltr'>probatior</span> <span class='ocrx_word' id='word_1_156' title='bbox 1223 1552 1438 1601; x_wconf 85' lang='lat' dir='ltr'>adsertio</span> <span class='ocrx_word' id='word_1_157' title='bbox 1493 1552 1612 1614; x_wconf 88' lang='lat' dir='ltr'>fuit,</span> <span class='ocrx_word' id='word_1_158' title='bbox 1666 1568 1777 1601; x_wconf 92' lang='lat' dir='ltr'>cum</span> <span class='ocrx_word' id='word_1_159' title='bbox 1837 1552 1943 1616; x_wconf 87' lang='lat' dir='ltr'>ipse</span> 
     </span>
     <span class='ocr_line' id='line_1_20' title="bbox 256 1626 1946 1689; baseline 0.001 -16"><span class='ocrx_word' id='word_1_160' title='bbox 256 1626 503 1689; x_wconf 86' lang='lat' dir='ltr'>Iuppiter,</span> <span class='ocrx_word' id='word_1_161' title='bbox 555 1626 642 1689; x_wconf 88' lang='lat' dir='ltr'>qui</span> <span class='ocrx_word' id='word_1_162' title='bbox 691 1626 863 1675; x_wconf 86' lang='lat' dir='ltr'>divina</span> <span class='ocrx_word' id='word_1_163' title='bbox 913 1627 1081 1675; x_wconf 91' lang='lat' dir='ltr'>omnia</span> <span class='ocrx_word' id='word_1_164' title='bbox 1127 1628 1276 1689; x_wconf 90' lang='lat' dir='ltr'>atque</span> <span class='ocrx_word' id='word_1_165' title='bbox 1314 1628 1534 1674; x_wconf 90' lang='lat' dir='ltr'>humana</span> <span class='ocrx_word' id='word_1_166' title='bbox 1571 1626 1858 1675; x_wconf 87' lang='lat' dir='ltr'>moderatur</span> <span class='ocrx_word' id='word_1_167' title='bbox 1896 1629 1946 1675; x_wconf 90' lang='lat' dir='ltr'>et</span> 
     </span>
     <span class='ocr_line' id='line_1_21' title="bbox 254 1700 1945 1764; baseline -0.001 -16"><span class='ocrx_word' id='word_1_168' title='bbox 254 1700 405 1764; x_wconf 83' lang='lat' dir='ltr'>regit,</span> <span class='ocrx_word' id='word_1_169' title='bbox 444 1700 566 1748; x_wconf 86' lang='lat' dir='ltr'>dicit</span> <span class='ocrx_word' id='word_1_170' title='bbox 603 1716 654 1749; x_wconf 89' lang='lat' dir='ltr'>se</span> <span class='ocrx_word' id='word_1_171' title='bbox 691 1700 795 1750; x_wconf 90' lang='lat' dir='ltr'>filio</span> <span class='ocrx_word' id='word_1_172' title='bbox 834 1716 944 1764; x_wconf 88' lang='lat' dir='ltr'>suo,</span> <span class='ocrx_word' id='word_1_173' title='bbox 984 1717 1045 1749; x_wconf 93' lang='lat' dir='ltr'>ne</span> <span class='ocrx_word' id='word_1_174' title='bbox 1075 1700 1258 1763; x_wconf 85' lang='lat' dir='ltr'>periret</span> <span class='ocrx_word' id='word_1_175' title='bbox 1294 1700 1347 1748; x_wconf 94' lang='lat' dir='ltr'>in</span> <span class='ocrx_word' id='word_1_176' title='bbox 1386 1701 1556 1762; x_wconf 86' lang='lat' dir='ltr'>Troia,</span> <span class='ocrx_word' id='word_1_177' title='bbox 1593 1701 1826 1763; x_wconf 89' lang='lat' dir='ltr'>prodesse</span> <span class='ocrx_word' id='word_1_178' title='bbox 1862 1717 1945 1748; x_wconf 94' lang='lat' dir='ltr'>ne-</span> 
     </span>
     <span class='ocr_line' id='line_1_22' title="bbox 257 1774 1945 1838; baseline 0 -16"><span class='ocrx_word' id='word_1_179' title='bbox 257 1774 420 1837; x_wconf 90' lang='lat' dir='ltr'>quisse</span> <span class='ocrx_word' id='word_1_180' title='bbox 460 1790 517 1822; x_wconf 88' lang='lat' dir='ltr'>ac</span> <span class='ocrx_word' id='word_1_181' title='bbox 554 1790 642 1837; x_wconf 90' lang='lat' dir='ltr'>per</span> <span class='ocrx_word' id='word_1_182' title='bbox 679 1775 772 1823; x_wconf 90' lang='lat' dir='ltr'>hoc</span> <span class='ocrx_word' id='word_1_183' title='bbox 803 1774 896 1822; x_wconf 84' lang='lat' dir='ltr'>ait:</span> <span class='ocrx_word' id='word_1_184' title='bbox 934 1790 1023 1823; x_wconf 87' lang='lat' dir='ltr'>nec</span> <span class='ocrx_word' id='word_1_185' title='bbox 1055 1774 1310 1838; x_wconf 85' lang='lat' dir='ltr'>Sarpedon</span> <span class='ocrx_word' id='word_1_186' title='bbox 1339 1774 1444 1822; x_wconf 91' lang='lat' dir='ltr'>illic</span> <span class='ocrx_word' id='word_1_187' title='bbox 1475 1775 1785 1823; x_wconf 88' lang='lat' dir='ltr'>occumberet</span> <span class='ocrx_word' id='word_1_188' title='bbox 1813 1775 1945 1823; x_wconf 90' lang='lat' dir='ltr'>filius</span> 
     </span>
     <span class='ocr_line' id='line_1_23' title="bbox 255 1848 1946 1912; baseline 0 -16"><span class='ocrx_word' id='word_1_189' title='bbox 255 1864 410 1908; x_wconf 72' lang='grc'>1110110,</span> <span class='ocrx_word' id='word_1_190' title='bbox 441 1848 484 1897; x_wconf 90' lang='lat' dir='ltr'>si</span> <span class='ocrx_word' id='word_1_191' title='bbox 515 1849 734 1897; x_wconf 90' lang='lat' dir='ltr'>fatorum</span> <span class='ocrx_word' id='word_1_192' title='bbox 766 1864 964 1897; x_wconf 88' lang='lat' dir='ltr'>cursum</span> <span class='ocrx_word' id='word_1_193' title='bbox 994 1849 1073 1897; x_wconf 86' lang='lat' dir='ltr'>vel</span> <span class='ocrx_word' id='word_1_194' title='bbox 1103 1850 1209 1911; x_wconf 88' lang='lat' dir='ltr'>ipse</span> <span class='ocrx_word' id='word_1_195' title='bbox 1240 1851 1434 1897; x_wconf 88' lang='lat' dir='ltr'>mutare</span> <span class='ocrx_word' id='word_1_196' title='bbox 1465 1850 1751 1912; x_wconf 88' lang='lat' dir='ltr'>potuissem.</span> <span class='ocrx_word' id='word_1_197' title='bbox 1802 1849 1946 1896; x_wconf 77' lang='lat' dir='ltr'>etiam</span> 
     </span>
     <span class='ocr_line' id='line_1_24' title="bbox 256 1923 1945 1983; baseline 0 -13"><span class='ocrx_word' id='word_1_198' title='bbox 256 1937 350 1970; x_wconf 77' lang='lat' dir='ltr'>sua</span> <span class='ocrx_word' id='word_1_199' title='bbox 397 1923 622 1970; x_wconf 75' lang='lat' dir='ltr'>Turnwm</span> <span class='ocrx_word' id='word_1_200' title='bbox 666 1925 776 1982; x_wconf 78' lang='lat' dir='ltr'>fata</span> <span class='ocrx_word' id='word_1_201' title='bbox 821 1926 993 1971; x_wconf 78' lang='lat' dir='ltr'>vocant</span> <span class='ocrx_word' id='word_1_202' title='bbox 1035 1926 1278 1983; x_wconf 76' lang='lat' dir='ltr'>metasque</span> <span class='ocrx_word' id='word_1_203' title='bbox 1317 1923 1421 1971; x_wconf 79' lang='lat' dir='ltr'>dati</span> <span class='ocrx_word' id='word_1_204' title='bbox 1452 1924 1674 1983; x_wconf 75' lang='lat' dir='ltr'>pervenit</span> <span class='ocrx_word' id='word_1_205' title='bbox 1711 1923 1777 1971; x_wconf 90' lang='lat' dir='ltr'>ad</span> <span class='ocrx_word' id='word_1_206' title='bbox 1815 1923 1945 1971; x_wconf 78' lang='lat' dir='ltr'>aevi:</span> 
     </span>
     <span class='ocr_line' id='line_1_25' title="bbox 255 1996 1945 2058; baseline 0.001 -14"><span class='ocrx_word' id='word_1_207' title='bbox 255 2012 344 2058; x_wconf 87' lang='lat' dir='ltr'>per</span> <span class='ocrx_word' id='word_1_208' title='bbox 382 1998 687 2044; x_wconf 90' lang='lat' dir='ltr'>occasionem</span> <span class='ocrx_word' id='word_1_209' title='bbox 725 1998 816 2044; x_wconf 87' lang='lat' dir='ltr'>leti</span> <span class='ocrx_word' id='word_1_210' title='bbox 853 1997 1098 2045; x_wconf 89' lang='lat' dir='ltr'>Pallantis</span> <span class='ocrx_word' id='word_1_211' title='bbox 1137 1996 1354 2046; x_wconf 86' lang='lat' dir='ltr'>ostendit</span> <span class='ocrx_word' id='word_1_212' title='bbox 1391 1998 1543 2045; x_wconf 86' lang='lat' dir='ltr'>etiam</span> <span class='ocrx_word' id='word_1_213' title='bbox 1575 1997 1795 2045; x_wconf 87' lang='lat' dir='ltr'>Turnum</span> <span class='ocrx_word' id='word_1_214' title='bbox 1826 1998 1945 2046; x_wconf 86' lang='lat' dir='ltr'>fatis</span> 
     </span>
     <span class='ocr_line' id='line_1_26' title="bbox 255 2070 1945 2134; baseline 0.001 -16"><span class='ocrx_word' id='word_1_215' title='bbox 255 2072 356 2118; x_wconf 89' lang='lat' dir='ltr'>iam</span> <span class='ocrx_word' id='word_1_216' title='bbox 404 2070 695 2134; x_wconf 89' lang='lat' dir='ltr'>urgentibus</span> <span class='ocrx_word' id='word_1_217' title='bbox 746 2070 1043 2134; x_wconf 87' lang='lat' dir='ltr'>periturum,</span> <span class='ocrx_word' id='word_1_218' title='bbox 1094 2087 1205 2119; x_wconf 91' lang='lat' dir='ltr'>cum</span> <span class='ocrx_word' id='word_1_219' title='bbox 1251 2087 1362 2119; x_wconf 91' lang='lat' dir='ltr'>eum</span> <span class='ocrx_word' id='word_1_220' title='bbox 1393 2071 1516 2119; x_wconf 90' lang='lat' dir='ltr'>dicit</span> <span class='ocrx_word' id='word_1_221' title='bbox 1554 2071 1617 2120; x_wconf 91' lang='lat' dir='ltr'>ad</span> <span class='ocrx_word' id='word_1_222' title='bbox 1656 2071 1789 2120; x_wconf 86' lang='lat' dir='ltr'>vitae</span> <span class='ocrx_word' id='word_1_223' title='bbox 1829 2086 1945 2119; x_wconf 88' lang='lat' dir='ltr'>suae</span> 
     </span>
     <span class='ocr_line' id='line_1_27' title="bbox 256 2144 1945 2209; baseline 0 -18"><span class='ocrx_word' id='word_1_224' title='bbox 256 2146 412 2193; x_wconf 89' lang='lat' dir='ltr'>metas</span> <span class='ocrx_word' id='word_1_225' title='bbox 452 2144 753 2206; x_wconf 89' lang='lat' dir='ltr'>pervenisse,</span> <span class='ocrx_word' id='word_1_226' title='bbox 794 2146 936 2207; x_wconf 88' lang='lat' dir='ltr'>quasi</span> <span class='ocrx_word' id='word_1_227' title='bbox 973 2146 1065 2193; x_wconf 94' lang='lat' dir='ltr'>hoc</span> <span class='ocrx_word' id='word_1_228' title='bbox 1104 2161 1280 2209; x_wconf 88' lang='lat' dir='ltr'>genere</span> <span class='ocrx_word' id='word_1_229' title='bbox 1319 2146 1565 2194; x_wconf 89' lang='lat' dir='ltr'>solaretur</span> <span class='ocrx_word' id='word_1_230' title='bbox 1603 2145 1864 2207; x_wconf 81' lang='lat' dir='ltr'>dolentem,</span> <span class='ocrx_word' id='word_1_231' title='bbox 1903 2144 1945 2192; x_wconf 92' lang='lat' dir='ltr'>si</span> 
     </span>
     <span class='ocr_line' id='line_1_28' title="bbox 256 2219 1946 2268; baseline 0 -3"><span class='ocrx_word' id='word_1_232' title='bbox 256 2219 547 2267; x_wconf 86' lang='lat' dir='ltr'>interfector</span> <span class='ocrx_word' id='word_1_233' title='bbox 584 2219 828 2267; x_wconf 87' lang='lat' dir='ltr'>Pallantis</span> <span class='ocrx_word' id='word_1_234' title='bbox 867 2235 981 2267; x_wconf 88' lang='lat' dir='ltr'>mox</span> <span class='ocrx_word' id='word_1_235' title='bbox 1020 2222 1148 2267; x_wconf 90' lang='lat' dir='ltr'>esset</span> <span class='ocrx_word' id='word_1_236' title='bbox 1187 2221 1441 2268; x_wconf 88' lang='lat' dir='ltr'>secuturus</span> <span class='ocrx_word' id='word_1_237' title='bbox 1483 2219 1712 2268; x_wconf 88' lang='lat' dir='ltr'>occisum.</span> <span class='ocrx_word' id='word_1_238' title='bbox 1766 2220 1837 2266; x_wconf 81' lang='lat' dir='ltr'>sic</span> <span class='ocrx_word' id='word_1_239' title='bbox 1875 2220 1946 2266; x_wconf 80' lang='lat' dir='ltr'>ait</span> 
     </span>
     <span class='ocr_line' id='line_1_29' title="bbox 258 2292 1947 2352; baseline -0.001 -12"><span class='ocrx_word' id='word_1_240' title='bbox 258 2296 398 2352; x_wconf 78' lang='lat' dir='ltr'>atque</span> <span class='ocrx_word' id='word_1_241' title='bbox 436 2293 595 2341; x_wconf 82' lang='lat' dir='ltr'>oculos</span> <span class='ocrx_word' id='word_1_242' title='bbox 633 2293 926 2341; x_wconf 73' lang='lat' dir='ltr'>Rutulorwn</span> <span class='ocrx_word' id='word_1_243' title='bbox 973 2294 1110 2342; x_wconf 77' lang='lat' dir='ltr'>reicit</span> <span class='ocrx_word' id='word_1_244' title='bbox 1158 2295 1316 2342; x_wconf 76' lang='lat' dir='ltr'>arvis:</span> <span class='ocrx_word' id='word_1_245' title='bbox 1365 2295 1415 2341; x_wconf 89' lang='lat' dir='ltr'>et</span> <span class='ocrx_word' id='word_1_246' title='bbox 1460 2292 1605 2341; x_wconf 86' lang='lat' dir='ltr'>dictis</span> <span class='ocrx_word' id='word_1_247' title='bbox 1642 2293 1790 2340; x_wconf 90' lang='lat' dir='ltr'>finem</span> <span class='ocrx_word' id='word_1_248' title='bbox 1828 2292 1947 2340; x_wconf 85' lang='lat' dir='ltr'>fecit</span> 
     </span>
     <span class='ocr_line' id='line_1_30' title="bbox 258 2366 1944 2429; baseline 0 -15"><span class='ocrx_word' id='word_1_249' title='bbox 258 2369 308 2414; x_wconf 85' lang='lat' dir='ltr'>et</span> <span class='ocrx_word' id='word_1_250' title='bbox 359 2366 420 2415; x_wconf 92' lang='lat' dir='ltr'>ab</span> <span class='ocrx_word' id='word_1_251' title='bbox 471 2367 601 2415; x_wconf 86' lang='lat' dir='ltr'>arvis</span> <span class='ocrx_word' id='word_1_252' title='bbox 651 2366 951 2414; x_wconf 88' lang='lat' dir='ltr'>Rutulorum</span> <span class='ocrx_word' id='word_1_253' title='bbox 999 2367 1171 2416; x_wconf 90' lang='lat' dir='ltr'>reiecit</span> <span class='ocrx_word' id='word_1_254' title='bbox 1221 2368 1388 2416; x_wconf 88' lang='lat' dir='ltr'>oculos</span> <span class='ocrx_word' id='word_1_255' title='bbox 1431 2383 1563 2416; x_wconf 77' lang='lat' dir='ltr'>suos,</span> <span class='ocrx_word' id='word_1_256' title='bbox 1651 2367 1774 2429; x_wconf 90' lang='lat' dir='ltr'>quid</span> <span class='ocrx_word' id='word_1_257' title='bbox 1813 2368 1944 2414; x_wconf 90' lang='lat' dir='ltr'>enim</span> 
     </span>
     <span class='ocr_line' id='line_1_31' title="bbox 257 2439 1941 2504; baseline 0 -16"><span class='ocrx_word' id='word_1_258' title='bbox 257 2441 514 2502; x_wconf 88' lang='lat' dir='ltr'>prodesset</span> <span class='ocrx_word' id='word_1_259' title='bbox 550 2440 716 2489; x_wconf 82' lang='lat' dir='ltr'>videre</span> <span class='ocrx_word' id='word_1_260' title='bbox 750 2457 863 2488; x_wconf 86' lang='lat' dir='ltr'>eum</span> <span class='ocrx_word' id='word_1_261' title='bbox 895 2441 975 2489; x_wconf 89' lang='lat' dir='ltr'>cui</span> <span class='ocrx_word' id='word_1_262' title='bbox 1004 2457 1103 2490; x_wconf 89' lang='lat' dir='ltr'>non</span> <span class='ocrx_word' id='word_1_263' title='bbox 1134 2441 1302 2504; x_wconf 90' lang='lat' dir='ltr'>potuit</span> <span class='ocrx_word' id='word_1_264' title='bbox 1332 2457 1423 2504; x_wconf 89' lang='lat' dir='ltr'>ope</span> <span class='ocrx_word' id='word_1_265' title='bbox 1456 2440 1626 2504; x_wconf 89' lang='lat' dir='ltr'>aliqua</span> <span class='ocrx_word' id='word_1_266' title='bbox 1658 2439 1941 2489; x_wconf 74' lang='lat' dir='ltr'>subveniri?</span> 
     </span>
    </p>
   </div>
   <div class='ocr_carea' id='block_1_9' title="bbox 156 2515 1945 2577">
    <p class='ocr_par' dir='ltr' id='par_1_9' title="bbox 156 2515 1945 2577">
     <span class='ocr_line' id='line_1_32' title="bbox 156 2515 1945 2577; baseline 0 -15"><span class='ocrx_word' id='word_1_267' title='bbox 156 2523 241 2562; x_wconf 84' lang='lat'>475</span> <span class='ocrx_word' id='word_1_268' title='bbox 259 2519 310 2562; x_wconf 74' lang='lat' dir='ltr'>at</span> <span class='ocrx_word' id='word_1_269' title='bbox 357 2515 530 2563; x_wconf 79' lang='lat' dir='ltr'>Pallas</span> <span class='ocrx_word' id='word_1_270' title='bbox 576 2515 769 2575; x_wconf 60' lang='lat' dir='ltr'>anagnis</span> <span class='ocrx_word' id='word_1_271' title='bbox 819 2516 985 2562; x_wconf 73' lang='lat' dir='ltr'>emittit</span> <span class='ocrx_word' id='word_1_272' title='bbox 1031 2516 1218 2564; x_wconf 78' lang='lat' dir='ltr'>viribus</span> <span class='ocrx_word' id='word_1_273' title='bbox 1266 2516 1457 2563; x_wconf 77' lang='lat' dir='ltr'>hastam</span> <span class='ocrx_word' id='word_1_274' title='bbox 1505 2515 1778 2577; x_wconf 75' lang='lat' dir='ltr'>vayinaque</span> <span class='ocrx_word' id='word_1_275' title='bbox 1824 2530 1945 2563; x_wconf 79' lang='lat' dir='ltr'>cava</span> 
     </span>
    </p>
   </div>
   <div class='ocr_carea' id='block_1_10' title="bbox 280 2615 611 2620">
    <p class='ocr_par' dir='ltr' id='par_1_10' title="bbox 280 2615 611 2620">
     <span class='ocr_line' id='line_1_33' title="bbox 280 2615 611 2620; baseline 0 0"><span class='ocrx_word' id='word_1_276' title='bbox 280 2615 611 2620; x_wconf 95' lang='lat' dir='ltr'> </span> 
     </span>
    </p>
   </div>
   <div class='ocr_carea' id='block_1_11' title="bbox 251 2670 1946 3023">
    <p class='ocr_par' dir='ltr' id='par_1_11' title="bbox 251 2670 1946 3023">
     <span class='ocr_line' id='line_1_34' title="bbox 380 2670 1945 2727; baseline -0.001 -13"><span class='ocrx_word' id='word_1_277' title='bbox 380 2677 400 2714; x_wconf 92' lang='lat'>1</span> <span class='ocrx_word' id='word_1_278' title='bbox 435 2672 578 2715; x_wconf 81' lang='lat' dir='ltr'>voluit</span> <span class='ocrx_word' id='word_1_279' title='bbox 606 2672 714 2726; x_wconf 85' lang='lat' dir='ltr'>post</span> <span class='ocrx_word' id='word_1_280' title='bbox 743 2671 971 2716; x_wconf 76' lang='lat' dir='ltr'>ostendere</span> <span class='ocrx_word' id='word_1_281' title='bbox 1009 2671 1224 2727; x_wconf 86' lang='lat' dir='ltr'>interpol.</span> <span class='ocrx_word' id='word_1_282' title='bbox 1266 2671 1335 2715; x_wconf 89' lang='lat' dir='ltr'>ed.</span> <span class='ocrx_word' id='word_1_283' title='bbox 1368 2672 1487 2726; x_wconf 82' lang='lat' dir='ltr'>post.</span> <span class='ocrx_word' id='word_1_284' title='bbox 1618 2674 1643 2713; x_wconf 89' lang='lat'><strong>3</strong></span> <span class='ocrx_word' id='word_1_285' title='bbox 1679 2675 1828 2727; x_wconf 73' lang='lat' dir='ltr'>potest</span> <span class='ocrx_word' id='word_1_286' title='bbox 1860 2670 1945 2713; x_wconf 90' lang='lat' dir='ltr'>VR</span> 
     </span>
     <span class='ocr_line' id='line_1_35' title="bbox 251 2729 1946 2789; baseline 0 -15"><span class='ocrx_word' id='word_1_287' title='bbox 251 2736 403 2786; x_wconf 75' lang='lat' dir='ltr'>posset</span> <span class='ocrx_word' id='word_1_288' title='bbox 433 2731 503 2773; x_wconf 90' lang='lat' dir='ltr'>ed.</span> <span class='ocrx_word' id='word_1_289' title='bbox 606 2735 659 2773; x_wconf 84' lang='lat'>12</span> <span class='ocrx_word' id='word_1_290' title='bbox 692 2734 756 2774; x_wconf 77' lang='lat' dir='ltr'>est</span> <span class='ocrx_word' id='word_1_291' title='bbox 786 2743 873 2773; x_wconf 91' lang='lat' dir='ltr'>om.</span> <span class='ocrx_word' id='word_1_292' title='bbox 901 2731 970 2774; x_wconf 89' lang='lat' dir='ltr'>ed.</span> <span class='ocrx_word' id='word_1_293' title='bbox 1017 2732 1020 2789; x_wconf 88' lang='grc' dir='ltr'>Ι</span> <span class='ocrx_word' id='word_1_294' title='bbox 1066 2731 1264 2787; x_wconf 77' lang='lat' dir='ltr'>repperit</span> <span class='ocrx_word' id='word_1_295' title='bbox 1285 2730 1370 2774; x_wconf 91' lang='lat' dir='ltr'>VR</span> <span class='ocrx_word' id='word_1_296' title='bbox 1399 2730 1564 2785; x_wconf 80' lang='lat' dir='ltr'>reperit</span> <span class='ocrx_word' id='word_1_297' title='bbox 1595 2729 1666 2773; x_wconf 89' lang='lat' dir='ltr'>ed.</span> <span class='ocrx_word' id='word_1_298' title='bbox 1760 2733 1813 2773; x_wconf 87' lang='lat'>16</span> <span class='ocrx_word' id='word_1_299' title='bbox 1841 2735 1946 2786; x_wconf 77' lang='lat' dir='ltr'>post</span> 
     </span>
     <span class='ocr_line' id='line_1_36' title="bbox 257 2789 1944 2844; baseline 0 -11"><span class='ocrx_word' id='word_1_300' title='bbox 257 2790 361 2844; x_wconf 83' lang='lat' dir='ltr'>fata</span> <span class='ocrx_word' id='word_1_301' title='bbox 391 2803 478 2832; x_wconf 90' lang='lat' dir='ltr'>om.</span> <span class='ocrx_word' id='word_1_302' title='bbox 505 2789 621 2833; x_wconf 86' lang='lat' dir='ltr'>edF.</span> <span class='ocrx_word' id='word_1_303' title='bbox 706 2793 760 2832; x_wconf 85' lang='lat'>19</span> <span class='ocrx_word' id='word_1_304' title='bbox 793 2793 924 2844; x_wconf 80' lang='lat' dir='ltr'>atque</span> <span class='ocrx_word' id='word_1_305' title='bbox 945 2791 1150 2834; x_wconf 78' lang='lat' dir='ltr'>humana</span> <span class='ocrx_word' id='word_1_306' title='bbox 1172 2789 1256 2832; x_wconf 88' lang='lat' dir='ltr'>VR</span> <span class='ocrx_word' id='word_1_307' title='bbox 1285 2790 1571 2844; x_wconf 79' lang='lat' dir='ltr'>humanaque</span> <span class='ocrx_word' id='word_1_308' title='bbox 1594 2789 1664 2832; x_wconf 87' lang='lat' dir='ltr'>ed.</span> <span class='ocrx_word' id='word_1_309' title='bbox 1759 2792 1815 2832; x_wconf 85' lang='lat'>20</span> <span class='ocrx_word' id='word_1_310' title='bbox 1842 2802 1944 2844; x_wconf 79' lang='lat' dir='ltr'>per-</span> 
     </span>
     <span class='ocr_line' id='line_1_37' title="bbox 258 2848 1944 2906; baseline -0.001 -14"><span class='ocrx_word' id='word_1_311' title='bbox 258 2850 324 2893; x_wconf 84' lang='lat' dir='ltr'>ire</span> <span class='ocrx_word' id='word_1_312' title='bbox 346 2848 431 2891; x_wconf 92' lang='lat' dir='ltr'>VR</span> <span class='ocrx_word' id='word_1_313' title='bbox 463 2862 575 2892; x_wconf 87' lang='lat' dir='ltr'>corr.</span> <span class='ocrx_word' id='word_1_314' title='bbox 610 2848 680 2892; x_wconf 90' lang='lat' dir='ltr'>ed.</span> <span class='ocrx_word' id='word_1_315' title='bbox 718 2848 722 2906; x_wconf 91' lang='grc' dir='ltr'>Ι</span> <span class='ocrx_word' id='word_1_316' title='bbox 760 2849 812 2891; x_wconf 82' lang='lat' dir='ltr'>in</span> <span class='ocrx_word' id='word_1_317' title='bbox 842 2849 984 2892; x_wconf 81' lang='lat' dir='ltr'>troiae</span> <span class='ocrx_word' id='word_1_318' title='bbox 1014 2849 1068 2892; x_wconf 86' lang='lat' dir='ltr'>R.</span> <span class='ocrx_word' id='word_1_319' title='bbox 1183 2853 1237 2892; x_wconf 83' lang='lat'>22</span> <span class='ocrx_word' id='word_1_320' title='bbox 1269 2849 1337 2892; x_wconf 81' lang='lat' dir='ltr'>vel</span> <span class='ocrx_word' id='word_1_321' title='bbox 1368 2861 1455 2891; x_wconf 94' lang='lat' dir='ltr'>om.</span> <span class='ocrx_word' id='word_1_322' title='bbox 1489 2848 1559 2891; x_wconf 87' lang='lat' dir='ltr'>ed.</span> <span class='ocrx_word' id='word_1_323' title='bbox 1675 2852 1731 2891; x_wconf 82' lang='lat'>23</span> <span class='ocrx_word' id='word_1_324' title='bbox 1757 2852 1944 2892; x_wconf 79' lang='lat' dir='ltr'>turnum</span> 
     </span>
     <span class='ocr_line' id='line_1_38' title="bbox 258 2906 1940 2963; baseline -0.002 -11"><span class='ocrx_word' id='word_1_325' title='bbox 258 2922 343 2952; x_wconf 78' lang='lat' dir='ltr'>sua</span> <span class='ocrx_word' id='word_1_326' title='bbox 367 2907 463 2951; x_wconf 89' lang='lat' dir='ltr'>VR.</span> <span class='ocrx_word' id='word_1_327' title='bbox 558 2912 612 2951; x_wconf 83' lang='lat'>26</span> <span class='ocrx_word' id='word_1_328' title='bbox 645 2908 778 2963; x_wconf 79' lang='lat' dir='ltr'>quasi</span> <span class='ocrx_word' id='word_1_329' title='bbox 799 2906 884 2950; x_wconf 91' lang='lat' dir='ltr'>VR</span> <span class='ocrx_word' id='word_1_330' title='bbox 916 2909 995 2963; x_wconf 76' lang='lat' dir='ltr'>qui</span> <span class='ocrx_word' id='word_1_331' title='bbox 1026 2908 1096 2951; x_wconf 89' lang='lat' dir='ltr'>ed.</span> <span class='ocrx_word' id='word_1_332' title='bbox 1197 2911 1251 2951; x_wconf 85' lang='lat'>29</span> <span class='ocrx_word' id='word_1_333' title='bbox 1285 2908 1342 2952; x_wconf 87' lang='lat' dir='ltr'>ab</span> <span class='ocrx_word' id='word_1_334' title='bbox 1373 2908 1497 2951; x_wconf 84' lang='lat' dir='ltr'>arvis</span> <span class='ocrx_word' id='word_1_335' title='bbox 1519 2907 1603 2950; x_wconf 94' lang='lat' dir='ltr'>VR</span> <span class='ocrx_word' id='word_1_336' title='bbox 1634 2908 1696 2951; x_wconf 87' lang='lat' dir='ltr'>ad</span> <span class='ocrx_word' id='word_1_337' title='bbox 1727 2920 1840 2951; x_wconf 82' lang='lat' dir='ltr'>arva</span> <span class='ocrx_word' id='word_1_338' title='bbox 1871 2906 1940 2950; x_wconf 88' lang='lat' dir='ltr'>ed.</span> 
     </span>
     <span class='ocr_line' id='line_1_39' title="bbox 261 2965 901 3023; baseline -0.002 -14"><span class='ocrx_word' id='word_1_339' title='bbox 261 2972 315 3010; x_wconf 88' lang='lat'>30</span> <span class='ocrx_word' id='word_1_340' title='bbox 340 2967 551 3023; x_wconf 77' lang='lat' dir='ltr'>prodesse</span> <span class='ocrx_word' id='word_1_341' title='bbox 574 2966 659 3009; x_wconf 91' lang='lat' dir='ltr'>VR</span> <span class='ocrx_word' id='word_1_342' title='bbox 692 2980 803 3010; x_wconf 87' lang='lat' dir='ltr'>corr.</span> <span class='ocrx_word' id='word_1_343' title='bbox 830 2965 901 3009; x_wconf 86' lang='lat' dir='ltr'>ed.</span> 
     </span>
    </p>
   </div>
   <div class='ocr_carea' id='block_1_12' title="bbox 2029 0 2050 3226">
    <p class='ocr_par' dir='ltr' id='par_1_12' title="bbox 2029 0 2050 3226">
     <span class='ocr_line' id='line_1_40' title="bbox 2029 0 2050 3226; baseline 0 -2949"><span class='ocrx_word' id='word_1_344' title='bbox 2029 0 2050 3226; x_wconf 95' lang='lat' dir='ltr'>    </span> 
     </span>
    </p>
   </div>
   <div class='ocr_carea' id='block_1_13' title="bbox 2036 169 2043 262">
    <p class='ocr_par' dir='ltr' id='par_1_13' title="bbox 2036 169 2043 262">
     <span class='ocr_line' id='line_1_41' title="bbox 2036 169 2043 262; baseline 0 0"><span class='ocrx_word' id='word_1_345' title='bbox 2036 169 2043 262; x_wconf 74' lang='lat'>¹.</span> 
     </span>
    </p>
   </div>
   <div class='ocr_carea' id='block_1_14' title="bbox 1975 977 2019 1009">
    <p class='ocr_par' dir='ltr' id='par_1_14' title="bbox 1975 977 2019 1009">
     <span class='ocr_line' id='line_1_42' title="bbox 1975 977 2019 1009; baseline 0.023 -1"><span class='ocrx_word' id='word_1_346' title='bbox 1975 977 2019 1009; x_wconf 79' lang='lat'>10</span> 
     </span>
    </p>
   </div>
   <div class='ocr_carea' id='block_1_15' title="bbox 1976 1344 2018 1378">
    <p class='ocr_par' dir='ltr' id='par_1_15' title="bbox 1976 1344 2018 1378">
     <span class='ocr_line' id='line_1_43' title="bbox 1976 1344 2018 1378; baseline 0 0"><span class='ocrx_word' id='word_1_347' title='bbox 1976 1344 2018 1378; x_wconf 83' lang='lat'>15</span> 
     </span>
    </p>
   </div>
   <div class='ocr_carea' id='block_1_16' title="bbox 1976 2082 2036 2116">
    <p class='ocr_par' dir='ltr' id='par_1_16' title="bbox 1976 2082 2036 2116">
     <span class='ocr_line' id='line_1_44' title="bbox 1976 2082 2036 2116; baseline 0.017 -1"><span class='ocrx_word' id='word_1_348' title='bbox 1976 2082 2036 2116; x_wconf 71' lang='lat'>25·</span> 
     </span>
    </p>
   </div>
  </div>
 </body>
</html>
