2050 3226
221 178 329 232 386
694 175 928 220 DONATI
958 174 1239 220 INTERPR.
1264 175 1442 220 VERG.

219 315 474 364 obtinendi
510 315 564 364 in
601 316 828 379 partibus
869 314 979 363 fuit.
1056 315 1127 362 dii
1156 314 1293 363 Iovis
1330 315 1385 363 in
1422 316 1575 372 tectis,
1615 316 1708 364 hoc
1747 317 1822 364 est
1859 317 1913 364 in

218 390 354 438 eaelo
393 391 567 453 positi,
613 391 744 438 iram
792 390 1090 437 miserantur
1134 389 1334 437 inanem
1379 390 1633 438 amborum
1675 393 1718 438 et
1755 393 1914 439 tantos

215 464 503 512 mortalibus
535 478 635 512 esse
660 465 871 512 labores:
903 462 973 510 dii
996 462 1056 510 de
1088 472 1305 526 superna
1334 465 1476 525 parte
1507 463 1629 512 haec
1661 465 1912 513 cernentes

216 537 533 586 miseratione
573 538 883 586 ducebantur
929 539 979 584 et
1018 536 1254 585 dolebant
1299 537 1369 585 sic
1405 538 1574 587 tantos
1622 554 1807 599 errare,
1856 541 1915 586 ut

215 615 421 675 propter
449 612 649 660 inanem
680 627 881 660 causam
903 610 1192 659 iracundiae
1217 612 1510 660 catervatim
1533 611 1766 661 caderent
1786 612 1913 661 tales
1966 626 1994 675 s„

218 702 275 735 ac
313 689 419 734 tam
456 686 626 746 multi,
666 688 716 734 et
754 686 819 733 ad
856 686 1068 733 mortem
1098 685 1216 733 licet
1253 687 1398 734 natos
1429 687 1482 734 vi
1510 688 1679 748 potius
1709 686 1912 734 interire

115 752 200 812 760
218 776 369 823 quam
399 761 522 823 lege.
571 760 684 807 hine
723 760 908 815 Venus,
947 759 1060 806 hine
1091 762 1258 807 eontra
1287 762 1469 819 spectat
1496 759 1737 809 Saturnia
1765 760 1912 817 Iun0‚

209 834 407 894 pallida
443 834 704 894 Tisiphone
740 834 903 881 media
940 834 1067 880 inter
1102 833 1244 881 milia
1280 834 1457 882 saevit:
1504 835 1694 898 strages
1740 837 1914 883 tantae

218 907 310 957 sub
352 908 508 956 oculis
548 909 691 955 erant
713 907 921 956 Veneris
961 909 1012 955 et
1048 906 1277 968 Iunonis,
1317 922 1445 970 quae
1474 907 1695 970 partium
1735 907 1912 957 studiis

218 981 542 1042 ducebantur,
576 981 845 1044 Tisiphone
878 982 1048 1029 autem
1071 981 1223 1029 Furia
1252 981 1355 1029 illis
1379 981 1439 1029 de
1471 997 1664 1031 summo
1689 984 1912 1046 spectan-
1945 997 2017 1048 103

215 1056 351 1104 tibus
374 1055 505 1104 inter
528 1055 746 1104 virorum
773 1055 1165 1104 discordantium
1186 1055 1328 1104 milia
1351 1055 1618 1104 saeviebat.
1671 1057 1914 1119 pallidam
2012 1049 2014 1051 ’

216 1130 365 1191 dixit,
413 1129 546 1192 quod
591 1130 808 1192 pallidos
846 1129 1002 1178 faciat
1051 1145 1174 1192 quos
1222 1131 1388 1178 furore
1436 1130 1778 1190 commoverit,
1827 1132 1915 1179 aut

215 1204 378 1267 ipsam
404 1220 517 1253 vere
541 1203 782 1266 pallidam
811 1203 865 1252 in
897 1220 998 1266 qua
1026 1204 1212 1252 inesset
1235 1205 1506 1267 perpetuus
1530 1204 1681 1267 furor.
1730 1207 1913 1253 atvero

214 1279 453 1339 inqentern
465 1279 686 1338 quatiens
697 1279 972 1326 Mezentius
990 1278 1184 1326 hastam
1199 1278 1424 1326 turbidus
1438 1279 1710 1340 inyreditur
1722 1292 1890 1338 campo
1898 1295 1915 1326 .-

212 1350 488 1400 Mezentius
519 1353 774 1416 ingentem
802 1353 1001 1400 hastam
1022 1351 1251 1400 turbidus
1283 1352 1625 1402 commovebat
1654 1354 1708 1400 in
1739 1367 1913 1415 campo
1945 1365 1989 1399 15
2015 1415 2018 1417 ‚

217 1426 493 1474 ambulans.
546 1426 788 1489 parabola
811 1425 1107 1488 inmittitur,
1138 1428 1198 1474 ut
1221 1426 1515 1475 ostendatur
1539 1426 1787 1488 quomodo
1810 1428 1914 1474 tur·

214 1499 358 1548 bidus
399 1500 690 1549 ambulabat
726 1501 779 1548 in
812 1516 1002 1563 campo.
1053 1515 1201 1559 quani
1229 1515 1439 1561 maynus
1474 1499 1646 1557 Orion,
1687 1515 1797 1549 eum
1825 1514 1913 1560 pe-

114 1585 198 1625 765
216 1574 299 1622 des
337 1575 515 1622 incedit
550 1575 697 1623 ‘medii
725 1589 821 1634 per
857 1575 1078 1623 maxima
1099 1574 1250 1622 Nerei
1286 1578 1463 1636 stagna
1500 1575 1634 1623 viam
1671 1574 1911 1631 scindens,

215 1662 379 1696 uniero
404 1650 727 1708 supereminet
747 1648 935 1697 undas:
974 1664 1125 1710 quam
1147 1664 1360 1712 magnus
1397 1651 1492 1710 est,
1523 1647 1711 1710 inquit,
1744 1646 1912 1710 Orion,

216 1738 329 1770 cum
366 1738 456 1784 per
493 1723 713 1771 medium
750 1737 886 1771 mare
924 1722 1022 1770 iter
1051 1722 1176 1771 facit
1214 1725 1264 1770 et
1294 1721 1554 1771 ambulans
1586 1723 1768 1770 umeris
1808 1721 1911 1771 suis
1943 1735 2016 1786 204...

215 1795 374 1844 undas
415 1797 617 1845 excedit.
673 1800 761 1845 aut
795 1797 1001 1845 summis
1030 1797 1247 1857 referens
1278 1811 1519 1845 annosam
1555 1797 1798 1844 montibus
1836 1810 1912 1844 or-

215 1885 335 1917 num
372 1871 734 1931 inqrediturque
763 1871 862 1919 solo
895 1874 938 1918 et
969 1874 1115 1930 caput
1141 1871 1267 1918 inter
1297 1871 1470 1919 nubila
1501 1870 1661 1919 condit
1671 1888 1687 1918 .·
1726 1872 1841 1932 aut,
1868 1871 1913 1918 si

215 1959 303 2006 per
336 1946 493 1993 terras
526 1946 598 1992 ire
629 1944 865 1993 maluerit
907 1960 1146 1994 annosam
1185 1943 1486 2007 perindeque
1517 1944 1771 2008 ingentem
1802 1945 1912 1992 orni

217 2017 442 2066 arborem
475 2020 681 2067 summis
715 2035 740 2066 e
770 2018 1027 2067 montibus
1051 2019 1290 2079 referens,
1323 2021 1474 2080 caput
1504 2018 1656 2067 habet
1677 2019 1731 2083 in
1754 2018 1910 2067 nubes

215 2106 371 2153 usque
403 2094 698 2153 porrectum.
754 2093 868 2141 talis
898 2107 949 2140 se
979 2093 1132 2141 vastis
1155 2093 1306 2152 infert
1326 2093 1601 2141 Mezentius
1632 2093 1809 2142 armis:
1840 2091 1910 2140 sic
1941 2103 1984 2137 25

215 2165 322 2213 ibat
360 2166 629 2214 Mezentius
669 2181 780 2214 cum
812 2167 962 2215 armis
1001 2166 1302 2230 ingentibus.

115 2250 199 2290 770
337 2238 431 2288 Cui
462 2243 629 2287 eontra
658 2239 874 2297 AeneaS,
914 2241 1190 2300 speculatus
1227 2241 1282 2288 in
1318 2241 1510 2302 aymine
1542 2240 1699 2301 lonyo,
1740 2239 1909 2287 obvius

216 2314 288 2361 ire
311 2316 487 2374 parat:
519 2316 691 2361 contra
715 2314 843 2362 hunc
867 2314 1059 2363 Aeneas
1085 2314 1298 2377 parabat
1326 2314 1398 2362 ire
1431 2313 1628 2374 obvius,
1661 2328 1772 2361 cum
1796 2329 1910 2360 eum

216 2388 395 2451 longae
433 2386 640 2436 vidisset
677 2387 989 2436 multitudini
1019 2390 1332 2450 permixtum.
1381 2391 1546 2436 manet
1572 2387 1909 2447 inperterritus

215 2462 296 2509 ille
326 2462 505 2510 hostem
534 2462 906 2522 maynanirnum
937 2455 1190 2522 opperiens
1229 2466 1271 2510 et
1300 2462 1421 2510 mole
1451 2476 1544 2509 sua
1565 2463 1683 2509 stat:
1720 2460 1909 2508 Mezen·
1940 2474 2003 2525 3⁰..-

215 2536 315 2583 tius
348 2537 536 2596 autem,
575 2551 686 2583 cum
716 2535 906 2583 videret
943 2535 1146 2584 Aenean
1177 2536 1371 2600 magnis
1404 2535 1580 2583 animis
1612 2534 1907 2595 venientem,

216 2610 452 2658 manebat
495 2608 752 2657 interritus
801 2611 850 2656 et
896 2611 1079 2658 virtute
1126 2625 1218 2659 sua
1265 2609 1475 2658 confisus
1525 2607 1703 2657 stabat.
1766 2611 1907 2667 atque

338 2755 362 2793 6
386 2756 438 2795 ut
459 2764 543 2806 pro
566 2751 615 2795 vi
629 2750 741 2794 ch.
761 2754 860 2793 332.
926 2754 978 2792 17
997 2751 1203 2794 ambulat
1217 2750 1289 2794 ed.
1315 2750 1318 2808 Ι
1350 2750 1527 2806 maynis
1544 2748 1683 2804 (infra
1699 2749 1841 2804 recte)
1851 2747 1904 2792 V.

219 2814 274 2852 20
305 2810 402 2865 ipse
424 2810 540 2864 facit
562 2809 603 2853 V
627 2811 657 2853 i.
682 2810 717 2864 f.
742 2810 865 2853 viam
889 2809 959 2852 ed.
984 2810 1070 2853 iter
1092 2810 1126 2863 f.
1152 2823 1248 2853 nos.
1342 2813 1396 2852 23
1428 2822 1590 2852 ornum
1621 2807 1692 2852 ed.
1779 2812 1835 2850 24
1867 2812 1908 2851 et

218 2869 443 2912 montibus
473 2868 527 2911 V.
651 2873 706 2912 27
746 2868 822 2912 eui
852 2867 895 2910 V
926 2868 996 2910 ed.
1034 2867 1170 2924 Verg.
1204 2867 1360 2911 libror.
1393 2867 1560 2910 nullus.
1683 2869 1738 2908 29
1778 2867 1906 2922 Zonye

218 2926 259 2968 V
292 2927 362 2970 ed.
403 2928 563 2984 lonyae
605 2941 688 2971 nos
730 2928 923 2982 propter
960 2927 1091 2983 lonyo
1129 2928 1179 2971 in
1217 2927 1457 2979 lemmate,
1495 2925 1579 2968 ubi
1617 2926 1744 2982 lon9e
1779 2939 1902 2980 susp.

218 2984 444 3041 Hoppius.
569 2991 622 3030 31
655 2999 818 3043 mayno
850 2987 1003 3030 animo
1035 2986 1105 3029 ed.
1229 2991 1284 3029 32
1315 2986 1642 3041 imperterritus
1673 2984 1742 3027 ed.
