2050 3226
253 256 363 309 470
728 253 963 298 DONATI
991 252 1272 298 INTERPR.
1297 251 1476 298 VERG.

253 393 397 442 labile
428 394 636 455 pignus:
681 394 730 441 et
767 393 965 441 recedas
1006 391 1068 440 ab
1107 391 1309 440 adfectu
1346 393 1449 442 eius
1488 409 1578 456 per
1616 409 1768 455 quam
1804 392 1946 442 nobis

252 469 418 530 potest
466 469 694 516 aeternae
735 469 886 529 atque
932 465 1238 516 inviolabilis
1277 466 1414 530 pacis
1459 466 1734 515 subsidium
1770 483 1947 530 procu-

150 553 235 594 365
250 543 366 590 rari.
425 543 624 601 primus
663 555 765 602 690,
805 541 1021 588 invisum
1059 555 1198 599 quem
1235 543 1288 588 tu
1325 542 1411 589 aba·
1447 541 1617 602 ftnyis,
1659 544 1702 589 et
1739 555 1840 589 esse
1876 542 1950 590 nil

251 630 433 672 moror,
475 630 534 663 eu
571 615 774 675 supplex
812 615 975 663 venio:
1013 630 1127 678 eg0,
1165 614 1352 676 inquit,
1390 616 1579 678 primus
1620 617 1669 664 613
1708 631 1855 677 quem
1891 617 1950 663 tu

252 690 348 738 tibi
394 705 499 738 esse
545 689 690 753 fingis
737 689 956 738 invisum
998 704 1106 736 ecce
1146 689 1355 752 supplex
1392 689 1485 737 tibi
1523 705 1635 738 sum
1675 705 1732 738 ac
1770 691 1819 738 136
1858 705 1948 752 pro
2003 703 2022 735 5

252 764 414 812 salute
455 763 678 810 omnium
707 778 842 827 rogo.
906 779 1091 827 magna
1120 763 1327 811 nocendi
1365 762 1635 825 calliditas,
1674 763 1950 827 supplicem

165 834 170 837 ’
253 853 303 886 se
334 837 487 885 efficit
516 836 766 898 inimicus,
798 838 856 885 ut
885 837 979 885 hoc
1008 837 1156 885 modo
1188 837 1468 886 desiderata
1498 837 1742 900 perficiat,
1783 839 1949 901 atque,

251 915 311 959 ut
362 912 602 959 maiorem
654 910 899 960 invidiam
954 911 1205 974 conpleat,
1262 913 1409 975 rogat
1462 911 1684 960 omnium
1735 913 1947 960 nomine.

251 986 476 1032 miserere
514 988 731 1033 tuorum:
769 987 949 1049 tangat
985 987 1035 1034 te
1073 984 1345 1048 aliquando
1375 987 1576 1034 tuorum
1613 985 1866 1034 miseratio
1900 988 1950 1034 613

250 1059 530 1107 infelicibus
569 1075 738 1122 parce,
776 1075 876 1107 non
913 1059 1164 1108 intereant
1193 1059 1396 1122 reliqui,
1436 1060 1552 1108 dum
1583 1062 1633 1108 te
1675 1059 1836 1108 adhuc
1873 1060 1948 1107 in-
1980 1074 2023 1105 10

251 1133 589 1182 consideratus
635 1149 771 1181 error
817 1135 1053 1198 exagitat.
1124 1148 1251 1194 poue
1301 1134 1492 1182 animos
1538 1137 1581 1181 et
1619 1134 1797 1194 pulsus
1843 1135 1949 1182 abi:

251 1207 512 1256 consilium
550 1207 667 1256 dare
707 1207 877 1256 debuit
919 1209 1006 1270 qui
1053 1207 1323 1271 quaerebat
1367 1209 1421 1255 in
1466 1209 1612 1256 tanta
1654 1209 1948 1256 necessitate

249 1282 553 1331 beneficium.
618 1281 891 1344 deferveat,
930 1281 1118 1345 inquit,
1156 1281 1540 1331 inconsideratio
1583 1283 1672 1330 tua
1718 1282 1768 1329 et
1815 1281 1949 1345 quod

250 1356 467 1404 hausisti
506 1355 670 1404 animo
703 1357 783 1405 vel
812 1357 1082 1405 instructus
1115 1356 1330 1405 exclude.
1385 1357 1548 1405 victus
1581 1368 1654 1405 es:
1693 1358 1810 1404 tuae
1846 1356 1948 1404 iam

252 1430 507 1492 acquiesce
539 1430 767 1478 fortunae
798 1430 1089 1493 provisurus
1123 1430 1275 1478 etiam
1297 1430 1415 1492 tibi,
1447 1432 1491 1479 si
1516 1429 1729 1479 cedendo
1762 1430 1947 1479 efficias
1981 1442 2022 1476 15

251 1505 387 1566 quod
424 1505 784 1567 perseverando
823 1506 983 1553 vitare
1022 1521 1122 1553 non
1160 1505 1363 1567 poteris.
1427 1520 1536 1553 ecce
1576 1506 1626 1552 et
1662 1504 1948 1554 benivolum

251 1594 301 1626 se
338 1578 507 1642 fingit,
555 1577 673 1626 dum
709 1578 867 1641 ipsius
908 1594 1105 1641 quoque
1156 1578 1308 1627 saluti
1345 1579 1458 1627 vult
1496 1594 1599 1627 esse
1638 1579 1796 1627 veluti
1835 1593 1948 1626 con-

251 1652 438 1701 sultum
470 1669 618 1714 quem
649 1653 1038 1715 persequebatur
1073 1652 1184 1700 odio
1224 1655 1274 1701 et
1305 1669 1452 1715 quem
1485 1652 1716 1715 cupiebat
1747 1668 1946 1715 oppres-

251 1742 372 1774 sum.
449 1729 528 1774 sat
570 1728 752 1787 funera
795 1728 899 1787 fusi
944 1727 1181 1775 vidimus:
1232 1726 1352 1775 satis
1399 1727 1466 1775 sit
1512 1727 1645 1789 quod
1692 1742 1947 1775 caesorum

252 1800 571 1849 cadaveribus
621 1801 770 1864 plena
821 1803 939 1849 sunt
989 1802 1177 1863 omnia,
1228 1802 1418 1863 quanta
1471 1801 1605 1848 mala
1650 1801 1704 1848 in
1750 1802 1946 1849 nostros
1978 1815 2021 1847 20

250 1875 465 1923 exercita
503 1891 603 1923 non
643 1876 923 1938 accepimus
973 1876 1214 1923 referente
1253 1875 1412 1936 fama,
1459 1874 1545 1923 sed
1582 1874 1812 1924 vidimus.
1872 1875 1947 1922 iu-

246 1949 402 2009 yemis
441 1952 484 1996 et
513 1949 838 1998 desolavimus
870 1964 1037 2011 ayros:
1073 1949 1195 1997 bene
1231 1949 1401 2012 posuit
1432 1949 1785 2012 desolavimus,
1825 1950 1948 2011 quia

251 2022 309 2070 de
350 2022 482 2086 agris
522 2023 614 2071 hoc
653 2026 729 2072 est
767 2023 826 2071 de
865 2024 970 2072 solo
1004 2023 1358 2086 quaerebatur,
1398 2023 1532 2085 quod
1562 2023 1752 2072 factum
1783 2023 1948 2071 fuerat

251 2096 513 2145 desertum.
568 2097 762 2146 addidit
793 2097 947 2146 etiam
970 2098 1209 2161 ingentis,
1240 2099 1299 2145 ut
1328 2113 1428 2146 non
1451 2112 1629 2160 parva,
1663 2097 1750 2145 sed
1771 2098 1945 2160 ingens

251 2172 400 2232 atque
439 2171 664 2219 inmensa
703 2172 947 2233 possessio
987 2171 1176 2220 nudata
1214 2170 1465 2220 videretur
1501 2171 1804 2234 viduataque
1844 2171 1945 2219 cul·
1977 2183 2020 2217 25

249 2243 454 2293 toribus.
517 2244 737 2293 desolare
779 2247 963 2309 quippe
1003 2247 1078 2294 est
1117 2246 1307 2295 auferre
1349 2246 1621 2310 agricolam
1658 2246 1780 2294 solo.
1846 2245 1943 2293 alio

249 2318 356 2367 loco
405 2311 478 2385 (8,
507 2311 561 2384 6)
600 2319 852 2382 Vergilius
900 2320 1058 2369 multo
1106 2318 1379 2369 evidentius
1425 2320 1518 2368 hoc
1556 2320 1722 2382 ipsum
1761 2318 1945 2382 posuit,

251 2408 362 2441 cum
401 2391 585 2440 diceret
623 2393 888 2454 „ductores
927 2394 1077 2456 primi
1114 2394 1372 2456 Messapus
1412 2395 1463 2442 et
1500 2393 1655 2441 Ufens
1694 2395 1943 2456 contemp-

250 2468 426 2528 torque
477 2466 623 2514 deum
661 2467 929 2516 Mezentius
981 2467 1198 2530 undique
1250 2470 1434 2531 cogunt
1483 2467 1668 2514 auxilia
1718 2469 1768 2515 613
1813 2467 1943 2515 latos

250 2541 452 2589 vastant
498 2540 770 2589 cultoribus
819 2540 1016 2605 agros“.
1093 2558 1192 2590 non
1238 2542 1396 2590 solam
1447 2557 1734 2603 camporum
1784 2541 1945 2590 voluit
1975 2553 2018 2585 30

250 2615 526 2663 monstrare
558 2615 810 2678 ingentem
842 2615 1160 2663 solitudinem
1187 2616 1392 2677 factam,
1433 2615 1518 2663 sed
1547 2631 1637 2676 per
1665 2615 1943 2663 inmensum

252 2703 484 2751 agrorum
537 2689 740 2737 modum
791 2691 1043 2752 ingentem
1095 2689 1352 2737 hominum
1406 2688 1779 2736 multitudinem
1838 2703 1941 2736 esse

372 2834 394 2872 1
444 2829 599 2882 effectu
646 2830 717 2873 ed.
756 2831 876 2885 post.
937 2830 941 2887 1
998 2843 1134 2885 quam
1172 2829 1215 2874 V
1261 2843 1390 2886 quem
1435 2828 1505 2873 ed.
1635 2832 1662 2871 5
1704 2833 1746 2873 et
1786 2834 1827 2872 te
1869 2829 1939 2872 ed.

252 2891 278 2931 8
326 2890 500 2943 couplet
538 2888 580 2932 V
624 2903 736 2933 corr.
781 2889 851 2932 ed.
984 2893 1038 2931 10
1086 2902 1177 2933 nou
1211 2888 1254 2932 V
1295 2903 1353 2933 ‘ne
1396 2887 1466 2932 ed.
1598 2891 1652 2931 14
1699 2888 1863 2931 ausisti
1900 2886 1942 2930 V

252 2960 365 2990 corr.
415 2947 485 2991 ed.
557 2947 560 3005 Ι
629 2949 878 2992 instructus
923 2946 965 2990 V
1019 2953 1249 2992 extructus
1301 2947 1371 2991 ed.
1430 2951 1640 2992 eaetrusus
1693 2946 1764 2990 ed.
1820 2947 1939 3001 post.

253 3010 306 3048 21
356 3007 604 3062 accipimus
649 3006 691 3050 V
746 3020 859 3050 corr.
908 3006 978 3050 ed.
1124 3010 1178 3049 23
1233 3006 1532 3062 quaerebatur
1577 3005 1619 3049 V
1665 3005 1736 3049 ed.
1793 3018 1940 3061 quere—

254 3065 419 3109 batur?
