2050 3226
237 129 343 182 134
704 127 938 172 DONATI
966 127 1248 173 INTERPR.
1273 127 1454 174 VERG.

230 266 531 329 perindeque
568 267 936 330 persequendus
975 267 1105 316 foret
1142 283 1335 330 precem
1375 268 1652 332 supplicem
1681 269 1925 319 funderet.

229 341 406 389 melior
444 357 510 403 es,
547 342 729 404 inquit,
769 342 996 390 omnibus
1030 341 1253 404 Graecis;
1291 342 1406 405 plus
1445 345 1521 391 est
1558 344 1690 391 enim
1721 343 1924 393 Aenean

229 418 491 479 rogantem
528 415 694 465 videre
727 431 879 478 quam
907 415 1084 464 vicisse
1116 431 1424 480 magnaeque
1455 417 1711 466 felicitatis
1745 420 1822 467 est
1849 419 1923 466 in-

231 489 516 554 digentibus
584 490 744 539 videri
811 491 1157 539 necessarium.
1256 505 1356 538 uon
1423 491 1640 551 equidem
1709 493 1921 549 eoetimui,

128 573 213 614 130
228 564 471 612 Danaum
509 564 637 623 quod
675 565 843 612 ductor
881 567 925 612 et
960 563 1124 612 Arcas
1160 564 1378 623 quodque
1415 580 1448 613 a
1485 567 1635 626 stirpe
1671 567 1802 625 fores
1844 580 1923 627 ye—
1977 580 1996 613 5
2049 602 2050 607 ,

228 639 377 686 minis
427 639 709 686 coniunctus
745 637 963 686 Atridis:
1014 654 1136 699 non,
1182 639 1372 701 inquit,
1416 640 1564 687 timui
1602 639 1736 702 quod
1773 642 1921 689 natus

229 728 278 761 es
319 713 399 761 vel
448 713 582 774 quod
627 727 756 761 esses
800 712 934 760 inter
970 714 1085 761 tuos
1131 714 1311 774 potior.
1387 714 1472 761 sed
1507 728 1618 762 mea
1653 728 1730 762 me
1766 715 1924 762 virtus

155 827 160 830 .
228 790 272 834 et
330 789 503 834 sancta
563 787 765 835 oracula
826 787 993 834 divum
1047 788 1326 847 coynatique
1377 790 1571 846 patres,
1633 791 1721 836 tua
1780 788 1923 836 terris

227 860 386 909 didita
433 861 575 920 fama
620 861 909 908 coniunxere
954 862 1040 909 tibi
1087 864 1130 908 et
1171 862 1293 921 fatis
1332 875 1464 922 eyere
1500 862 1756 910 volentem:
1810 878 1923 911 cum

227 935 388 983 multa
438 936 743 998 congereret,
792 936 1007 997 primam
1056 935 1226 997 posuit
1274 934 1515 983 virtutem
1564 952 1707 985 suam
1754 951 1923 985 secun·
1955 950 1997 983 10

227 1008 345 1056 dum
374 1008 517 1057 illam
542 1009 842 1058 sententiam
865 1025 1018 1071 quam
1042 1009 1302 1058 Terentius
1325 1010 1489 1058 tenuit
1511 1009 1675 1059 dicens
1700 1005 1922 1075 (Phorm.

227 1085 276 1144 1,
303 1084 351 1144 2,
378 1076 472 1149 89)
515 1083 677 1144 „mihi
722 1099 831 1146 spes
879 1083 1037 1132 omnis
1076 1085 1130 1131 in
1166 1086 1350 1132 memet
1388 1084 1486 1132 sita
1525 1083 1658 1146 est“3
1707 1085 1925 1132 multum

226 1156 358 1205 enim
395 1157 652 1219 praevalet
690 1158 780 1220 qui
816 1173 916 1205 non
954 1159 1007 1205 in
1046 1158 1226 1219 aliena,
1257 1158 1345 1206 sed
1373 1157 1428 1205 in
1459 1173 1551 1207 sua
1581 1160 1767 1207 virtute
1797 1159 1923 1206 fidu-

226 1233 354 1280 ciam
392 1231 557 1294 ponit3
597 1231 791 1280 addidit
821 1232 937 1279 huic
969 1231 1174 1280 deorum
1204 1233 1442 1294 favorem,
1474 1232 1562 1295 qui
1590 1233 1921 1282 interveniens

223 1307 456 1355 inventus
497 1321 646 1354 ausus
685 1306 873 1354 auxilio
913 1307 1118 1355 fortiore
1158 1307 1491 1369 conduplicat.
1560 1307 1682 1354 haec
1720 1307 1924 1355 fuerunt
1953 1320 1996 1353 15

226 1396 353 1443 quae
393 1381 566 1428 contra
595 1380 777 1428 fortem
807 1381 970 1429 virum
1002 1382 1051 1428 et
1082 1381 1284 1428 deorum
1313 1381 1484 1429 favore
1515 1381 1765 1428 munitum
1795 1381 1923 1430 nihil

225 1455 421 1503 adversi
466 1455 685 1503 sinerent
733 1455 985 1503 concitari.
1063 1454 1256 1503 addidit
1291 1455 1521 1516 tertium,
1562 1471 1659 1517 quo
1699 1455 1922 1504 obtinere

225 1528 416 1590 debuit,
456 1529 653 1577 etiamsi
688 1527 778 1576 illa
815 1544 914 1576 non
954 1531 1144 1590 essent,
1183 1530 1345 1577 virtus
1387 1530 1574 1577 scilicet
1619 1531 1669 1577 et
1715 1529 1922 1578 deorum

222 1618 482 1665 responsa,
521 1605 637 1651 ante
678 1603 860 1664 oculos,
897 1603 1078 1665 inquit,
1115 1602 1272 1650 habui
1309 1605 1476 1651 tutum
1513 1604 1620 1652 fore
1653 1604 1922 1652 adventum

222 1694 410 1738 meum,
451 1677 560 1739 qui,
598 1679 881 1741 incognitus
919 1678 1057 1739 licet,
1102 1677 1367 1725 tendebam
1413 1677 1478 1725 ad
1525 1677 1751 1725 adfinem.
1826 1679 1921 1726 hoc
1950 1691 1994 1725 20

223 1768 400 1815 genere
456 1751 674 1800 ostendit
727 1767 777 1799 se
827 1768 927 1800 non
977 1751 1204 1799 timuisse
1257 1752 1389 1814 quod
1443 1754 1572 1800 esset
1621 1750 1920 1800 Graecorum

223 1826 377 1888 stirpe
415 1826 704 1889 progenitus
743 1841 829 1873 rex
865 1825 1037 1886 Arcas,
1078 1825 1162 1873 sed
1199 1828 1359 1888 magis
1398 1826 1629 1874 habuisse
1668 1826 1918 1888 fiduciam,

224 1899 357 1963 quod
388 1899 616 1947 Troianis
658 1915 854 1962 quoque
884 1899 1077 1948 ratione
1109 1901 1365 1963 sanguinis
1397 1900 1653 1948 videretur
1683 1901 1916 1950 adnexus.

220 1973 275 2021 in
313 1974 626 2022 conclusione
664 1976 833 2036 posuit
877 1975 967 2022 tua
1012 1975 1157 2022 terris
1205 1973 1365 2022 didita
1411 1974 1570 2036 fama3
1609 1974 1917 2023 cessantibus

223 2050 407 2111 quippe
447 2047 673 2096 omnibus
714 2064 841 2109 quae
882 2063 1033 2110 supra
1065 2047 1197 2095 dicta
1230 2050 1347 2096 sunt
1375 2048 1612 2097 maiorem
1647 2064 1697 2096 se
1730 2049 1918 2097 adserit
1947 2060 1990 2094 25

220 2122 378 2184 ipsius
417 2121 651 2170 habuisse
689 2122 943 2183 fiduciam,
985 2122 1117 2185 quod
1154 2123 1443 2186 religiosum
1482 2124 1561 2171 vel
1606 2122 1791 2170 bonum
1828 2139 1915 2170 no-

220 2197 396 2245 verant
435 2211 602 2244 omnes
643 2198 693 2243 et
732 2198 898 2244 cuncti
935 2212 1024 2258 per
1063 2197 1221 2244 omnis
1260 2199 1508 2244 terrarum
1545 2199 1704 2259 partis
1735 2212 1916 2245 nomen

221 2272 324 2319 eius
380 2271 430 2318 et
481 2269 870 2318 benivolentiam
922 2270 1282 2332 praeferebant.
1376 2273 1669 2319 coniunxere
1722 2270 1817 2318 tibi
1866 2273 1916 2319 et

220 2345 340 2393 fatis
392 2360 557 2408 egere:
609 2346 904 2408 coniungere
956 2344 1020 2392 ad
1069 2346 1269 2407 privata
1318 2344 1555 2407 pertinet,
1604 2345 1698 2392 hoc
1737 2346 1812 2393 est
1851 2345 1915 2393 ad

219 2478 316 2516 tum
346 2471 388 2515 V
426 2471 590 2515 ductus
629 2470 700 2514 ed.
740 2471 895 2514 nescio
937 2485 997 2514 an
1034 2474 1174 2515 recte.
1303 2475 1325 2514 1
1360 2485 1569 2527 praecem
1599 2472 1848 2527 supplicem
1872 2470 1914 2514 V

213 2545 368 2588 preces
408 2531 601 2586 supplex
644 2529 714 2574 ed.
850 2535 874 2573 6
918 2531 1037 2586 quod
1078 2537 1217 2575 uatus
1259 2545 1303 2575 es
1333 2530 1375 2573 V
1415 2530 1470 2574 cf.
1514 2535 1553 2584 7,
1579 2533 1663 2572 805
1711 2530 1914 2575 Graecus

221 2591 329 2634 add.
370 2590 487 2634 edF.
611 2593 634 2632 7
678 2589 748 2633 vel
789 2590 909 2644 quod
942 2589 984 2633 V
1022 2591 1091 2634 vel
1133 2590 1204 2633 ed.
1260 2590 1264 2648 Ι
1319 2589 1488 2633 lemma
1533 2590 1727 2633 sed—9
1763 2591 1912 2633 voleu-

219 2656 306 2695 tem
343 2651 452 2705 post
489 2648 782 2703 conduplicat
817 2650 1045 2704 transpos.
1083 2649 1153 2692 ed.
1189 2650 1464 2693 voluntatem
1497 2662 1581 2703 pro
1616 2650 1833 2692 volentem
1855 2648 1912 2693 V.

222 2714 275 2753 12
309 2709 436 2764 apud
459 2707 729 2752 Terentium
753 2707 839 2751 sic:
874 2709 959 2762 „in
982 2721 1056 2751 me
1081 2708 1230 2751 omnis
1255 2721 1359 2763 spes
1383 2707 1500 2750 mihi
1523 2708 1636 2751 est.“
1748 2711 1802 2750 13
1833 2722 1913 2751 va-

220 2770 277 2813 let
309 2769 379 2811 ed.
473 2772 527 2811 15
559 2769 769 2811 iuventus
799 2781 934 2811 ausos
956 2766 998 2810 V
1028 2767 1183 2810 locum
1213 2769 1387 2811 temere
1418 2767 1532 2809 mut.
1558 2767 1629 2810 ed.
1735 2770 1789 2808 18
1820 2767 1912 2810 vir-

220 2833 357 2872 tutem
380 2827 422 2867 V
454 2826 542 2870 edI
571 2827 718 2870 virtus
749 2825 865 2880 edF,
899 2826 1023 2881 quod
1056 2827 1289 2871 sententia
1319 2825 1542 2882 postulat.
1650 2828 1705 2868 20
1737 2825 1799 2868 ad
1830 2826 1911 2869 ad-

219 2887 353 2941 finem
377 2886 419 2929 V
451 2886 514 2929 ad
542 2887 678 2941 finem
709 2885 780 2928 ed.
903 2889 957 2928 22
990 2886 1068 2929 sed
1094 2886 1137 2929 V
1168 2900 1212 2930 se
1244 2885 1314 2929 ed.
1437 2889 1491 2928 27
1532 2885 1677 2928 omnis
1716 2897 1803 2928 om.
1838 2884 1909 2927 ed.

221 2950 276 2988 29
308 2947 646 3001 coniuuyere—
667 2948 764 2998 135,
784 2949 809 2987 3
843 2958 964 3001 eyere
996 2958 1083 2988 om.
1112 2945 1274 2989 addito
1305 2945 1521 2989 volentem
1552 2943 1624 2988 ed.
