2050 3226
773 214 1079 259 AENEmos
1105 215 1191 259 v11
1757 220 1828 273 83

130 354 334 404 Iunonis
374 371 546 404 verum
585 356 739 404 etiam
776 356 898 418 ipsis
946 371 1143 419 quoque
1192 355 1347 404 oculis
1395 355 1648 405 subderet:
1697 358 1829 419 quod

130 429 376 478 referebat
397 429 562 478 verbis
586 429 934 478 ostentationis
957 430 1070 491 fuit,
1103 429 1237 492 quod
1266 430 1580 479 monstrabat
1601 431 1828 493 plenissi-

130 519 239 551 mae
263 503 584 567 probationis.
635 504 727 561 dic,
752 505 807 551 in
830 505 1098 552 amicitiam
1122 507 1291 552 coeant
1313 507 1357 552 et
1376 505 1576 564 foedera
1604 506 1827 566 iunyant,

130 578 520 637 quandoquidem
564 576 787 626 Ausonio
840 579 1053 639 respersi
1104 579 1345 639 sanquine
1399 579 1634 627 Teucros:
1696 579 1828 642 quod

129 651 239 700 fieri
275 667 366 714 pro
405 654 492 700 tua
529 652 787 700 voluntate
826 668 936 701 meo
982 652 1259 701 ministerio
1299 652 1471 701 debuit
1508 653 1698 701 factum
1738 655 1827 714 est,

129 726 315 789 polluti
352 728 470 774 sunt
507 725 713 774 Troiani
750 727 993 790 sanguine
1024 725 1342 788 Latinorum,
1379 728 1524 775 tanta
1562 743 1622 775 ex
1659 743 1716 775 eo
1748 743 1827 775 ex-

128 800 238 848 titit
268 815 420 850 causa
451 800 750 861 discordiae,
788 803 846 849 ut
878 801 1030 849 etiam
1064 817 1122 849 ex
1151 801 1410 850 voluntate
1441 803 1533 850 tua
1564 801 1828 850 concordia

128 874 428 938 populorum
457 874 683 938 reparari
711 890 809 923 non
835 876 1009 938 possit.
1059 890 1168 924 ecce
1193 877 1437 938 quantum
1460 874 1613 924 Furia
1644 875 1826 940 gloria-

128 951 232 1010 tur,
298 950 544 1012 quantum
605 965 709 998 sese
772 949 967 997 extollit
1020 949 1251 998 adserens
1305 948 1602 1012 dissipatam
1654 966 1829 1013 pacem

127 1022 371 1086 integrari
418 1039 518 1071 non
567 1039 735 1087 posse,
786 1023 981 1072 etiamsi
1029 1024 1140 1087 ipsa
1189 1023 1317 1071 Iuno
1369 1023 1557 1072 satiata
1605 1026 1827 1087 partium

129 1097 364 1146 caedibus
387 1098 518 1146 hanc
547 1098 670 1147 velit
699 1097 752 1145 in
775 1099 1027 1162 integrum
1058 1112 1304 1147 revocare.
1352 1098 1416 1146 ad
1439 1099 1828 1162 perpetuitatem

129 1171 406 1220 discordiae
444 1173 662 1235 pertinet
705 1172 839 1234 quod
883 1173 1107 1235 positum
1152 1174 1228 1220 est
1266 1187 1297 1219 a
1335 1172 1562 1221 Troianis
1610 1173 1828 1236 primum

127 1246 341 1293 inlatam
379 1245 581 1294 caedem
618 1245 877 1307 AusoniiS,
926 1246 1014 1309 qui
1051 1247 1331 1294 novitatem
1378 1262 1520 1295 suam
1570 1246 1826 1296 funeribus

127 1319 397 1368 inferendis
437 1319 878 1369 commendandam
916 1335 1020 1369 esse
1060 1319 1386 1368 crediderant.
1452 1321 1539 1369 hoc
1570 1322 1715 1369 etiam
1751 1322 1828 1370 his

129 1394 332 1450 addam,
365 1398 451 1442 tua
488 1395 534 1442 si
562 1395 682 1442 milii
712 1397 842 1442 certa
871 1394 1119 1451 valaniae,
1155 1395 1396 1454 finitimas
1425 1395 1480 1442 in
1512 1395 1637 1443 bella
1666 1397 1827 1455 feram

125 1468 405 1516 rumoribus
441 1469 581 1517 urbis
619 1469 972 1529 accendamque
1010 1470 1201 1517 animos
1230 1469 1400 1517 insani
1429 1470 1617 1517 Mart-is
1648 1484 1825 1527 amore,
1844 1480 1931 1520 550

125 1539 369 1603 [undique
412 1546 467 1590 at
512 1543 698 1591 auxilio
743 1543 971 1601 veniant;
1018 1557 1253 1604 spamam
1304 1558 1448 1591 arma
1487 1558 1584 1603 per
1630 1543 1827 1606 ayross·

126 1631 234 1664 ecce
275 1632 333 1664 ex
372 1616 785 1680 consequentibus
826 1617 1045 1666 ostendit
1082 1633 1185 1679 qua
1222 1619 1385 1667 mente
1418 1617 1625 1666 dixisset
1662 1618 1742 1666 dic
1772 1619 1826 1666 in

127 1690 402 1739 amicitiam
454 1693 652 1753 coeant3
698 1707 798 1740 non
853 1691 985 1739 enim
1037 1693 1238 1754 poterat
1283 1691 1460 1754 Furia,
1516 1708 1644 1754 quae
1699 1692 1826 1740 nihil

126 1766 325 1827 praeter
361 1766 494 1813 mala
531 1767 700 1814 nosset
738 1768 790 1814 et
826 1766 988 1814 facere
1028 1768 1079 1813 et
1115 1766 1328 1829 inplere,
1359 1766 1440 1814 hic
1472 1766 1679 1815 suadere
1713 1782 1825 1815 con-

127 1838 345 1887 cordiam
393 1841 443 1887 et
486 1838 635 1901 Iuno,
674 1842 816 1889 vetus
857 1843 907 1888 et
944 1841 1176 1902 pertinax
1213 1841 1440 1902 inimica,
1487 1843 1688 1903 repente
1736 1843 1826 1890 aut

126 1913 228 1961 levi
276 1912 466 1962 ultione
520 1913 709 1962 satiari.
787 1930 904 1978 ergo
955 1914 1151 1963 Allecto
1206 1914 1442 1979 glorians*
1474 1914 1534 1963 de
1585 1930 1641 1963 eo
1693 1916 1825 1977 quod

126 1987 334 2049 fecerat,
381 2003 480 2050 quo
522 1988 656 2051 apud
692 1989 933 2037 Iunonem
971 1989 1111 2037 fieret
1148 1989 1361 2053 gratior,
1409 1988 1716 2037 adiecturam
1758 2005 1824 2052 se,

125 2060 171 2109 si
199 2060 291 2108 illa
321 2062 647 2123 permitteret,
678 2063 822 2111 malis
856 2062 1081 2111 conflatis
1115 2064 1437 2127 augmentum
1460 2063 1595 2112 ultro
1620 2063 1822 2126 pollice-

126 2137 210 2182 tur
247 2135 413 2184 dicens
452 2136 545 2184 hoc
591 2136 743 2185 etiam
780 2137 857 2185 his
906 2136 1109 2199 addam,
1148 2138 1190 2186 si
1228 2138 1440 2185 ulterior
1475 2137 1570 2185 tibi
1614 2139 1825 2186 nocendi

125 2209 358 2258 voluntas
406 2212 481 2258 est
526 2212 576 2257 et
621 2210 697 2259 vis
728 2206 925 2260 ‘fortius
971 2212 1154 2274 inpleri
1200 2227 1328 2274 quae
1374 2211 1511 2260 facta
1557 2214 1695 2273 sunt,
1745 2213 1821 2261 his

127 2282 308 2332 addam
339 2300 468 2346 quae
507 2301 608 2333 non
647 2284 867 2333 continet
895 2284 1160 2334 instructio
1192 2287 1302 2347 tua,
1340 2288 1402 2334 ut
1430 2285 1669 2334 finitimae
1703 2302 1822 2349 quo-

127 2373 224 2419 que
269 2357 415 2406 urbes
462 2374 630 2408 amore
676 2358 1011 2408 dimicationis
1060 2375 1293 2408 accensae
1342 2362 1453 2408 tota
1501 2360 1820 2408 festinatione

127 2434 424 2480 concurrant
447 2435 518 2494 et,
549 2449 610 2481 ne
635 2432 911 2482 subsidium
935 2434 1215 2483 volentibus
1248 2433 1390 2495 desit,
1422 2449 1656 2498 spargam
1684 2449 1821 2482 arma

125 2521 214 2567 per
266 2521 427 2570 agros.
504 2510 606 2555 tum
652 2511 819 2556 eontra
864 2507 1020 2555 Iuno:
1071 2525 1132 2555 ne
1186 2507 1440 2556 videretur
1492 2510 1655 2556 minus
1710 2524 1821 2570 pro-

249 2623 303 2662 14
334 2619 564 2674 inferendi
593 2618 636 2662 V
668 2632 781 2663 corr.
816 2619 888 2664 ed.
932 2620 936 2677 Ι
984 2619 1275 2664 crediderunt
1304 2619 1376 2663 ed.
1500 2624 1554 2663 16
1587 2620 1819 2663 insaniam

127 2678 242 2722 artis
283 2677 338 2720 V.
476 2682 530 2721 17
577 2679 998 2735 undique—ayros
1044 2679 1175 2723 deest
1220 2679 1270 2722 in
1314 2678 1367 2733 V,
1416 2679 1498 2723 sed
1546 2678 1818 2734 explicatur.

128 2739 182 2778 19
215 2750 307 2792 qua
328 2735 371 2779 V
401 2738 512 2793 qaia
543 2737 615 2781 ed.
649 2751 763 2793 quae
794 2751 890 2781 nos,
990 2742 1046 2781 20
1078 2752 1133 2782 ac
1155 2738 1347 2782 suadere
1372 2737 1413 2781 V
1437 2738 1507 2781 ed.
1533 2739 1606 2781 hic
1628 2751 1695 2781 su.
1721 2750 1818 2780 nos.

127 2798 182 2838 21
215 2796 366 2839 aalevi
395 2795 438 2839 V
474 2797 600 2840 haud
634 2797 721 2840 levi
758 2797 829 2840 ed.
952 2801 1008 2840 25
1046 2798 1089 2842 si
1126 2802 1208 2841 tua
1246 2798 1384 2842 altior
1413 2796 1455 2840 V
1493 2798 1535 2840 si
1571 2797 1709 2840 altior
1747 2796 1818 2839 ed.

127 2854 168 2896 si
205 2855 393 2899 ulterior
434 2869 530 2899 noe.
662 2860 716 2899 26
759 2857 830 2900 his
872 2855 1041 2900 addam
1080 2855 1122 2898 V
1163 2857 1234 2900 his
1275 2857 1434 2912 inepte
1477 2857 1705 2911 transpos,
1746 2855 1817 2899 ed,

129 2915 184 2954 28
208 2913 442 2966 festinatio
464 2928 558 2958 non
573 2913 615 2957 V
632 2928 746 2958 corr.
765 2915 836 2959 ed.
915 2919 970 2958 29
995 2915 1166 2959 lemma
1189 2915 1357 2970 incipit
1382 2928 1409 2957 a
1433 2928 1647 2971 sparyam
1662 2913 1718 2968 V,
1737 2914 1819 2958 sed

127 2983 536 3030 sparyam—ayros
558 2987 651 3017 non
674 2973 845 3017 lemma
868 2987 967 3018 esse
987 2976 1134 3029 patet,
1153 2974 1235 3018 sed
1252 2973 1485 3017 lemmatis
1503 2986 1644 3029 supra
1661 2973 1819 3017 omissi

128 3030 473 3083 repetitionem:
502 3033 950 3088 undique—veniant
972 3035 1081 3077 ante
1105 3047 1319 3089 sparyam
1343 3033 1501 3087 inepte
1525 3032 1723 3076 inseruit
1746 3033 1815 3076 ed.

1497 3119 1553 3163 6*
