2050 3226
742 152 867 198 AEN
870 151 1046 198 EIDOS
1076 149 1142 197 XI
1680 155 1790 210 453

98 292 249 343 armis
287 293 480 357 positus
519 309 619 341 non
659 291 851 355 audivi,
901 292 988 342 sed
1024 292 1233 356 probavi
1278 290 1434 342 oculis
1485 293 1632 355 meis3
1678 310 1791 343 con·

96 369 254 432 gressi
292 368 476 431 quippe
511 368 702 431 pariter
739 383 932 429 summ,
970 366 1076 416 vidi
1103 365 1319 416 hominis
1358 368 1410 415 et
1446 366 1656 431 expendi
1694 368 1792 418 vir·

95 444 269 491 tutem.
344 445 533 503 experto
572 442 746 490 credite
784 445 997 502 quantus
1040 442 1092 490 in
1144 441 1349 503 clipewm
1395 441 1661 503 adsumat,
1702 455 1792 502 quo

36 536 44 550 ·=
95 517 286 565 turbine
322 518 541 576 torqueat
575 516 794 565 hastam:
842 517 961 565 sunt
1006 517 1094 580 qui
1138 516 1210 565 sic
1253 515 1407 565 istum
1445 515 1610 565 locum
1647 531 1793 578 expo-

94 593 240 652 nant,
287 591 433 654 quasi
470 589 732 640 Diomedes
784 605 835 640 se
875 589 1010 639 dicat
1048 591 1304 654 expertum
1351 588 1494 640 cuius
1541 591 1671 640 esset
1707 590 1793 639 ille

35 676 40 721 f
94 665 298 714 virtutis
337 663 531 728 sibique
570 664 868 713 credendum
899 665 987 728 qui
1026 665 1232 714 dixisset
1270 663 1536 726 „stetimus
1574 664 1677 714 tela
1716 679 1792 713 as-

92 754 214 802 pera
253 740 428 788 contra
466 738 865 802 contulimusque
903 754 1080 788 manus
1091 737 1132 787 “.
1186 738 1442 788 meliorem
1473 740 1642 788 tamen
1682 738 1793 788 dico

33 844 39 867 .·
93 828 198 863 esse
235 812 567 876 intellectum,
613 813 658 862 si
694 813 962 862 Diomedes
1007 813 1188 877 legatis
1234 813 1310 862 ita
1349 812 1528 862 dixisse
1566 812 1795 863 videatur

32 860 43 934 i
93 889 295 950 experto
335 888 538 950 credite,
593 890 651 937 ut
697 904 823 950 quae
862 887 1158 937 dicebantur
1193 886 1293 950 ipsi
1330 887 1630 951 experiundo
1680 903 1793 937 con·

91 961 361 1026 probarent
398 964 449 1011 et
487 979 547 1010 ex
578 961 799 1012 eiusdem
826 962 1023 1011 Aeneae
1053 961 1243 1011 bellicis
1276 961 1471 1011 actibus
1503 962 1794 1026 colligerent

38 1098 44 1103 ὓ
93 1038 310 1100 quantus
353 1037 483 1085 esset
525 1039 614 1085 aut
656 1036 842 1100 qualis:
882 1037 1024 1099 quasi
1063 1037 1108 1085 si
1146 1035 1331 1086 diceret
1368 1036 1462 1085 hoc
1493 1035 1629 1099 quod
1651 1036 1792 1086 vobis

35 1126 44 1166 j
90 1111 248 1159 refero
287 1111 466 1160 vestris
505 1111 663 1160 oculis
702 1110 913 1174 probare
952 1111 1202 1174 poteritiS,
1245 1126 1360 1159 cum
1396 1109 1623 1161 videritis
1662 1127 1792 1173 eum,

39 1191 41 1193 ’
92 1187 309 1247 quantus
350 1184 591 1249 adsurgat
638 1186 692 1234 in
741 1185 978 1248 clipeum,
1029 1200 1128 1249 quo
1174 1184 1373 1234 turbine
1418 1186 1654 1248 torqueat
1705 1185 1792 1234 ha-

36 1284 43 1324 ss
91 1262 235 1308 stam.
311 1259 524 1308 turbinis
563 1259 663 1321 viS‚
702 1276 828 1323 quae
866 1260 927 1308 fit
963 1276 1022 1308 ex
1058 1260 1319 1322 repentino
1358 1259 1671 1322 tempestatis
1711 1276 1791 1307 ex·

39 1327 41 1330 ’
92 1335 228 1395 ortu,
267 1349 419 1397 quam
456 1334 679 1383 violenta
717 1334 806 1395 sit,
845 1349 996 1396 quam
1035 1334 1177 1383 fortis
1217 1332 1447 1382 omnibus
1485 1335 1663 1382 notum
1701 1335 1790 1384 est.

90 1407 305 1457 turbinis
342 1423 566 1470 rursum,
616 1424 715 1472 quo
752 1407 896 1472 pueri
931 1409 1167 1469 utuntur,
1217 1409 1409 1471 quanta
1445 1407 1701 1458 mobilitas
1741 1410 1792 1457 et

32 1508 34 1510 ·
89 1481 379 1532 volubilitas
428 1484 618 1545 quanta
663 1482 731 1532 sit
774 1498 864 1531 nec
911 1483 1006 1532 hoc
1051 1483 1298 1531 universis
1344 1482 1655 1546 incognitum
1701 1485 1790 1532 est.

89 1572 149 1605 ex
179 1556 516 1620 appellatione
546 1555 707 1621 igitur
735 1556 950 1606 turbinis
982 1558 1213 1622 cognosci
1243 1557 1432 1619 potuit,
1467 1556 1630 1620 qualis
1663 1560 1792 1606 esset

32 1625 42 1687 ,⁴⁴
88 1629 284 1680 Aeneas
329 1630 383 1679 in
430 1631 782 1681 certaminibus
821 1631 1028 1681 bellicis
1104 1631 1216 1680 ideo
1255 1646 1356 1680 non
1404 1646 1586 1680 nomen
1631 1631 1790 1694 accipi

55 1771 58 1773 Α
91 1705 236 1754 debet
258 1707 481 1768 expert0‚
514 1706 600 1756 sed
631 1705 944 1768 adverbium,
976 1707 1057 1756 vel
1086 1705 1300 1754 maxime
1332 1706 1454 1768 quia
1486 1705 1638 1755 etiam
1661 1705 1791 1755 illud

32 1794 37 1842 1Ι
91 1778 226 1843 quod
264 1779 390 1828 dixit
426 1782 662 1844 torqueat
697 1796 799 1828 non
828 1780 1175 1843 praeteritum,
1214 1780 1302 1828 sed
1332 1795 1563 1844 praesens
1593 1782 1789 1844 tempus

32 1907 37 1914 Ι
90 1853 308 1902 ostendit
352 1854 446 1902 hoc
494 1856 570 1904 est
613 1871 712 1903 non
758 1854 886 1903 illud
933 1871 1031 1917 quo
1077 1854 1130 1902 in
1177 1854 1328 1903 Troia
1373 1857 1655 1919 pugnatum
1701 1857 1790 1917 est,

33 1947 41 1989 f
90 1927 175 1976 sed
215 1927 348 1991 quod
385 1927 649 1992 gerebatur
691 1928 746 1976 in
783 1929 950 1977 Italia.
1026 1930 1070 1977 si
1116 1929 1211 1977 duo
1250 1932 1529 1988 praeterea,
1575 1929 1669 1978 hoc
1715 1931 1791 1978 est
1806 1932 1892 1973 285

88 2004 288 2066 praeter
315 2003 504 2064 ipsum,
533 2003 648 2052 talis
669 2003 830 2051 Idaea
861 2004 1047 2052 tulisset
1069 2006 1200 2051 terra
1222 2004 1375 2060 virae,
1407 2005 1466 2052 ut
1493 2005 1593 2053 tres
1627 2006 1791 2052 essent

0 2110 2 2113 -
32 2076 46 2138 ᾗ
89 2091 204 2126 cum
247 2078 381 2140 ips0,
428 2077 555 2125 altro
601 2077 839 2126 Inachias
883 2078 1092 2127 venisset
1135 2078 1202 2125 ad
1245 2078 1384 2126 urbis
1420 2077 1699 2126 Dardanas
1748 2082 1791 2126 et

87 2151 241 2199 versis
281 2151 458 2212 lugeret
499 2150 712 2199 Graecia
748 2152 892 2211 fatis:
937 2151 1163 2200 Dardani
1201 2151 1538 2215 appellatione
1576 2154 1789 2217 gentem,

87 2241 189 2273 non
224 2242 380 2274 unum
413 2225 665 2274 hominem
702 2224 851 2287 dixit3
889 2225 1154 2275 Dardanus
1194 2225 1326 2274 enim
1362 2225 1561 2276 Aeneae
1599 2229 1789 2289 tempo-

87 2298 225 2348 ribus
266 2301 317 2348 et
361 2299 463 2347 illis
513 2300 694 2362 quibus
739 2300 793 2348 in
832 2299 981 2348 Troia
1026 2302 1305 2364 pugnatum
1355 2302 1432 2349 est
1475 2302 1579 2349 iam
1623 2301 1788 2349 fuerat

31 2426 35 2441 τ
88 2375 335 2436 mortuus;
381 2375 548 2437 potest
584 2376 754 2423 tamen
792 2375 842 2422 et
880 2375 950 2422 sic
995 2373 1156 2423 videri
1194 2373 1396 2424 dixisse:
1447 2375 1627 2438 quodsi
1663 2375 1787 2423 Asia

87 2447 204 2496 talis
242 2447 335 2496 tris
372 2447 505 2497 viros
544 2447 725 2497 habere
763 2447 1031 2511 potuisset,
1069 2447 1360 2498 Dardanum
1392 2451 1553 2512 primo
1587 2448 1786 2498 Graecis

88 2522 310 2583 potuisse
348 2522 529 2570 inferre
559 2521 850 2584 perniciem,
888 2524 948 2570 ut
978 2538 1214 2572 conversa
1245 2523 1530 2572 condicione
1568 2523 1787 2571 fatorum

211 2682 234 2720 1
256 2679 439 2734 positus
461 2692 549 2723 om.
569 2678 642 2723 ed.
727 2683 752 2721 6
777 2679 858 2735 qui
871 2678 913 2721 V
937 2679 1056 2735 quod
1079 2679 1153 2724 ed.
1238 2684 1263 2723 9
1287 2680 1786 2736 ipsi—conprobarent

90 2735 248 2792 inepte
272 2739 386 2781 mut.
408 2738 500 2782 ed.:
527 2737 644 2782 Don.
661 2743 842 2794 experto
866 2738 934 2781 sic
958 2739 1110 2795 accipi
1132 2738 1233 2782 vult
1254 2741 1309 2782 ut
1332 2739 1507 2782 dicitur
1528 2738 1784 2794 explorato,

91 2795 278 2852 cognito
310 2798 398 2842 etc.
424 2796 482 2841 cf.
510 2798 731 2842 intellecto
765 2801 833 2851 12,
852 2800 952 2841 867.
1046 2803 1099 2842 11
1132 2799 1175 2843 si
1205 2812 1293 2842 om.
1320 2798 1390 2842 ed.
1485 2802 1541 2841 14
1572 2803 1785 2854 tempore-

88 2855 223 2899 statis
244 2854 287 2898 V
309 2860 505 2913 tempore
527 2858 714 2901 aestatis
736 2856 810 2900 ed.
894 2860 952 2900 20
974 2858 1086 2913 quia
1108 2856 1151 2901 V
1174 2859 1254 2913 qui
1278 2857 1349 2901 ed.
1428 2861 1481 2900 21
1502 2863 1784 2913 praesentem

90 2912 132 2956 V
164 2927 278 2958 corr.
310 2914 382 2959 ed.
506 2920 560 2959 22
594 2915 801 2960 ostendat
822 2914 865 2959 V
892 2916 964 2960 ed.
1086 2921 1141 2960 23
1174 2918 1226 2960 in
1256 2917 1354 2960 alia
1378 2914 1419 2959 V
1450 2917 1502 2960 in
1532 2917 1679 2960 Italia
1710 2917 1781 2960 ed.

62 2997 65 2999 >
91 2976 147 3016 24
170 2977 355 3029 praeter
377 2975 476 3031 ipso
500 2973 541 3016 V
566 2988 679 3019 corr.
706 2974 782 3019 ed.
814 2975 820 3033 Ι
855 2976 1096 3021 inachaiae
1118 2975 1172 3020 V.
1262 2979 1315 3019 31
1343 2980 1384 3020 et
1406 2988 1619 3021 conversa
1641 2974 1685 3020 V
1709 2975 1781 3020 ed.
