2050 3226
0 0 73 307 Γ
789 125 1092 171 AENEIDOS
1123 125 1166 170 X
1715 130 1821 184 321

4 284 28 331 ,g
136 268 417 327 clavumque
453 267 575 328 reyit
611 266 819 328 velisque
856 267 1126 314 ministrat:
1174 265 1354 326 virtuS‚
1403 268 1463 314 ut
1508 266 1698 315 dictum
1736 270 1825 329 est,

7 337 17 401 ῑ,
135 342 330 390 Aeneae
385 339 703 403 describitur3
757 356 869 389 cum
923 340 1055 388 enim
1108 341 1237 388 esset
1289 355 1387 388 nox
1442 342 1492 388 et
1544 340 1663 388 luna
1723 341 1826 390 iam

7 409 21 471 ἱ
134 415 353 464 111οᾶ111111
391 415 583 463 caelum
619 415 883 476 tenuisset,
923 415 1161 476 quoniam
1197 414 1251 462 in
1289 415 1434 462 tanta
1472 429 1589 463 cura
1627 430 1826 463 somnus

0 496 10 549 J
136 506 250 538 eum
286 492 453 538 tenere
491 505 591 537 non
629 491 849 551 poterat,
890 487 1104 537 sedebat.
1182 503 1292 537 ecce
1340 487 1522 550 duplex
1568 488 1732 550 labor,
1779 492 1829 537 et

0 570 14 616 {‹
44 622 46 626 ¹
84 579 105 613 5
135 580 235 612 non
274 562 486 612 dormire
522 562 612 610 fflo
651 565 872 625 tempore
913 565 964 610 et
1002 562 1183 611 sedere.
1272 561 1538 610 accedebat
1575 563 1651 611 his
1693 562 1828 626 quod

8 692 11 706 ‚
137 638 352 702 vigilans
390 640 441 686 et
478 636 651 685 sedens
690 652 789 685 non
820 637 919 685 fuit
950 637 1138 686 otiosus
1171 636 1283 685 aliis
1317 635 1510 684 duobus
1539 636 1827 686 muneribus

8 710 43 780 [²
135 712 374 773 serviens3
423 727 540 759 nam
590 713 640 759 et
688 711 1026 775 gubernacula
1074 710 1276 759 tenebat
1326 715 1375 759 01
1421 710 1646 759 velorum
1691 710 1828 759 sinus

136 788 240 834 arte
270 785 636 836 moderabatur.
691 785 951 834 ordinatur
980 800 1153 834 sensus
1185 784 1276 834 sic:
1306 785 1414 847 ipse
1437 784 1631 833 Aeneas
1655 785 1828 835 sedens

135 861 429 924 clavumque
467 859 599 924 regit
636 859 860 922 velisque
896 859 1173 924 ministrat3
1220 874 1380 922 neque
1421 859 1552 907 enim
1595 859 1829 908 membris

12 922 16 935 ¹
60 949 104 983 10
135 935 222 983 dat
270 950 388 983 cura
434 933 663 997 quietem.
740 934 852 997 ipsa
898 934 1030 982 enim
1076 934 1176 982 fuit
1213 949 1365 982 causa
1402 932 1669 997 vigilandi,
1709 949 1829 997 quo-

133 1008 271 1056 niam
319 1007 657 1071 navigationis
709 1011 760 1056 et
809 1008 981 1056 futura
1029 1007 1150 1055 belli
1199 1007 1533 1056 sollicitudine
1584 1007 1828 1057 distentus

135 1082 348 1131 dormire
388 1099 488 1131 non
525 1083 736 1146 poterat.
813 1085 953 1143 atque
990 1082 1066 1129 illi
1101 1082 1257 1130 medio
1295 1083 1350 1129 in
1387 1083 1569 1142 spatio:
1613 1081 1831 1131 medium

136 1158 352 1219 spatium
402 1159 452 1205 et
500 1156 651 1205 maris
701 1158 866 1219 potest
915 1171 1019 1205 esse
1069 1158 1119 1204 et
1164 1155 1491 1204 interstitium
1529 1157 1663 1219 quod
1699 1156 1832 1204 inter

23 1246 43 1301 [³.
135 1232 243 1279 01113
281 1246 460 1280 navem
498 1233 549 1279 et
587 1233 772 1279 ceteras
811 1230 923 1278 fuit.
1008 1230 1181 1278 chorus
1227 1244 1328 1278 0000
1373 1245 1580 1278 suarum
1625 1231 1832 1278 occurrit
1847 1238 1934 1278 220

23 1304 104 1372 [1⁶
136 1306 383 1353 comitum:
413 1305 615 1354 comites
649 1304 775 1353 dixit
804 1303 946 1353 navis
979 1319 1108 1367 quae
1134 1319 1246 1352 cum
1267 1305 1377 1367 ipso
1403 1319 1595 1367 semper
1617 1305 1830 1353 fuerant.

33 1383 42 1442 ⁵⁴.
137 1379 311 1428 chorus
352 1382 426 1428 est
463 1394 698 1427 numerus
739 1379 972 1427 collectus
1012 1395 1071 1425 ex
1109 1378 1354 1441 plurimis.
1410 1378 1532 1427 dicit
1568 1378 1670 1427 iam
1701 1394 1831 1441 quae

136 1455 299 1502 essent
335 1453 388 1501 in
425 1452 535 1516 ipso
576 1453 746 1502 choro:
784 1453 1045 1514 nymphae,
1087 1467 1210 1513 quas
1249 1453 1383 1501 alma
1424 1451 1606 1514 Cybebe
1652 1468 1832 1501 nwmen

12 1130 30 1184 ἦ]

134 1527 308 1576 habere
344 1528 500 1576 maris
537 1528 868 1588 nymphasque
900 1542 923 1575 0
954 1527 1165 1575 navibus
1196 1541 1296 1575 esse
1326 1527 1557 1583 iusserat,
1590 1528 1835 1576 innabant

128 1603 318 1661 pariter
340 1603 606 1662 fluctusque
628 1603 870 1650 secabant.
930 1601 1024 1650 hoc
1054 1603 1205 1663 poeta
1234 1617 1334 1649 non
1365 1617 1456 1663 pro
1486 1616 1616 1650 novo
1646 1602 1833 1663 posuit,
1870 1655 1874 1660 ,

20 1679 27 1695 ”
62 1690 106 1723 110
134 1679 193 1724 111
231 1677 377 1738 quasi
421 1675 730 1740 incognitam
774 1675 1002 1724 fabulam
1045 1675 1215 1724 insciis
1263 1675 1532 1724 lectoribus
1570 1675 1832 1736 indicaret,

137 1748 222 1798 sed
260 1750 689 1799 commemorantis
735 1751 935 1799 functus
982 1749 1145 1798 officio
1191 1750 1400 1813 replicat
1444 1751 1596 1814 gesta.
1681 1749 1833 1812 ipsaS,

137 1824 326 1887 inquit,
357 1823 465 1874 dico
498 1825 744 1887 nymphas
778 1824 842 1873 ad
871 1823 1077 1873 Aenean
1107 1824 1299 1873 venisse
1332 1839 1458 1886 quas
1489 1825 1650 1872 mater
1687 1824 1834 1873 deum

139 1915 199 1945 ex
242 1898 454 1948 navibus
500 1899 688 1947 fecerat
732 1899 1010 1962 quibusque
1047 1898 1464 1947 inmortalitatem
1511 1899 1832 1947 concesserat.

137 1972 382 2021 innabant
426 1973 616 2036 pariter
658 1973 936 2037 fluctusque
983 1973 1238 2022 secabant:
1284 1972 1355 2022 sic
1399 1972 1538 2036 ipsae
1583 1973 1833 2036 nymphae

64 2059 108 2093 25
139 2048 369 2095 natantes
401 2046 690 2108 veniebant,
727 2049 787 2095 ut
815 2047 957 2096 nulla
987 2047 1304 2111 praecederet
1335 2046 1476 2096 alias,
1538 2047 1664 2107 quod
1687 2047 1834 2107 prius

141 2124 336 2169 aeratae
374 2124 602 2169 steterant
639 2121 706 2170 ad
736 2121 879 2170 litora
909 2136 1116 2182 prorae:
1153 2121 1304 2170 litora
1343 2121 1620 2185 appellavit
1656 2136 1833 2185 prorae

258 2296 287 2336 4
318 2306 420 2336 eum
450 2297 598 2337 tenere
627 2291 669 2335 R
700 2297 932 2336 contenere
953 2291 996 2336 V
1026 2293 1170 2337 teneri
1200 2291 1271 2337 ed.
1385 2295 1440 2335 10
1471 2293 1643 2337 datura
1674 2295 1833 2348 (supra

140 2351 283 2406 recte)
315 2350 412 2395 VR.
537 2355 588 2394 11
621 2351 786 2406 futura
815 2350 899 2394 VR
939 2351 1010 2395 ed.
1049 2351 1233 2406 futuri?
1283 2351 1287 2410 Ι
1347 2352 1474 2396 bellis
1497 2351 1582 2395 VR
1614 2365 1726 2395 corr.
1760 2350 1832 2395 ed.

143 2414 196 2453 13
229 2411 348 2454 inter
369 2411 470 2455 istis
488 2409 574 2453 VR
603 2411 841 2455 interstitii
863 2409 904 2453 U
930 2412 1071 2455 -tium
1094 2424 1177 2454 nos
1200 2412 1253 2455 in
1275 2412 1409 2456 terris
1431 2411 1504 2456 ed.
1598 2416 1653 2454 14
1676 2424 1761 2454 sua
1777 2409 1832 2454 V.

144 2473 197 2512 17
230 2470 385 2526 cycebe
415 2469 457 2512 R
487 2470 626 2527 cyabe
647 2469 689 2513 V
722 2470 901 2527 Cybelle
931 2470 1003 2515 ed.
1036 2470 1198 2528 Cybele
1228 2470 1299 2514 ed.
1331 2472 1452 2526 post.
1562 2475 1616 2513 21
1650 2482 1834 2513 comme-

141 2530 330 2573 moratis
352 2528 438 2573 VR
469 2542 582 2572 corr.
616 2529 687 2572 ed.
780 2534 836 2572 24
865 2530 1113 2585 fluctusque
1142 2529 1350 2584 ferebant
1380 2532 1538 2586 (supra
1569 2530 1710 2584 10010)
1735 2527 1832 2572 VR.

144 2591 200 2631 25
242 2588 362 2643 quod
395 2587 480 2632 VR
522 2593 629 2644 quot
670 2587 763 2632 ed.:
818 2601 876 2632 ex
923 2588 1311 2645 interpretatione
1358 2590 1557 2644 apparet
1598 2588 1835 2631 Donatum

144 2647 263 2702 quod
303 2647 354 2690 111
396 2646 652 2703 exemplari
694 2661 776 2691 3110
818 2647 1058 2692 inventum
1098 2650 1198 2704 (pro
1231 2653 1337 2705 quot
1368 2648 1425 2692 cf.
1458 2647 1529 2692 ed.
1561 2645 1718 2699 Ribb.)
1749 2660 1834 2702 pro

146 2705 470 2750 coniunctione
500 2706 720 2750 habuisse
752 2719 898 2762 eoque
927 2720 1079 2752 errore
1103 2707 1292 2751 ductum
1319 2708 1476 2750 tantas
1500 2705 1703 2761 ineptias
1729 2719 1836 2749 con-

145 2763 302 2819 flasse,
345 2765 480 2821 quasi
519 2765 754 2822 nymphae
794 2765 855 2808 ad
893 2765 1034 2810 litora
1071 2779 1238 2822 prorae
1278 2767 1464 2810 aeratae
1503 2765 1632 2808 navis
1664 2764 1836 2809 consti-

145 2823 324 2868 tissent.
447 2829 501 2868 26
541 2830 700 2870 aerata
735 2829 760 2869 ἒ
794 2830 836 2870 et
874 2830 1005 2870 erant
1034 2825 1076 2869 R
1113 2831 1273 2870 aerata
1311 2830 1376 2870 est
1412 2830 1543 2869 erant
1572 2823 1614 2867 V
1652 2829 1836 2869 aeratae

146 2887 360 2927 steterant
397 2883 468 2927 ed.
520 2884 524 2939 Ι
574 2885 825 2941 appellavit
851 2898 967 2940 prae
990 2884 1073 2928 VR
1104 2900 1147 2929 a.
1172 2899 1259 2941 per
1290 2885 1360 2928 ed.
1387 2898 1473 2940 per
1503 2883 1592 2927 del.
1619 2883 1690 2927 ed.
1714 2885 1834 2940 post.

148 2954 254 2997 app.
280 2956 449 2998 prorae
478 2956 575 2987 nos.
673 2954 675 2957 ·

237 3030 334 3064 Don.
350 3031 507 3071 interpr.
520 3032 632 3072 Verg.
656 3032 730 3066 vol.
746 3032 797 3066 11.
1514 3036 1565 3075 21
