2078 3260
772 202 1076 253 AENEIDOS
1106 202 1193 247 XII
1720 207 1830 260 619

137 359 287 407 quam
325 343 422 392 cito
462 344 552 391 aut
590 344 720 392 unde
757 343 990 392 inventae
1030 344 1148 391 sunt
1186 343 1347 392 scalae
1383 359 1512 406 quae
1550 345 1704 393 muris
1745 344 1830 392 ad-

134 417 468 467 moverentur!
510 419 599 466 aut
636 434 788 480 quam
824 418 1026 481 repente
1062 417 1196 482 ignis
1228 417 1482 481 apparuit!
1531 418 1652 466 haec
1692 421 1830 467 extra

134 507 302 540 muros
326 490 639 555 gerebantur,
662 491 842 554 incipit
871 491 1295 555 perturbationem
1321 491 1540 541 civitatis
1566 508 1830 556 exponere:

134 566 416 614 discurrunt
438 566 528 614 alii
558 566 625 613 ad
647 569 841 626 portaS,
880 583 942 614 ne
974 569 1171 615 evectae
1202 566 1363 615 facilis
1393 565 1646 630 ingressus
1677 567 1832 615 hosti-

83 652 104 684 ⁶
134 639 225 689 bus
265 639 453 688 darent.
510 641 792 701 primosque
830 641 1095 697 trucidant,
1142 641 1236 689 hoc
1281 642 1358 689 est
1400 640 1515 689 illos
1555 640 1645 703 qui
1681 640 1832 704 primi

132 713 550 778 ingrediebantur.
611 715 800 774 ferrum
839 715 928 762 alii
965 718 1184 774 torquent
1228 718 1271 762 et
1311 715 1600 763 obumbrant
1637 715 1832 763 aethera

133 788 262 836 telis:
292 786 565 836 diviserant
588 788 753 837 officia
777 788 1115 850 subveniendi,
1146 804 1360 852 namque
1391 789 1506 837 aliis
1538 789 1830 838 curantibus

132 863 303 924 portas
343 862 430 910 alii
468 862 679 911 missilia
713 863 815 911 tela
845 862 1149 925 torquebant
1178 865 1323 912 tanta
1361 863 1525 926 copia,
1563 865 1622 911 ut
1659 863 1830 912 obum-

131 935 334 984 bratum
357 937 550 984 caelum
579 936 740 985 videri
770 953 870 985 non
892 939 1074 1000 posset.
1127 938 1231 997 ipse
1258 938 1383 984 inter
1399 938 1588 998 primos
1610 937 1832 986 dextram

60 1024 102 1056 10
132 1011 355 1058 tendebat
396 1011 629 1059 inermem
666 1010 862 1060 Aeneas
906 1025 1180 1072 maynaque
1216 1012 1411 1059 inausat
1443 1026 1554 1060 voce
1590 1011 1832 1060 Latinum
1848 1021 1934 1061 580

133 1087 426 1145 testaturque
462 1085 575 1133 deos
618 1086 794 1133 iterum
831 1099 882 1133 se
921 1086 988 1133 ad
1017 1085 1210 1145 proelia
1248 1086 1371 1146 eoyi,
1423 1086 1496 1133 bis
1533 1087 1636 1134 iam
1674 1085 1832 1134 Italos

131 1159 300 1215 hostie,
339 1159 458 1214 haee
495 1159 651 1207 altera
680 1160 879 1219 foedera
915 1160 1103 1221 rumpi:
1141 1175 1252 1207 cum
1290 1159 1393 1207 tela
1427 1161 1533 1207 tam
1569 1160 1831 1208 innumera

133 1249 157 1279 e
190 1233 346 1281 muris
367 1232 660 1295 iacerentur,
692 1249 805 1282 cum
832 1233 932 1283 fusi
955 1236 1070 1282 ante
1094 1235 1265 1296 portas
1290 1233 1450 1296 aliqui
1473 1233 1831 1296 occubuissent,

132 1306 326 1356 Aeneas
367 1307 529 1355 adhuc
567 1322 617 1356 se
661 1307 940 1356 benivolum
980 1307 1159 1356 Latino
1210 1307 1544 1370 monswabat‚
1593 1308 1831 1356 tendebat

59 1397 100 1429 ιε
131 1382 370 1430 inermem
409 1381 685 1441 dexteram,
739 1381 873 1445 quod
924 1382 1021 1430 fuit
1076 1383 1276 1446 signum
1323 1381 1539 1430 nolentis
1588 1398 1830 1447 pugnare,

131 1455 431 1517 loquebatur
484 1456 638 1504 etiam
689 1472 875 1520 magna
919 1472 1038 1505 voce
1088 1455 1259 1504 Latini
1307 1455 1668 1505 incusationem
1716 1473 1828 1520 pro-

131 1545 354 1592 sequens.
408 1531 637 1594 generale
669 1531 763 1579 hoc
794 1532 889 1593 est3
927 1547 1028 1579 non
1066 1530 1198 1578 enim
1233 1530 1515 1592 specialiter
1544 1530 1672 1580 dixit
1702 1547 1829 1594 quae

131 1605 409 1652 contineret
437 1603 698 1666 prolixitas
737 1606 872 1654 vocis
913 1607 964 1653 et
1001 1605 1274 1654 clamorum
1310 1604 1628 1669 magnitudo:
1668 1606 1828 1668 suspi-

131 1679 235 1726 cari
264 1680 434 1726 tamen
465 1679 639 1741 aliqua
668 1694 932 1742 possumus
964 1695 1054 1742 pro
1086 1694 1296 1742 persona
1326 1678 1590 1741 loquentis.
1631 1679 1675 1727 si
1697 1679 1830 1727 enim

56 1768 100 1801 20
130 1751 340 1802 Latinus
381 1756 613 1801 constans
643 1753 824 1802 fuisset
859 1754 912 1801 in
945 1753 1232 1801 ordinandis
1264 1753 1397 1801 filiae
1429 1752 1639 1816 nuptiis,
1679 1755 1723 1802 si
1751 1755 1830 1802 tot

131 1826 351 1875 adversis
391 1829 520 1875 esset
557 1827 868 1889 emendatus,
908 1843 1007 1875 non
1044 1827 1300 1876 veniretur
1338 1827 1402 1875 ad
1430 1827 1568 1876 talia.
1629 1844 1829 1892 magna,

131 1901 318 1963 inquit,
365 1917 505 1962 voce,
554 1900 700 1950 aliter
739 1904 922 1965 quippe
960 1902 1098 1965 loqui
1144 1917 1244 1949 non
1284 1901 1453 1949 debuit
1498 1901 1585 1965 qui
1623 1904 1828 1966 cogente

131 1976 207 2022 ira
254 1978 304 2023 et
350 1976 598 2038 strepente
643 1976 1049 2038 perturbatorum
1098 1975 1322 2024 tumultu
1372 1975 1606 2039 cupiebat
1651 1975 1828 2024 audiri.

129 2049 411 2097 testabatur
449 2051 618 2098 autem
656 2049 794 2111 deos,
836 2050 922 2113 qui
961 2050 1054 2099 soli
1096 2050 1428 2098 humanarum
1467 2049 1827 2114 cogitationum

57 2137 99 2170 25
131 2122 274 2187 gnari
314 2125 455 2184 sunt,
499 2123 717 2173 invitum
756 2139 859 2173 sese
904 2125 1037 2171 inter
1072 2123 1220 2172 initia
1267 2124 1321 2171 in
1368 2126 1617 2173 certamen
1656 2124 1827 2185 exisse,

130 2198 344 2245 invitum
366 2198 548 2246 iterum
577 2198 700 2262 cogi.
740 2199 874 2247 iusta
897 2198 1019 2246 haec
1043 2198 1326 2262 obiurgatio
1350 2199 1469 2260 fuit3
1501 2199 1663 2261 primo
1696 2198 1829 2246 enim

128 2270 227 2334 ipsi
266 2274 532 2334 coeperant
567 2272 778 2336 bellum,
817 2272 917 2334 ipsi
955 2273 1107 2320 etiam
1144 2287 1341 2321 rursum
1378 2272 1615 2321 facientes
1654 2274 1828 2322 contra

130 2346 372 2394 humanas
414 2348 465 2394 et
495 2345 690 2396 divinas
728 2347 885 2410 leges,
931 2349 1214 2409 rumpentes
1253 2347 1435 2394 iterum
1473 2346 1687 2395 foedera.
1750 2361 1827 2395 ex·

130 2421 286 2467 oritur
323 2420 534 2480 trepidos
570 2421 697 2468 inter
731 2420 977 2469 discordia
1016 2421 1158 2469 civis:
1205 2420 1505 2469 discordiam
1538 2421 1676 2468 dixit
1723 2419 1826 2468 ani·

56 2507 99 2539 30
130 2509 323 2542 morum
362 2493 618 2543 dissimilis
658 2497 823 2543 motus
862 2496 914 2543 et
950 2510 1046 2543 non
1087 2494 1184 2543 sibi
1222 2495 1588 2543 consentientis.
1649 2494 1828 2556 incipit

252 2612 275 2649 1
323 2612 449 2650 vente
487 2605 529 2649 V
574 2607 785 2650 inventae
838 2606 909 2650 ed.
1055 2610 1080 2650 3
1128 2621 1348 2663 exponere
1389 2606 1431 2649 V
1477 2606 1707 2650 ostendere
1753 2605 1825 2649 ed.

131 2670 159 2708 4
206 2670 378 2709 evectae
420 2664 461 2708 V
508 2669 692 2720 apertae
738 2665 809 2708 ed.
857 2666 1102 2720 effractae?
1240 2670 1264 2708 9
1311 2666 1463 2710 videre
1502 2663 1543 2707 V
1590 2678 1704 2708 corr.
1753 2665 1824 2708 ed.

134 2727 188 2767 10
235 2725 444 2768 tendebat
489 2724 702 2768 inermem
749 2723 822 2780 (cf.
865 2725 965 2780 311)
1009 2724 1051 2767 V
1094 2724 1395 2768 confirmatur
1439 2723 1826 2779 interpretatione

131 2784 214 2827 sub
244 2785 424 2828 moenia
455 2783 600 2827 tendit
633 2783 705 2827 ed.
739 2785 787 2827 et
818 2782 955 2840 Verg.
988 2783 1110 2827 libri.
1236 2789 1286 2827 11
1324 2785 1411 2827 iter
1440 2797 1486 2827 se
1512 2782 1554 2826 V
1583 2784 1826 2828 insevitum

132 2841 265 2885 edFI
295 2856 340 2887 se
370 2843 565 2886 invitum
593 2841 664 2885 ed.
689 2843 808 2898 post.
917 2847 971 2886 12
1002 2847 1098 2887 tam
1129 2857 1219 2886 om.
1247 2843 1318 2887 ed.
1369 2843 1373 2897 1
1421 2843 1657 2886 innumere
1680 2841 1722 2884 V
1751 2843 1826 2886 in-

131 2915 321 2945 numera
352 2901 423 2945 ed.
456 2903 487 2945 i.
513 2915 535 2945 e
558 2915 655 2945 nos.
756 2905 811 2944 13
843 2902 1041 2946 iacerent
1072 2902 1142 2946 ed.
1247 2906 1300 2945 16
1332 2903 1467 2945 etiam
1490 2900 1532 2944 V
1564 2902 1684 2945 enim
1715 2901 1787 2946 ed.
1816 2903 1820 2957 1

61 2987 63 2989 >
132 2961 416 3005 incusatione
439 2960 482 3003 V
506 2973 618 3004 corr.
645 2960 716 3003 ed.
828 2964 882 3003 19
907 2974 1151 3017 possumus
1174 2960 1215 3003 V
1246 2961 1450 3005 dirimas
1481 2960 1551 3004 ed.
1668 2964 1720 3003 21
1755 2974 1826 3005 ve-

132 3023 313 3063 neretwr
334 3019 377 3062 V
407 3020 579 3064 veniret
609 3019 680 3063 ed.
804 3024 859 3063 27
891 3034 1052 3065 rursus
1083 3020 1155 3064 ed.
