2050 3226
734 209 1041 254 AENEIDOS
1064 209 1174 254 VHI
1699 213 1804 266 143

111 351 374 414 epularum
411 365 566 414 genus
605 352 822 399 excusat.
875 349 1065 398 sciebat
1103 348 1236 397 enim
1267 349 1447 411 quibus
1481 351 1806 412 apparatibus

110 427 282 474 tantus
330 425 508 487 hospes
560 424 721 488 excipi
766 424 1037 485 debuisset,
1087 424 1132 472 si
1175 439 1276 472 non
1315 423 1579 472 obsisteret
1616 424 1696 472 lex
1732 425 1806 472 in-

110 499 290 548 stituta.
320 514 589 548 sacrorum.
629 501 679 547 et
717 514 859 547 sacra
888 499 1002 559 ista,
1032 498 1217 561 inquit,
1248 499 1299 546 et
1329 498 1590 560 epularum
1620 513 1809 546 morem

111 575 162 621 et
200 589 340 622 aram
379 589 530 636 quam
569 574 727 621 cernis
766 589 868 621 non
906 573 1069 621 inanis
1108 573 1191 621 vel
1227 571 1438 621 rationis
1479 588 1651 634 expers
1698 588 1807 635 per-

24 652 81 694 λδ
110 647 326 711 indeque
376 647 655 711 superfluus
704 648 832 695 ritus
883 650 975 694 aut
1024 663 1161 695 error
1197 645 1423 709 inposuit
1470 650 1674 710 patrum
1718 661 1809 694 nec

110 721 251 770 falsis
306 722 395 770 aut
448 721 612 770 dubiis
666 721 1033 770 adsertionibus
1088 719 1317 769 ducimur
1361 723 1419 769 ut
1465 721 1685 769 colamus
1734 722 1808 768 in-

111 796 314 859 cognita
359 797 449 844 aut
491 795 658 844 minus
703 795 917 858 probata
961 811 1332 858 persequamur.
1409 794 1626 844 vidimus
1664 794 1808 843 bene-

109 869 224 918 ficia
283 869 433 918 huius
488 870 568 918 dei
622 871 672 918 et
723 886 813 932 per
864 870 1031 932 ipsum
1083 885 1184 918 non
1237 869 1453 931 levibus,
1507 870 1594 918 sed
1648 870 1809 918 saevis

14 941 22 947 ’
109 943 342 1007 periculis
382 959 555 993 sumus
595 943 810 992 liberati.
874 943 1080 1006 proinde
1117 943 1240 992 haec
1277 960 1368 1006 pro
1408 946 1579 992 nostra
1617 959 1809 992 conser-

9 1015 27 1070 ,Ὗ
36 1031 81 1066 ιο
109 1017 312 1067 vatione
362 1017 674 1067 condidimus
722 1020 966 1081 tantaque
1014 1018 1132 1066 huic
1180 1017 1374 1066 numini
1422 1035 1513 1080 pro
1552 1019 1810 1080 praestitis

15 1100 22 1146 J
110 1091 319 1141 debetur
356 1094 637 1154 veneratio,
682 1094 743 1140 ut
790 1092 1055 1155 quotannis
1102 1094 1351 1141 noventur
1394 1091 1495 1140 ista
1533 1092 1810 1152 sollemnia,

13 1163 19 1165 ’
109 1183 171 1214 ne
224 1167 343 1215 ullis
399 1167 657 1216 obscurari
708 1166 1016 1230 temporibus
1069 1165 1278 1228 possint.
1354 1166 1535 1229 incipit
1582 1166 1686 1215 iam
1734 1183 1808 1214 re-

17 1239 22 1245 '
110 1241 352 1302 spondere
404 1241 676 1304 propositis
730 1242 831 1290 suis
883 1243 934 1289 et
987 1240 1208 1303 apertius
1261 1240 1445 1288 referre
1500 1241 1618 1303 quid
1683 1243 1811 1290 esset

110 1314 286 1376 saevis,
324 1315 503 1378 hospes
536 1316 765 1376 Troiane,
796 1315 996 1378 periclis
1029 1315 1215 1363 servati
1245 1314 1473 1376 facimus,
1503 1314 1809 1378 perindeque

35 1404 79 1438 15
110 1391 380 1452 cognoscat
428 1406 529 1438 non
577 1389 795 1438 inaniter
845 1389 1035 1438 dictum
1083 1390 1304 1438 meritos
1380 1389 1683 1452 meritosque
1723 1405 1809 1438 no-

108 1478 283 1512 vamus
321 1463 554 1512 honores:
592 1479 776 1513 novare
817 1465 914 1526 est,
951 1465 1012 1510 ut
1050 1478 1202 1526 supra
1240 1463 1478 1524 diximus,
1523 1463 1809 1526 replicando

108 1540 279 1586 vetera
318 1539 572 1600 quandam
610 1538 772 1586 facere
811 1538 1091 1587 novitatem
1128 1540 1180 1586 et
1216 1538 1310 1586 hoc
1354 1538 1503 1586 modo
1551 1538 1809 1586 excludere

108 1612 376 1661 vetustatis
408 1612 666 1673 invidiam,
699 1627 825 1675 quae
855 1612 1017 1660 multa
1047 1628 1136 1675 per
1167 1612 1545 1661 desuetudinem
1576 1612 1810 1660 obscurat

111 1701 169 1734 ac
197 1686 349 1734 tollit.
398 1687 502 1735 iam
524 1687 747 1746 primum
777 1688 914 1735 saxis
944 1701 1236 1747 suspensam
1273 1687 1400 1735 hano
1431 1687 1594 1746 aspice
1623 1700 1809 1746 rupem,
1829 1697 1914 1737 190

0 1819 1 1822 Ἴ
37 1773 83 1808 xo
110 1759 337 1808 disiectae
376 1761 554 1820 procul
598 1764 653 1808 ut
696 1761 844 1809 moles
882 1761 1164 1820 desertaque
1208 1762 1386 1808 montis
1424 1764 1522 1809 stat
1559 1761 1731 1808 domus
1770 1764 1812 1808 et

0 1827 1 1845 ³
110 1834 296 1893 scopuli
333 1835 573 1896 inqentem
611 1838 802 1883 traxere
838 1836 1064 1883 ruinam:
1104 1836 1374 1897 antequam
1404 1835 1596 1883 factum
1626 1835 1812 1883 diceret

113 1908 246 1969 quod
296 1924 417 1957 aevo
468 1911 694 1957 currente
743 1910 1014 1958 transierat
1062 1911 1114 1957 et
1164 1909 1272 1958 sola
1320 1911 1521 1972 poterat
1568 1910 1811 1958 relatione

113 1983 366 2045 cognosci,
415 1982 634 2045 primum
684 1983 848 2046 coepit
897 2000 928 2032 a
969 1985 1118 2045 teste,
1167 1986 1226 2031 ut
1276 2000 1335 2032 ex
1380 1999 1436 2032 eo
1478 1983 1614 2046 quod
1653 1982 1811 2032 oculis

113 2055 403 2104 subiacebat
439 2056 559 2105 fides
599 2057 828 2106 accedere
866 2059 1036 2120 posset
1075 2058 1274 2106 auditis.
1348 2059 1591 2120 primum,
1630 2058 1812 2121 inquit,

11 2142 81 2176 ,35
111 2130 206 2178 hoc
244 2132 320 2179 est
359 2133 629 2193 antequam
671 2132 849 2180 audias
894 2148 1093 2180 cursum
1130 2149 1298 2180 rerum
1335 2134 1606 2196 gestarum,
1635 2148 1812 2194 rupem

12 2204 14 2209 ’
111 2204 240 2252 hanc
303 2205 469 2268 aspice
530 2221 680 2268 quam
730 2206 863 2254 saxis
914 2206 1034 2255 fecit
1082 2208 1266 2255 natura
1318 2206 1637 2268 pendentem:
1699 2205 1812 2255 vide

10 2332 20 2357 a
113 2279 341 2340 scopulos
379 2280 640 2327 ruinarum
679 2280 932 2328 eversione
979 2279 1234 2342 disiectos,
1283 2280 1501 2329 solitudo
1547 2280 1653 2328 illic
1697 2281 1810 2328 hor-

9 2386 16 2420 ,
110 2353 265 2401 renda
311 2355 388 2402 est
430 2353 767 2402 memorabilis
815 2353 938 2402 facti
984 2355 1092 2403 sola
1138 2354 1348 2402 durante
1394 2354 1645 2403 memoria.
1736 2355 1813 2401 hic

10 2426 23 2491 ij·
111 2427 345 2486 spelunea
395 2428 495 2487 fuit
544 2431 681 2476 vasto
734 2431 974 2476 summota
1026 2443 1218 2477 recessu
1277 2429 1607 2477 semihominis
1671 2426 1812 2476 Caci.-

11 2501 83 2546 ἰο
114 2501 279 2563 qualis
319 2500 451 2549 enim
489 2501 707 2551 semiferi
743 2501 1009 2564 praedonis
1047 2502 1295 2551 habitatio
1344 2518 1448 2552 esse
1496 2502 1669 2551 debuit
1715 2502 1812 2549 nisi

113 2575 329 2636 occulta,
384 2576 610 2639 grandis,
663 2577 860 2624 munita
911 2577 1135 2625 naturali
1188 2593 1335 2640 opere
1398 2593 1455 2625 ac
1516 2574 1810 2624 tenebrosa?

233 2735 259 2774 5
299 2736 444 2776 terror
473 2731 516 2775 V
552 2731 622 2775 ed
664 2746 790 2777 error
824 2746 921 2776 noe.
1047 2737 1102 2776 14
1139 2733 1298 2789 hospes
1333 2734 1530 2778 Troiane
1570 2746 1658 2775 om.
1693 2731 1763 2775 ed.
1801 2732 1805 2789 Ι

9 2797 19 2854 3
114 2791 224 2833 ante
272 2791 550 2847 perindeque
595 2797 835 2848 coynoscat
870 2791 912 2834 V
952 2791 1023 2835 ed.
1078 2793 1235 2836 nescio
1284 2805 1342 2835 an
1390 2792 1557 2835 lacuna
1602 2791 1812 2834 notanda

15 2856 17 2859 ·
112 2847 275 2892 fuerit:
331 2851 421 2903 „ut
467 2850 719 2894 edoceatur
763 2851 983 2894 Aeneas“
1036 2851 1112 2895 vel
1157 2851 1308 2895 simile
1355 2850 1534 2906 aliquid
1582 2850 1808 2894 desidero.

116 2911 171 2950 15
217 2909 399 2953 meritos
444 2922 533 2953 om.
578 2910 650 2954 ed.
784 2913 838 2952 19
885 2911 980 2954 iam
1019 2910 1202 2966 pridem
1240 2910 1295 2964 V,
1344 2910 1426 2954 sed
1472 2911 1566 2953 iam
1605 2910 1810 2965 primum

12 3007 45 3034 ·.
116 2965 389 3069 {gplicagun
512 2973 568 3012 24
600 2970 749 3025 possit
786 2968 857 3013 ed·
981 2973 1037 3013 26
1075 2970 1192 3023 facit
1230 2969 1302 3013 ed.
1353 2970 1358 3026 Ι
1408 2969 1506 3013 vidi
1535 2970 1746 3025 scapulos
1768 2968 1811 3012 V

16 3055 18 3060 >
173 3039 231 3069 rr.
266 3039 291 3070 e
328 3060 338 3070 .
