2050 3226
22 1018 67 1050 10

735 192 1041 238 AENEIDOS
1072 192 1159 238 XII
1688 196 1797 250 579

96 334 192 383 hoc
230 335 306 383 est
342 333 406 382 ab
442 331 677 381 inferiore
710 332 898 382 arboris
929 334 1072 395 parte
1111 334 1163 381 et
1196 348 1227 380 a
1256 331 1412 395 stirpe
1444 333 1564 381 eius
1616 334 1796 383 talibus

97 409 224 456 inter
245 422 297 457 se
317 407 586 468 firmabant
606 407 806 466 foedera
828 407 969 455 dictis
986 410 1244 467 prospectu
1272 407 1327 456 in
1349 407 1505 455 medio
1524 421 1795 468 procerum,

97 486 199 530 twm
236 483 328 530 rite
362 483 588 530 sacratas
629 482 684 528 in
719 482 973 539 flammam
1016 481 1243 542 iuyulant
1272 481 1483 540 pecudes
1529 485 1572 530 et
1607 483 1796 531 viscera

96 557 223 604 vivis
253 556 468 616 eripiunt
496 555 836 614 cumulantque
866 556 1080 604 oneratis
1111 555 1334 604 lancibus
1365 569 1508 604 aras:
1543 571 1656 604 cum
1689 573 1795 605 ver·
1812 570 1899 611 215

96 630 275 679 borum
311 645 463 692 supra
501 629 634 678 dicta
673 629 835 678 forma
873 630 1214 691 concessisset,
1251 629 1403 678 fiebat
1441 633 1797 694 consequenter

96 704 232 767 quod
260 703 544 767 pertinebat
574 704 639 752 ad
668 703 1019 753 sacrificiorum
1048 704 1227 752 ritum:
1257 705 1311 752 in
1339 703 1592 753 flammam
1622 705 1795 753 funde-

95 778 247 827 batur
283 778 488 842 sanguis
521 778 809 826 animalium
848 781 919 839 et,
960 780 1227 841 antequam
1263 781 1596 839 morerentur,
1634 781 1795 828 extra—

96 852 342 901 hebantur
376 868 550 912 ,eorum
588 851 779 901 viscera
816 855 868 901 et
905 853 1004 901 aris
1041 851 1423 915 inponebantur.

215 925 284 975 At
319 941 431 975 vero
470 927 670 974 Rutulis
715 927 865 986 inpar
910 941 968 975 ea
1006 941 1180 987 puyna
1224 927 1381 974 videri
1426 926 1716 974 iamdudum
1754 931 1798 975 et

94 1002 234 1050 vario
264 1002 458 1049 misceri
485 1004 680 1060 pectora
708 1004 863 1048 motu:
901 1003 1162 1063 supererat
1191 1003 1252 1049 ut
1280 1000 1470 1049 iuraret
1499 1002 1550 1048 et
1580 1001 1796 1063 TurnuS,

96 1075 181 1124 sed
218 1075 420 1124 Rutulis
459 1074 682 1124 condicio
721 1074 834 1136 ipsa
877 1074 980 1123 iam
1026 1078 1259 1137 coeperat
1298 1075 1571 1138 displicere.
1632 1076 1795 1124 multo

95 1152 211 1198 ante
242 1151 373 1198 enim
403 1148 639 1198 videbant
667 1149 815 1211 inpar
844 1149 1072 1197 futurum
1102 1164 1206 1198 esse
1239 1151 1488 1198 certamen
1520 1151 1571 1197 et
1601 1149 1652 1197 in
1683 1165 1796 1198 eum

95 1224 294 1272 fuerant
324 1223 551 1286 perducti
573 1225 868 1284 tractatum,
898 1225 956 1272 ut
986 1224 1264 1272 animorum
1295 1223 1504 1272 diversis
1536 1224 1794 1272 sententiis

92 1301 425 1347 moverentur.
482 1297 571 1360 qui
608 1313 712 1346 esse
743 1300 946 1359 possent
974 1297 1119 1345 mixti
1149 1300 1404 1360 pectorum
1442 1300 1607 1346 motus
1647 1300 1796 1347 aesti-

93 1372 306 1421 mationi
342 1373 596 1436 legentum
627 1374 777 1433 poeta
814 1372 1075 1430 commisit,
1105 1374 1164 1420 ut
1193 1372 1307 1435 plus
1339 1373 1611 1421 sentiamus
1644 1389 1795 1435 quam

93 1446 261 1509 potuit
283 1446 499 1494 dictione
524 1446 764 1494 concludi.
818 1449 919 1494 tum
942 1447 1114 1507 magis,
1146 1450 1201 1493 ut
1220 1447 1432 1506 propius
1464 1449 1667 1494 cernunt
1696 1461 1793 1494 non

65 1542 67 1545 ·
92 1522 280 1569 viribus
303 1522 495 1581 aequis:
526 1520 662 1583 quod
692 1519 1058 1583 suspicionibus
1082 1520 1260 1567 Rutuli
1290 1520 1595 1584 colligebant
1625 1535 1792 1583 coepe-

0 2494 61 2538 130

92 1597 209 1644 rant
246 1594 306 1643 de
345 1596 570 1658 proximo
609 1595 765 1643 oculis
806 1593 1097 1656 adprobare.
1147 1595 1352 1642 adiuvat
1390 1595 1613 1655 inyressu
1650 1596 1792 1642 tacito

85 1683 376 1730 proyressus
429 1672 473 1717 et
525 1683 668 1717 aram
726 1669 1008 1729 suppliciter
1065 1682 1305 1716 venerans
1354 1668 1560 1716 demisso
1611 1669 1793 1717 homine
1809 1684 1896 1725 220

100 1744 321 1792 Turnus:
371 1743 682 1806 apparebant
718 1743 771 1790 in
809 1743 977 1790 Turno
1023 1743 1167 1807 signa
1213 1742 1379 1791 omnia
1428 1758 1554 1804 quae
1600 1743 1791 1805 inparis

93 1817 423 1866 diffidentiam
473 1817 855 1880 conprobarent‚
901 1818 1063 1880 primo
1113 1818 1365 1880 ingressus
1409 1816 1539 1878 eius,
1584 1817 1677 1866 hoc
1716 1821 1793 1866 est

93 1891 367 1940 ambulatio
399 1891 578 1952 tacita,
617 1894 668 1939 et
697 1907 1012 1955 progressus,
1042 1891 1095 1938 id
1127 1894 1202 1940 est
1233 1890 1295 1939 ad
1327 1890 1561 1939 ulteriora
1592 1892 1792 1954 segnior

92 1981 332 2015 accessus.
386 1982 495 2014 ecce
518 1965 596 2014 his
620 1966 776 2029 signis
803 1965 1131 2030 colligebatur
1161 1964 1318 2013 animi
1341 1966 1447 2013 eius
1470 1966 1790 2029 corporisque

92 2039 312 2089 defectio.
393 2041 556 2089 lassus
596 2039 783 2103 quippe
828 2041 1008 2088 tacitos
1055 2039 1233 2087 habuit
1278 2054 1499 2103 gressus,
1545 2038 1664 2087 dum
1709 2041 1791 2088 vix

91 2114 268 2176 pedem
297 2115 532 2164 movebat
562 2117 612 2162 et
644 2115 726 2163 vix
755 2114 1028 2175 reponebat
1056 2114 1291 2174 alterum,
1322 2117 1381 2162 ut
1410 2114 1792 2177 progrederetur

90 2189 316 2237 ulterius.
370 2189 469 2237 fuit
499 2189 712 2237 alterum
743 2187 1050 2236 diffidentiae
1086 2187 1283 2251 signum
1318 2188 1454 2250 quod
1485 2203 1624 2236 aram
1647 2204 1789 2237 vene·
1875 2181 1879 2185 ’

90 2262 299 2311 rabatur
322 2263 479 2311 oculis
505 2262 707 2311 deiectis
731 2262 796 2310 ad
811 2264 1010 2310 terram.
1050 2263 1351 2322 tabentesque
1363 2276 1516 2323 yenae
1532 2266 1573 2310 et
1589 2263 1791 2310 iuvenili

90 2337 144 2384 in
176 2350 371 2397 corpore
395 2337 583 2396 pallor:
620 2337 827 2385 tertium
858 2337 1055 2400 signum
1092 2335 1369 2385 tabentium
1399 2353 1639 2400 genarum
1670 2336 1790 2397 fuit3

91 2427 208 2459 nam
245 2411 506 2473 repentina
543 2410 699 2459 macie
738 2411 902 2458 fuerat
931 2409 1258 2472 deformatus3
1298 2414 1532 2472 quartum
1568 2409 1790 2472 palloris,

93 2485 183 2547 qui
219 2484 272 2532 in
310 2487 487 2533 iuvene
528 2499 632 2533 esse
663 2500 762 2532 non
794 2483 990 2546 debuit,
1030 2485 1074 2532 si
1105 2485 1296 2534 deesset
1334 2488 1385 2532 et
1421 2487 1596 2532 metus.
1651 2497 1789 2542 quem

214 2602 236 2639 1
276 2597 460 2653 stirpeei
489 2595 531 2638 V
568 2597 709 2651 stirpe
745 2596 843 2640 eius
880 2609 963 2640 nos
998 2597 1139 2652 stirpe
1170 2596 1242 2640 ed.
1366 2601 1391 2639 2
1424 2600 1711 2651 prospectum
1746 2594 1788 2636 V

0 2658 1 2671 ³
89 2661 170 2700 -tu
199 2657 252 2700 iu
282 2670 366 2699 nos
397 2660 634 2710 con-spectu
663 2656 715 2699 in
745 2655 816 2698 ed.
926 2660 955 2699 4
985 2657 1220 2701 verborum
1250 2669 1387 2711 super
1417 2656 1542 2699 dicta
1571 2654 1723 2708 forma
1746 2653 1788 2697 V

0 2751 1 2754 ,
90 2729 131 2758 v.
163 2729 308 2770 supra
341 2716 384 2759 d.
417 2715 450 2769 f.
484 2727 567 2758 nos
606 2716 780 2758 temere
819 2716 933 2758 mut.
970 2715 1043 2758 ed.
1178 2719 1201 2758 7
1235 2722 1275 2759 et
1306 2720 1484 2770 tequam
1508 2713 1550 2757 V
1575 2727 1689 2757 corr.
1714 2712 1786 2757 ed.

0 2770 1 2791 ³
94 2778 149 2817 10
179 2775 333 2819 miseri
354 2773 409 2818 V.
504 2778 558 2816 12
591 2774 643 2817 iu
670 2787 770 2818 eum
792 2773 827 2827 f.
844 2788 894 2830 p.
919 2779 1165 2819 tractatum
1187 2779 1241 2818 ut
1263 2775 1521 2817 animorum
1544 2772 1586 2815 V
1618 2777 1788 2816 tracta-

0 2831 1 2892 }
91 2838 166 2877 tus
197 2835 352 2877 cetera
382 2834 495 2877 item
528 2832 599 2876 ed.
631 2833 684 2876 in
713 2846 813 2876 eum
842 2835 978 2888 finem
1000 2834 1034 2887 f.
1054 2847 1102 2889 Ρ.
1129 2838 1352 2877 tractatus
1382 2833 1612 2878 utam‘mi
1635 2844 1788 2875 eorum

92 2892 164 2935 ed.
195 2894 315 2947 post.
350 2892 434 2947 (sic
465 2893 656 2948 propter
685 2895 940 2948 tractatus).
1065 2897 1119 2936 14
1151 2898 1295 2936 motus
1322 2890 1364 2934 V
1395 2896 1540 2935 metus
1571 2896 1611 2935 et
1643 2890 1714 2934 ed.
1747 2895 1789 2934 et

0 2954 1 2970 ³
46 2939 49 2941 Δ
92 2950 182 2994 del.
216 2951 286 2994 ed.
318 2953 439 3006 post.
556 2955 610 2994 15
643 2951 884 3007 leyentium
916 2951 987 2995 ed.
1096 2956 1151 2995 26
1184 2951 1484 3006 diffidentiae
1507 2949 1548 2993 V
1574 2963 1688 2994 corr.
1715 2949 1785 2993 ed.

94 3013 149 3053 30
183 3010 348 3055 deesset
379 3016 420 3055 et
442 3009 485 3054 V
509 3009 579 3053 ed.
613 3015 654 3054 et
685 3010 876 3067 dittogr.
909 3011 1038 3066 puto.

1432 3097 1519 3141 37*
