2050 3226
251 194 361 247 486
722 191 956 236 DONATI
984 192 1265 237 INTERPR.
1290 193 1470 238 VERG.

254 331 317 380 ad
370 331 576 396 fastigia
625 334 773 381 vento
828 333 1067 394 volvitur,
1119 333 1391 395 exuperant
1441 333 1669 382 flammae
1719 334 1768 381 et
1820 332 1946 383 furit

254 407 419 455 aestus
459 406 523 455 ad
562 405 755 455 auras.“
831 406 1150 469 adsumptum
1189 407 1349 455 fertur
1393 423 1453 454 ex
1490 407 1647 456 veteri
1684 409 1945 456 consuetu-

254 480 388 542 dine,
428 481 575 529 sicuti
604 482 735 529 retro
766 480 1104 542 meminimus,
1144 497 1202 528 ex
1231 496 1367 529 more
1397 480 1642 544 iudicum3
1680 498 1798 530 nam
1835 497 1947 530 cum

255 558 392 603 actus
431 569 547 603 suos
587 555 884 616 explessent,
929 554 1020 602 hac
1057 570 1177 603 voce
1207 571 1297 617 per
1333 570 1625 618 praeconem
1664 555 1947 618 utebantur,

252 631 311 677 ut
342 629 559 677 dicerent
587 628 724 676 ilicet
753 628 845 676 hoc
884 630 960 676 est
995 628 1067 676 ire
1097 629 1236 690 licet,
1273 630 1332 677 ut
1367 629 1588 679 universi
1620 631 1709 693 qui
1740 629 1949 678 aderant

256 702 612 751 observationis
646 702 980 750 sollicitudine
1013 703 1334 751 solverentur.
1385 704 1640 752 concilium
1676 704 1780 764 ipse
1805 707 1949 765 pater

152 785 237 824 470
255 781 298 826 et
333 791 515 837 mamea
552 777 743 836 incepta
772 776 990 824 Latinus
1020 777 1195 824 deserit
1233 792 1291 826 ac
1324 777 1451 825 tristi
1480 779 1704 826 turbatus
1742 781 1949 838 tempore

255 852 438 910 differt:
460 850 742 912 inpediente
764 849 958 898 ratione
981 852 1218 913 temporis
1245 867 1343 914 quo
1363 853 1536 900 tantae
1561 851 1715 900 cladis
1739 852 1948 900 nuntius

254 927 458 974 venerat
495 924 660 972 differt
697 923 903 973 Latinus
949 925 1214 973 concilium
1252 925 1456 974 desertis
1503 926 1698 989 magnis
1736 927 1949 988 inceptis

254 1001 346 1047 hoc
386 1000 462 1047 est
511 997 704 1047 actibus
757 999 1048 1060 commodis,
1098 1000 1238 1047 metu
1287 999 1475 1048 scilicet
1521 998 1755 1048 instantis
1795 999 1949 1048 exitii.

254 1075 507 1136 inceptum
545 1072 918 1135 dispositionem
957 1073 1112 1122 animi
1149 1073 1429 1138 significare
1467 1074 1518 1122 et
1546 1075 1600 1122 in
1629 1073 1790 1137 primo
1820 1074 1948 1123 libro

255 1142 376 1214 (37)
417 1163 476 1194 ex
512 1162 725 1209 persona
757 1147 964 1196 Iunonis
997 1147 1324 1210 exposuimus.
1377 1148 1624 1208 multaque
1653 1161 1706 1196 se
1734 1149 1950 1197 incusat:

255 1221 514 1285 subiungit
569 1222 727 1283 ipsius
784 1222 1114 1270 incusationis
1167 1222 1526 1270 multiformem
1582 1237 1806 1271 causam:
1867 1222 1952 1282 qui

254 1310 373 1352 non,
412 1295 601 1357 inquit,
641 1297 874 1355 acceperit
901 1297 1028 1344 ultro
1055 1297 1377 1344 Dardanium
1398 1294 1605 1344 Aenean
1631 1309 1951 1357 yenermnque

257 1370 514 1418 adsciverit
561 1371 698 1417 urbi:
755 1370 845 1432 qui
892 1386 992 1418 non
1039 1370 1174 1418 ultro
1224 1369 1495 1434 susceperit
1538 1369 1590 1418 in
1641 1369 1951 1419 adfinitatem

256 1444 589 1492 necessarium
626 1443 791 1492 virum
830 1444 1237 1508 commodumque
1275 1461 1374 1494 non
1408 1446 1608 1493 tantum
1647 1443 1742 1493 sibi
1778 1460 1952 1493 verum

258 1517 408 1566 etiam
440 1518 649 1566 civitati.
699 1518 832 1567 ultro
863 1518 975 1566 ideo
1008 1518 1146 1580 dixit,
1180 1519 1301 1581 quia
1331 1518 1511 1567 habere
1539 1519 1756 1582 gratiam
1785 1517 1953 1582 potuit

258 1609 316 1640 ex
345 1593 620 1641 voluntatis
650 1593 844 1640 ratione
870 1593 1002 1654 quod
1025 1592 1226 1641 videbat
1256 1593 1483 1641 futurum
1514 1608 1618 1642 esse
1655 1609 1714 1640 ex
1742 1592 1951 1640 necessi-

256 1669 376 1714 tate.
450 1666 630 1729 incipit
674 1666 782 1714 fieri
829 1666 963 1729 quod
1011 1666 1261 1715 mandatis
1311 1667 1577 1729 conplexus
1624 1668 1701 1714 est
1739 1666 1952 1727 Turnus,

257 1743 315 1789 ut
362 1743 538 1804 portae
587 1740 873 1789 necessariis
923 1740 1183 1803 praesidiis
1233 1741 1563 1789 firmarentur.
1634 1740 1955 1801 praefodizmt

259 1816 347 1863 alii
371 1818 543 1875 portas
568 1818 655 1862 aut
675 1829 801 1863 saxa
823 1815 1058 1875 sudesque
1080 1816 1382 1863 subvectant:
1418 1815 1541 1863 haec
1563 1814 1768 1862 fuerunt
1792 1813 1952 1862 muni·

1984 1385 2024 1419 15

1983 1755 2050 1788 20⁴

259 1891 426 1937 menta
455 1891 735 1950 portarum,
774 1890 834 1936 ut
864 1889 995 1938 saxis
1027 1891 1076 1938 et
1107 1889 1308 1938 sudibus
1342 1890 1666 1938 armarentur.
1720 1888 1838 1936 bello
1869 1888 1957 1937 dat
2048 1891 2050 1895 ‘

157 1968 242 2008 475
260 1964 451 2022 sigmum
474 1977 631 2011 rauca
654 1966 904 2011 cruentum
928 1964 1129 2011 bucina:
1167 1979 1277 2011 cum
1306 1963 1436 2011 enim
1459 1964 1553 2011 hoc
1577 1963 1765 2011 factum
1787 1963 1954 2024 fuerit,

258 2036 393 2084 illico
441 2037 716 2085 conseritur
751 2036 949 2085 bellum.
1025 2040 1127 2085 tum
1163 2051 1330 2085 muros
1366 2038 1512 2085 varia
1550 2037 1740 2085 cinxere
1777 2050 1955 2084 corona

259 2113 510 2158 matronae
551 2112 787 2171 puerique
796 2129 811 2158 .·
861 2110 1060 2159 inbellis
1111 2113 1249 2159 aetas
1298 2113 1348 2159 et
1394 2126 1538 2160 sexus
1586 2111 1740 2159 cinxit
1784 2125 1951 2158 muros

262 2200 442 2232 corona
479 2185 635 2233 varia.
710 2187 1006 2233 varietatem
1052 2185 1238 2234 fecerat
1282 2186 1547 2234 mulierum
1590 2200 1953 2247 puerorumque

262 2258 549 2319 diversitas,
593 2259 646 2306 at
682 2259 771 2306 hos
811 2261 993 2308 mixtos
1031 2260 1197 2322 potius
1239 2276 1389 2322 quam
1427 2261 1683 2323 separatos
1723 2258 1952 2306 debemus

260 2332 505 2395 accipere,
543 2333 603 2379 ut
640 2333 783 2394 pueri
815 2349 925 2381 cum
963 2334 1206 2382 matribus
1248 2333 1443 2382 stetisse
1482 2333 1760 2382 videantur.
1817 2335 1954 2380 vocat

263 2408 400 2455 labor
436 2407 636 2453 ultimus
675 2408 854 2454 omnis:
903 2423 1002 2455 non
1043 2423 1139 2470 quo
1188 2407 1378 2469 aliquid
1425 2407 1615 2456 efficere
1658 2406 1953 2469 potuissent,

263 2481 586 2543 oppleverant
614 2495 796 2540 muroS,
821 2481 905 2528 sed
932 2483 1168 2543 queniam
1197 2482 1375 2529 ultimo
1403 2481 1571 2530 labore
1602 2481 1694 2528 hoc
1726 2479 1802 2527 est
1823 2480 1952 2541 peri·
1983 2492 2028 2525 so

264 2555 375 2603 culo
427 2555 528 2602 suis
573 2553 846 2615 parietibus
896 2555 1236 2603 trudebantur.
1320 2569 1407 2603 nec
1451 2569 1550 2603 non
1603 2554 1669 2602 ad
1725 2554 1954 2612 templmn

381 2715 409 2754 4
440 2711 548 2755 haec
577 2709 620 2754 V
657 2710 742 2753 hac
780 2709 851 2754 ed.
975 2714 999 2752 6
1042 2710 1212 2754 lemma
1253 2711 1494 2755 concilium
1515 2734 1570 2741 —
1596 2712 1622 2751 8
1658 2708 1811 2762 differt
1853 2721 1953 2752 cor-

265 2769 391 2825 rupit
434 2770 507 2813 ed.
630 2773 654 2812 9
699 2769 938 2813 consilium
973 2768 1028 2820 V,
1069 2769 1150 2813 sed
1189 2770 1238 2813 in
1276 2769 1496 2812 lemmate
1534 2768 1796 2821 concilium,
1829 2767 1953 2822 quod

264 2828 480 2884 praetuli.
613 2831 667 2871 10
710 2828 951 2872 commodis
984 2827 1026 2870 V
1065 2834 1306 2873 commotus
1348 2828 1419 2872 ed.
1543 2830 1597 2870 13
1628 2827 1709 2870 ubi
1737 2827 1890 2883 iunyit
1911 2825 1953 2869 V

264 2901 388 2931 nunc
425 2889 455 2931 i.
502 2887 572 2930 ed.
619 2888 853 2943 subiwnqit
893 2900 989 2930 nos,
1125 2892 1179 2931 14
1223 2888 1377 2943 inquit
1424 2899 1512 2929 om.
1551 2885 1623 2930 ed.
1749 2890 1802 2928 21
1850 2885 1954 2929 sub-

264 2951 442 2991 vectant
475 2945 515 2988 V
557 2947 790 2990 subiciunt
830 2945 901 2989 ed.
1039 2950 1094 2988 22
1137 2951 1427 2991 armarentur
1463 2944 1506 2988 V
1546 2945 1838 2999 firnmrentur
1880 2942 1950 2986 ed.

269 3010 323 3048 30
355 3006 570 3061 quoniam
594 3004 636 3048 V
667 3019 805 3061 quum
837 3004 907 3048 ed.
1031 3008 1083 3048 31
1118 3005 1408 3049 truderentur
1438 3003 1513 3047 ed.
