2078 3260
265 122 372 176 608
735 119 969 165 DONATI
999 119 1280 164 INTERPR.
1305 119 1485 165 VERG.

265 260 376 322 quis
415 260 546 308 enim
583 276 682 309 non
722 261 1020 309 excitaretur
1056 261 1108 307 in
1147 275 1338 321 vocem,
1387 275 1626 324 augurem
1666 261 1831 324 ipsum
1867 277 1958 310 nec

263 334 422 382 vitare
453 335 677 397 potuisse
715 350 927 398 poenam
964 349 1054 382 nec
1090 333 1380 397 praevidere
1418 334 1698 398 supplicia?
1740 336 1958 397 versique

261 409 476 456 vicissim
497 409 841 468 pulverulenta
869 409 993 468 fuya
1023 407 1198 455 Rutuli
1228 407 1350 456 dant
1378 411 1512 469 terya
1532 423 1626 470 per
1657 423 1824 470 ayros:
1857 425 1958 457 non

262 483 484 546 congesti
515 482 790 543 adfuerant,
822 482 908 531 sed
939 481 1100 544 sparsi
1129 481 1402 546 fugiebant,
1434 497 1562 544 quae
1595 499 1673 531 res
1703 482 1959 531 indicabat

262 571 522 619 oppressos
559 572 743 620 magna
781 557 980 605 virtute.
1057 555 1328 604 tendebant
1374 558 1542 605 autem
1589 556 1651 605 ad
1699 572 1845 621 agros
1883 558 1957 605 in·
2011 568 2030 601 5

262 629 483 679 dicantes
530 646 587 677 ex
630 631 693 678 iis
741 646 791 678 se
841 646 939 678 non
987 644 1091 678 esse
1141 629 1402 679 redituros.
1462 631 1567 690 ipse
1603 645 1690 679 nec
1728 631 1957 679 adversos

157 712 243 752 465
261 705 493 765 diynatur
529 708 740 751 sternere
776 705 920 752 morti
956 718 1043 751 nec
1071 704 1198 764 pede
1236 718 1512 765 conyressos
1550 718 1700 764 aequo
1738 719 1825 754 nec
1862 705 1958 753 tela

187 796 190 799 ·
259 779 459 838 ferentis
496 779 791 838 insequitur:
827 779 935 841 ipse
966 778 1158 826 Aeneas
1197 778 1461 842 indignum
1495 778 1789 828 aestimabat
1825 794 1956 827 mac-

260 856 367 900 tare
407 851 578 901 obvios
619 854 709 900 aut
747 868 904 915 aequo
944 851 1068 915 pede
1119 867 1406 916 congressos
1453 851 1694 914 occidere,
1745 852 1830 902 sed
1867 868 1958 901 nec

257 926 372 975 illos
420 925 776 988 insequebatur
822 928 910 989 qui
958 925 1223 975 veniebant
1263 926 1379 975 telis
1430 927 1626 975 armati.
1695 926 1818 975 dicit
1854 927 1955 975 iam
1990 940 2032 973 ιο

260 1017 360 1062 qua
409 1016 561 1048 causa
610 1000 663 1048 id
701 1000 938 1048 faciebat:
987 1001 1146 1048 solum
1190 1001 1344 1049 densa
1387 1001 1443 1048 in
1489 1001 1693 1062 caliyine
1732 1001 1957 1048 Turnum

257 1075 460 1135 vestiyat
489 1075 726 1131 lustrans,
766 1075 924 1123 solum
959 1075 1015 1122 in
1053 1076 1318 1123 certamina
1350 1075 1520 1135 poscit.
1580 1077 1789 1124 noverat
1826 1075 1957 1123 enim

259 1150 309 1196 et
346 1148 615 1212 prudenter
653 1148 1000 1197 considerabat
1037 1149 1198 1197 solum
1238 1164 1341 1197 esse
1373 1147 1671 1198 vincendum
1702 1149 1792 1212 qui
1823 1149 1955 1198 solus

258 1224 387 1271 esset
436 1238 586 1272 causa
634 1223 914 1287 pugnandi,
969 1223 1264 1272 servandam
1317 1238 1421 1271 esse
1471 1223 1664 1286 plebem
1719 1222 1957 1273 victoriae

258 1313 375 1346 suae
414 1313 502 1346 nec
539 1297 750 1346 ulterius
791 1297 1104 1346 caedendam.
1988 1309 2030 1342 15

375 1371 486 1419 Hoc
532 1386 766 1419 concussa
813 1375 942 1419 metu
993 1375 1198 1419 mentem
1242 1371 1461 1419 Iuturna
1509 1371 1678 1432 virayo
1729 1371 1957 1432 auriyam

155 1452 240 1491 470
259 1446 420 1493 Turni
462 1446 626 1493 media
666 1446 792 1493 inter
838 1446 944 1494 lora
980 1446 1242 1494 Metiscum
1286 1446 1459 1493 excutit
1505 1448 1548 1492 et
1588 1445 1724 1506 lonye
1763 1446 1957 1504 lapsum

258 1523 438 1567 temone
462 1520 666 1580 reliquit,
691 1520 804 1579 ipsa
822 1521 951 1567 subit
964 1521 1285 1579 manibusque
1306 1520 1544 1567 undantis
1558 1520 1703 1577 flectit
1715 1519 1957 1567 habenas:

256 1593 344 1641 ubi
382 1595 537 1642 sensit
573 1593 786 1642 Iuturna
822 1594 916 1641 hoc
955 1608 1101 1657 agere
1137 1593 1360 1654 Aenean,
1401 1595 1461 1641 ut
1499 1593 1652 1641 solius
1685 1592 1843 1640 Turni
1880 1593 1953 1641 in-

256 1669 463 1715 teritum
514 1670 793 1730 quaereret,
845 1668 997 1716 rediit
1046 1667 1110 1716 ad
1160 1668 1313 1715 aliam
1361 1670 1555 1730 partem
1603 1666 1954 1716 mandatorum
1986 1681 2028 1714 80

257 1742 483 1790 Iunonis:
535 1742 772 1804 quoniam
818 1742 1024 1790 fratrem
1069 1743 1123 1789 in
1170 1741 1455 1790 confusione
1495 1740 1704 1789 foederis
1743 1741 1954 1789 liberare

257 1832 355 1863 non
394 1817 583 1878 potuit,
624 1817 788 1878 coepit
823 1817 954 1864 hunc
991 1816 1174 1864 infesto
1213 1816 1345 1864 hosti
1379 1815 1505 1864 velle
1546 1815 1856 1877 subtrahere,
1893 1831 1954 1863 ne

255 1889 487 1938 inventus
540 1890 862 1939 occumberet.
917 1889 987 1938 sic
1037 1889 1168 1938 enim
1212 1890 1303 1937 illa
1352 1889 1544 1937 dixerat
1588 1882 1768 1956 (156):
1818 1904 1955 1951 „non

255 1964 475 2012 lacrimis
513 1965 606 2013 hoc
644 1966 861 2026 tempus,
913 1964 1138 2012 adcelera
1177 1966 1227 2012 et
1263 1964 1494 2024 fratrem,
1532 1964 1576 2011 si
1615 1964 1725 2026 quis
1763 1962 1954 2024 modus,

256 2039 391 2101 eripe
421 2040 572 2086 morti
604 2042 691 2087 aut
728 2040 788 2086 tu
817 2038 950 2086 bella
989 2039 1060 2086 cie
1101 2039 1488 2101 conceptumque
1521 2039 1694 2086 excute
1725 2037 1897 2086 foedus
1909 2035 1952 2085 “.
1984 2050 2026 2084 25

257 2127 397 2176 ergo,
446 2114 505 2159 ut
544 2113 733 2160 dictum
772 2114 868 2174 est,
919 2113 1158 2176 quoniam
1195 2113 1381 2160 frustra
1426 2111 1526 2159 fuit
1570 2111 1772 2159 foedera
1811 2110 1952 2159 dissi-

256 2201 422 2249 passe,
463 2187 626 2248 coepit
664 2187 760 2234 niti
791 2187 1078 2235 subtrahere
1109 2187 1497 2249 periclitantem,
1537 2185 1670 2248 quod
1703 2185 1810 2233 fieri
1848 2185 1951 2234 sine

257 2260 433 2308 fraude
471 2276 571 2307 non
609 2260 796 2322 potuit3
845 2261 1028 2309 idcirco
1074 2261 1287 2309 removit
1333 2262 1559 2324 aurigam
1597 2260 1768 2308 fratris
1812 2262 1861 2307 et
1898 2260 1951 2305 in

256 2335 435 2383 remoti
458 2335 621 2382 locum
643 2335 755 2396 ipsa
779 2336 1026 2383 successit.
1066 2338 1239 2382 cuncta
1255 2348 1426 2395 yerens
1448 2347 1698 2394 vocemque
1722 2337 1764 2381 et
1779 2347 1951 2393 corpus

259 2412 300 2455 et
338 2423 480 2456 arma
510 2409 729 2456 Metisci:
765 2409 911 2457 facile
943 2409 1074 2456 enim
1102 2409 1156 2456 in
1189 2425 1337 2471 quam
1368 2408 1518 2457 vellet
1550 2408 1761 2459 formam
1789 2408 1951 2455 trans·-
1983 2421 2025 2452 30

377 2585 401 2622 2
434 2581 659 2635 potuisset
692 2578 732 2622 V
765 2592 878 2622 corr.
912 2579 983 2624 ed.
1114 2584 1142 2622 4
1180 2579 1431 2633 adfuerant
1461 2578 1503 2622 V
1535 2578 1605 2622 ed.
1641 2576 1804 2620 dubito
1837 2592 1947 2620 num

256 2640 403 2692 recte,
443 2639 655 2683 abierunt
692 2640 919 2693 expectes
1055 2643 1080 2682 6
1121 2639 1262 2682 emisse
1291 2652 1385 2682 non
1415 2652 1506 2682 esse
1537 2637 1786 2682 credituros
1810 2635 1850 2679 V
1875 2637 1946 2680 ed.

257 2697 500 2741 emendavi
548 2697 801 2740 secundum
842 2712 883 2740 v.
923 2701 1021 2740 597.
1082 2698 1085 2726 ⁵
1142 2711 1223 2741 nce
1265 2698 1475 2741 adversos
1514 2696 1555 2738 V
1603 2695 1660 2739 cf.
1705 2696 1854 2739 obvios
1898 2695 1947 2737 in

255 2757 446 2812 interpr.
564 2762 586 2799 7
619 2762 764 2801 sterne
787 2756 840 2799 V.
957 2760 983 2799 8
1016 2757 1304 2800 existimabat
1334 2756 1405 2800 ed.
1516 2760 1567 2798 11
1602 2755 1713 2811 quid
1742 2768 1883 2798 causa
1907 2753 1948 2796 V

258 2829 369 2859 corr.
405 2816 475 2859 ed.
525 2815 528 2873 Ι
578 2817 715 2870 flebat
745 2815 815 2859 ed.
933 2820 986 2858 16
1018 2817 1145 2872 viryo
1170 2815 1223 2858 V.
1339 2819 1392 2858 21
1428 2828 1633 2870 quum—
1653 2818 1707 2856 22
1727 2814 1949 2868 potuisset

257 2875 327 2917 ed.
365 2875 369 2932 Ι
406 2874 715 2928 confusionem
739 2874 793 2918 V.
891 2879 946 2917 22
979 2876 1085 2930 post
1115 2874 1375 2918 subtrahere
1399 2874 1460 2916 ad
1483 2873 1704 2916 inferiora
1729 2870 1946 2914 aberrans

249 2934 586 2989 periclitantem
611 2934 859 2989 scripserat
875 2933 929 2987 V,
956 2933 1036 2976 sed
1062 2933 1296 2988 expunxit.
1382 2937 1438 2975 24
1462 2937 1635 2988 tempus
1651 2931 1693 2974 V
1709 2936 1738 2975 t.
1759 2936 1850 2987 eyet
1874 2931 1943 2974 ed.

485 3110 520 3172 ἢ
