2050 3226
750 177 1056 223 Anunmos
1079 177 1167 223 vu
1741 182 1808 235 19

44 311 46 338 ‡
108 319 240 368 radii
284 319 600 382 siderumque
644 319 942 368 tenduntur!
1017 319 1136 367 haec
1171 331 1408 379 responsa
1434 319 1602 378 patris
1638 319 1812 367 Fauni

43 384 47 422 ἵ
106 395 410 454 monitusque
432 394 594 442 silenti
615 397 749 442 nocte
771 394 910 442 datos
932 407 1032 440 non
1054 394 1159 453 ipse
1181 406 1270 440 suo
1283 393 1468 452 premit
1482 407 1563 441 ore
1577 392 1809 450 Latinus,

107 468 194 516 secl
216 469 398 516 circuan
422 468 517 516 late
538 468 750 517 volitans
778 468 883 516 iam
904 467 1047 526 fama
1071 481 1163 527 per
1183 467 1324 515 urbis
1334 466 1589 515 Ausonias
1612 467 1811 516 tulerat:
1829 477 1913 517 105

108 541 231 605 quid
269 541 468 592 silentio
504 543 665 591 noctis
696 541 906 590 Latinus
941 540 1164 590 audisset
1192 556 1283 589 nec
1312 541 1419 603 ipse
1449 543 1615 590 tacere
1644 541 1813 604 potuit

107 618 159 665 et
195 632 285 678 per
323 617 489 666 omnia
526 617 638 665 loca
675 618 828 679 atque
858 615 1117 664 universas
1148 615 1288 663 urbis
1319 614 1570 664 Ausonias
1603 615 1810 664 circum·

105 691 294 740 tulerat
329 691 488 752 fama,
528 692 609 739 cui
646 692 845 739 tantum
882 690 1049 751 licuit,
1089 691 1147 738 ut
1182 690 1306 738 haec
1339 705 1455 739 mox
1484 689 1672 753 ubique
1701 688 1810 739 v'ul·

104 767 286 828 gasset.
355 765 542 814 circum
582 764 715 827 quod
753 764 901 824 dixit,
939 780 1039 813 non
1079 765 1365 827 separatum
1403 779 1507 813 esse
1547 763 1714 825 debet,
1752 767 1813 813 ut

103 838 248 887 iuxta
296 839 478 888 din'sse
524 839 776 900 videatur,
823 839 909 887 sed
953 839 1087 902 quod
1124 838 1318 886 ratione
1357 838 1554 900 poetica
1593 837 1810 887 divisum

53 951 58 967 ἦ
105 915 181 961 est
211 913 381 978 colligi
411 913 558 962 debet
588 915 639 962 et
666 913 825 977 iungi.
888 928 988 960 non
1020 913 1149 960 enim
1183 927 1448 975 possumus
1482 912 1644 961 dicere
1677 911 1810 975 quod

36 1044 58 1055 ,ἦ
99 988 287 1036 circum
327 989 472 1036 iuxta
510 989 596 1050 sit,
636 1003 750 1036 cum
786 989 937 1050 poeta
977 987 1158 1036 dixerit
1194 988 1296 1036 late
1334 987 1552 1036 volitans
1586 987 1690 1035 iam
1720 1002 1810 1049 per

102 1061 238 1111 urbis
270 1063 522 1111 Ausonias
560 1062 758 1110 tulerat.
820 1061 952 1109 unde
984 1062 1166 1110 circum
1202 1063 1253 1109 et
1282 1061 1471 1109 tulerat
1499 1061 1809 1126 iungendum

38 1138 47 1155 ¹
102 1138 199 1197 est,
247 1139 308 1184 ut
359 1137 546 1185 faceret
599 1136 987 1185 circumtulerat.
1075 1150 1185 1184 cum
1240 1135 1599 1184 Laomedontia
1651 1137 1811 1196 pubes

98 1211 351 1271 yramineo
406 1212 547 1270 ripae
600 1211 828 1271 reliyavit
876 1211 938 1258 ab
990 1224 1161 1271 ayyere
1211 1209 1438 1258 classem:
1522 1225 1632 1258 cum
1686 1210 1808 1258 haec

53 1312 57 1315 -
103 1286 391 1346 agerentur,
440 1284 543 1333 iam
585 1284 791 1333 Troiani
841 1283 1047 1333 navium
1091 1284 1294 1332 vincula
1340 1283 1810 1333 commendaverant

99 1374 255 1421 npae.

220 1431 418 1480 Aeneas
458 1433 705 1493 primique
754 1432 900 1481 duces
948 1435 991 1480 et
1029 1433 1236 1492 pulcher
1272 1433 1421 1480 Iulus
1467 1446 1671 1493 corpora
1716 1433 1806 1481 sub

79 1508 256 1555 .ramis
294 1507 541 1567 deponunt
578 1507 769 1555 arboris
808 1507 938 1555 altae
974 1508 1327 1566 instituuntque
1365 1507 1517 1568 dapes
1553 1509 1596 1554 et
1625 1507 1808 1555 adorea

101 1580 199 1629 liba
230 1595 323 1641 per
351 1581 552 1629 herbam
585 1582 832 1629 subiciunt
869 1581 1045 1641 epulis,
1084 1582 1156 1629 sic
1185 1581 1412 1642 Iuppiter
1448 1581 1531 1628 ille
1567 1582 1804 1638 monebat,
1826 1589 1909 1629 110

99 1658 144 1702 et
201 1655 383 1703 cereale
434 1655 591 1703 solum
639 1656 803 1716 pomis
856 1656 1127 1716 agrestibus
1177 1658 1377 1716 auyent:
1453 1655 1806 1717 accubuerunt,

97 1729 286 1791 inquit,
331 1729 528 1777 Aeneas
578 1731 629 1777 et
672 1728 837 1778 Iulus:
886 1729 1048 1778 tacuit
1093 1729 1365 1793 dignitates
1411 1729 1658 1791 ipsorum,
1704 1730 1805 1791 sed,

99 1819 209 1852 cum
258 1804 380 1852 dicit
429 1802 614 1866 primos
659 1803 764 1852 illis
811 1803 874 1852 ad
914 1805 1087 1867 epulas
1127 1803 1275 1852 duces
1317 1804 1601 1866 adiunctOS,
1641 1805 1804 1853 osten-

99 1877 286 1926 duntur
330 1879 474 1940 pater
517 1880 568 1927 et
604 1877 738 1926 filius
780 1877 953 1927 ceteris
994 1878 1147 1926 fuisse
1186 1879 1419 1941 potiores
1498 1880 1806 1940 paraverunt

97 1951 258 2016 igitur
305 1967 432 2013 sese,
482 1954 540 1999 ut
589 1952 679 2000 sub
730 1953 863 2001 altae
912 1952 1100 2000 arboris
1149 1952 1302 2001 ramis
1354 1955 1590 2015 caperent
1638 1952 1804 2001 cibum

99 2020 257 2089 (hunc
297 2042 355 2073 ex
394 2025 541 2074 adore
579 2021 886 2093 habuerunt)
926 2042 1074 2089 quem
1114 2027 1178 2075 ad
1215 2028 1376 2076 vicem
1409 2026 1554 2089 panis
1587 2026 1802 2075 ederent.

96 2099 226 2148 hanc
264 2099 396 2148 enim
432 2100 534 2148 illis
572 2102 919 2149 necessitatem
956 2102 1250 2164 inposuerat
1288 2101 1536 2164 iuppiter,
1573 2101 1663 2163 qui
1699 2100 1801 2150 illis

97 2174 321 2222 futuram
358 2174 541 2222 famem
579 2191 669 2236 per
704 2175 969 2238 harpyiam
1006 2175 1348 2237 nuntiaverat,
1388 2177 1458 2236 et,
1499 2175 1618 2238 quia
1655 2175 1802 2237 panis

29 2255 33 2263 “
98 2248 265 2296 deerat
311 2248 398 2311 qui
443 2248 692 2297 sufficeret
735 2250 1004 2310 universis,
1051 2249 1333 2312 agrestibus
1379 2249 1540 2311 pomis
1581 2248 1803 2297 inediam

100 2359 797 2372 .......................
839 2323 1152 2387 gerebantur.
1231 2324 1527 2383 consumptis
1564 2324 1641 2371 hic
1677 2324 1801 2383 forte

99 2396 232 2453 aliiS,
272 2397 366 2445 hoc
405 2399 481 2445 est
519 2413 648 2459 quae
687 2397 784 2445 loci
824 2398 1042 2459 qualitas
1082 2400 1132 2446 et
1169 2396 1438 2446 necessitas
1478 2397 1704 2457 dederat,
1746 2400 1802 2444 ut

96 2474 277 2518 vertere
313 2485 506 2519 morsus
544 2472 770 2533 eoeiyuam
807 2472 862 2518 in
904 2471 1124 2519 Cererem
1151 2472 1367 2532 penuria
1406 2471 1567 2531 adeyit
1605 2471 1799 2519 edendi.-

22 2575 30 2586 „
97 2544 240 2592 tanta
285 2544 384 2592 fuit
428 2546 658 2607 penuria,
700 2548 758 2594 ut
808 2546 942 2607 quod
985 2545 1336 2594 mandentibus
1377 2545 1629 2594 exciderat
1667 2545 1797 2607 lege-

96 2620 208 2668 rent
246 2621 295 2666 et
333 2619 624 2681 adpeterent
661 2619 928 2681 morsibus,
967 2635 1080 2668 cum
1119 2621 1248 2682 esset
1284 2621 1430 2667 tanta
1466 2618 1707 2679 brevitas,
1739 2620 1798 2665 ut

42 2799 43 2803 ,
216 2763 241 2802 3
275 2760 394 2803 latae
421 2759 476 2803 V.
522 2762 525 2818 5
570 2761 690 2805 orbis
712 2760 768 2803 V.
862 2765 886 2803 6
919 2761 996 2804 cui
1018 2759 1060 2803 V
1091 2775 1173 2805 cur
1204 2760 1275 2805 ed.
1371 2765 1424 2804 12
1456 2759 1626 2813 faceret
1649 2757 1689 2799 V
1722 2757 1791 2802 ed.

42 2843 43 2846 =
98 2815 242 2870 faciat
283 2820 512 2874 expectes
637 2823 691 2863 18
734 2821 811 2863 ille
846 2819 887 2862 V
929 2821 1025 2875 ipse
1068 2820 1138 2863 ed.
1270 2824 1323 2862 21
1366 2819 1664 2863 ostenduntur
1705 2818 1794 2861 etc.

98 2877 211 2920 mut.
244 2877 316 2921 ed.
438 2883 494 2920 24
526 2892 582 2922 ex
611 2879 780 2923 adorea
806 2877 849 2921 V
882 2878 952 2922 ed.
998 2878 1002 2937 Ι
1049 2879 1227 2923 ederent
1262 2892 1350 2922 om.
1386 2877 1457 2921 ed.
1581 2879 1635 2919 27
1667 2876 1795 2920 inae-

96 2933 223 2979 datam
246 2934 288 2978 V
320 2937 530 2992 sequitur
559 2937 728 2981 lacuna
758 2937 927 2993 viginti
959 2939 1182 2992 quattuor
1211 2937 1495 2988 litterarum,
1535 2936 1635 2977 tum
1673 2948 1794 2992 yere-

101 2992 292 3048 bantur;
322 2995 510 3051 expleas
543 2997 629 3041 sic:
664 2997 874 3041 levabant
903 2997 1067 3051 quibus
1096 2997 1296 3040 subiecta
1327 2994 1675 3052 ayyerabantur.

1470 3081 1527 3125 2*
