2050 3226
253 203 326 257 64
428 228 448 240 Ι
726 201 960 247 DONATI
989 163 1269 247 INTERPR.
1294 201 1475 247 VERG.

251 343 434 404 posset.
511 342 599 390 dat
647 342 797 391 etiam
841 341 1072 391 vincendi
1119 341 1353 390 fiduciam
1395 341 1664 390 adserendo
1702 341 1944 391 Iunonem
2032 395 2036 399 ,

253 415 440 466 auxilio
489 416 617 478 fore,
663 416 744 464 cui
789 431 938 466 causa
983 415 1280 478 displicebat
1324 418 1376 464 et
1421 432 1547 478 quae
1587 415 1830 465 suadebat
1866 416 1943 463 ul·
2032 403 2036 466 ss

250 491 452 539 tionem.
528 490 655 539 dixit
691 490 986 539 facilitatem
1024 491 1181 539 totius
1220 491 1442 552 effeetus,
1482 490 1618 553 quod
1655 505 1769 539 cum
1806 504 1942 553 pere-

251 565 408 628 grinis
441 569 570 613 esset
598 565 875 613 necessario
907 563 1283 628 confligendum.
1342 564 1535 613 addidit
1565 564 1717 613 etiam
1738 566 1942 624 metum,

250 655 335 700 ne,
374 638 418 687 si
453 638 779 688 interveniret
814 653 977 700 mora,
1014 638 1236 687 firmatos
1277 638 1459 687 artiore
1497 638 1709 688 foederis
1743 638 1943 688 vinculo
1997 651 2041 691 ⁵2

157 718 162 721 ’
251 728 486 776 superare
533 728 634 761 non
682 716 862 776 posset.
938 714 991 760 in
1040 712 1417 775 pronominibus
1467 728 1663 776 quoque
1709 728 1945 776 magnam

250 786 353 836 vim
393 786 624 835 dictionis
666 786 904 848 ostendit,
944 786 1016 835 ait
1053 786 1186 834 enim
1223 787 1334 850 ipsa
1372 786 1467 835 tibi
1503 803 1583 835 me
1621 787 1757 836 haec.
1817 786 1944 849 ipsa,

250 861 344 910 hoc
394 863 469 909 est
518 877 647 923 quae
697 861 865 909 omnia
913 863 1080 924 potest
1128 863 1178 908 et
1227 861 1485 911 commoda
1521 863 1612 910 tua
1648 862 1943 924 pertractat3

250 934 367 997 tibi,
396 937 569 984 contra
597 935 830 984 meritum
860 935 1087 983 laborum
1117 935 1295 997 inriso,
1319 935 1440 984 forti
1470 951 1669 998 quoque
1702 950 1759 983 ac
1789 934 1943 998 regio,

250 1009 359 1071 tibi,
398 1010 486 1071 qui
522 1009 652 1058 male
691 1011 832 1073 gesta
870 1010 1029 1072 possis
1067 1010 1272 1072 propria
1308 1010 1491 1058 virtute
1530 1008 1804 1070 defendere,
1833 1009 1944 1070 tibi,
1975 1025 2019 1057 10

251 1085 478 1146 suscepto
532 1084 635 1132 iam
689 1099 889 1147 genero,
943 1098 1043 1143 me,
1097 1083 1402 1132 sacerdotem
1455 1083 1646 1131 scilicet
1698 1099 1840 1132 suam
1895 1085 1946 1131 et

250 1157 427 1221 templi
475 1158 743 1206 venerandi
793 1157 1070 1218 custodem,
1117 1158 1256 1206 cuius
1302 1156 1450 1205 fidem
1495 1160 1662 1206 nosset
1707 1159 1758 1206 et
1801 1156 1943 1205 fidele

250 1231 603 1293 ministerium,
654 1231 796 1280 cuius
846 1231 1118 1280 efficaciam
1161 1231 1215 1279 in
1259 1231 1338 1280 his
1385 1247 1514 1294 quae
1553 1231 1772 1279 curanda
1807 1246 1945 1278 man-

252 1305 419 1354 dasset
456 1305 635 1353 habuit
672 1307 768 1354 rite
801 1307 1108 1368 conpertam,
1146 1306 1288 1366 haec,
1319 1306 1412 1354 hoc
1444 1307 1520 1354 est
1548 1306 1824 1370 incongrua
1854 1319 1944 1353 nec

251 1380 603 1443 respondentia
635 1379 924 1443 dignissimo
956 1381 1088 1441 viro,
1117 1380 1170 1427 in
1202 1379 1382 1442 quibus
1415 1380 1482 1427 sit
1511 1379 1764 1428 inrisionis
1797 1379 1943 1442 culpa
1975 1393 2018 1427 15

252 1457 303 1502 et
339 1454 554 1502 mutatio
592 1453 719 1502 fidei.
797 1470 896 1502 non
942 1453 1173 1501 inmerito
1213 1453 1420 1502 celerius
1460 1453 1751 1517 corrigenda
1788 1468 1942 1516 prope

252 1529 550 1592 generaliter
586 1528 776 1590 posuit,
813 1529 907 1576 hoc
947 1529 1021 1577 est
1060 1528 1231 1577 clausa
1269 1543 1330 1576 ex
1367 1530 1531 1589 parte,
1571 1544 1630 1575 ex
1660 1529 1802 1590 parte
1834 1542 1943 1590 spe-

252 1602 415 1651 ciebus
456 1617 699 1665 expressa.
762 1602 897 1665 quod
934 1603 1100 1664 ipsum
1140 1605 1246 1650 arte
1282 1602 1412 1649 mira
1450 1602 1725 1664 perfectum
1759 1603 1855 1662 est,
1887 1603 1944 1648 ut

252 1678 496 1725 commoto
527 1676 784 1724 intimaret
814 1676 1122 1724 sententiam.
1176 1676 1295 1724 fecit
1325 1678 1374 1723 et
1405 1677 1627 1724 omnium
1648 1675 1943 1723 Latinorum

252 1766 363 1798 cum
393 1767 508 1814 rege
541 1766 848 1798 communem
873 1765 1088 1811 causam,
1112 1765 1223 1798 cum
1248 1750 1381 1798 solus
1405 1749 1512 1812 ipse
1535 1749 1691 1796 filiam
1714 1749 1943 1798 Troianis
1975 1764 2019 1796 20

251 1824 580 1887 promisisset,
618 1827 675 1872 ut
711 1825 867 1872 omnis
899 1824 1050 1872 simul
1079 1840 1180 1871 una
1211 1823 1314 1872 odii
1345 1825 1579 1872 societate
1611 1823 1942 1885 perfunderet.

149 1913 235 1952 430
252 1912 403 1959 quare
433 1913 520 1959 aye
552 1902 595 1945 et
625 1899 815 1946 armari
837 1899 1018 1958 pubem
1043 1899 1290 1957 portisque
1318 1898 1500 1945 moveri
1532 1898 1686 1945 laetus
1715 1898 1770 1944 in
1802 1912 1944 1945 arma

245 1987 403 2032 para:
442 1975 492 2020 et
523 1972 728 2035 dispone
759 1972 953 2034 pubem,
986 1971 1403 2034 quemadmodum
1434 1972 1739 2034 producatur
1769 1973 1942 2034 portis.

254 2062 344 2110 age
385 2048 435 2093 et
464 2062 588 2108 para
618 2046 834 2094 iubentis
867 2048 962 2094 est:
1003 2047 1113 2108 quis
1147 2048 1313 2094 autem
1345 2046 1523 2094 suadet
1552 2048 1610 2093 ut
1641 2045 1751 2108 quis
1781 2046 1942 2093 laetus

253 2122 336 2168 eat
368 2119 421 2167 in
451 2121 638 2167 bellum
669 2120 765 2168 nisi
797 2120 886 2182 qui
917 2120 1125 2182 spondet
1156 2136 1293 2182 spem
1323 2119 1554 2168 vincendi
1585 2118 1942 2168 certissimam?
1975 2131 2017 2164 25

255 2193 387 2256 quod
435 2195 600 2256 ipsum
645 2195 738 2242 etsi
788 2194 915 2242 falso
965 2194 1368 2256 promittebatur,
1406 2210 1506 2241 non
1545 2193 1753 2241 curabat
1789 2189 1942 2240 Furia

254 2269 442 2316 exitum
478 2284 664 2328 rerum,
705 2284 831 2329 quae
870 2271 1075 2330 propter
1112 2268 1362 2316 turbanda
1402 2267 1568 2315 omnia
1598 2267 1717 2315 belli
1746 2268 1943 2314 tantum

255 2342 523 2404 quaerebat
567 2341 779 2389 initium.
857 2346 900 2389 et
935 2343 1191 2403 Phryyz‘os,
1234 2343 1316 2401 qui
1354 2343 1553 2399 flumine
1593 2341 1795 2400 pulchro
1835 2355 1942 2387 con-

254 2416 437 2472 sedere,
478 2417 622 2463 duces
658 2417 912 2475 pictasque
959 2430 1103 2463 exure
1149 2417 1371 2463 carinas:
1431 2413 1674 2463 suadebat
1709 2414 1942 2462 invaden-

255 2490 342 2539 dos
372 2490 502 2538 bello
535 2489 622 2551 qui
649 2491 886 2538 venerant
909 2492 1072 2551 atque,
1095 2492 1154 2537 ut
1182 2491 1275 2537 hoc
1307 2504 1503 2537 securus
1536 2490 1705 2551 ageret
1728 2487 1941 2548 Turnus,
1974 2501 2016 2532 30

255 2564 501 2613 deformat
531 2563 856 2612 Troianorum
887 2579 1148 2624 personam
1177 2563 1374 2610 inbellis
1406 2561 1680 2610 ostendens.
1734 2560 1942 2624 Phrygii

377 2726 400 2765 7
432 2722 542 2765 haec
564 2719 606 2763 V
636 2721 677 2763 h.
702 2720 798 2774 fari
828 2720 962 2762 iussit
993 2719 1063 2762 ed.
1174 2724 1228 2762 10
1259 2719 1465 2774 maliqest
1487 2716 1529 2759 V
1559 2731 1589 2759 a
1621 2716 1727 2759 add.
1753 2715 1795 2758 II
1819 2731 1939 2761 man.

260 2785 312 2823 16
345 2781 544 2824 celeriter
574 2779 645 2823 ed.
683 2792 686 2836 ι
721 2778 988 2834 corrigenda
1011 2777 1052 2820 V
1077 2778 1147 2821 ed.
1174 2777 1472 2834 perayenda?
1572 2780 1625 2818 17
1658 2777 1817 2820 clausa
1846 2775 1875 2818 i.
1903 2789 1939 2819 e.

258 2839 452 2882 obscura
481 2842 535 2882 ut
566 2843 665 2882 211.
703 2837 707 2895 Ι
743 2851 799 2881 ex
822 2842 955 2893 parte
987 2837 1129 2880 semel
1161 2837 1231 2879 ed.
1269 2836 1273 2893 J
1309 2835 1568 2891 expeciebus
1597 2833 1652 2877 V.
1757 2838 1810 2876 19
1843 2848 1941 2878 sen-

258 2900 400 2942 tentia
431 2898 474 2941 V
506 2912 618 2942 corr.
652 2897 723 2941 ed.
841 2900 895 2939 24
928 2901 1027 2952 aqet
1058 2895 1100 2938 V
1131 2910 1212 2952 aye
1244 2900 1284 2939 et
1313 2908 1396 2938 nos
1432 2907 1514 2950 aye
1545 2893 1616 2936 ed.
1731 2897 1786 2935 25
1819 2894 1869 2935 in
1900 2893 1942 2934 V

258 2958 319 3001 ad
350 2957 420 3000 ed.
473 2958 477 3014 ἱ
528 2958 591 3001 ad
619 2956 831 3001 vincendi
861 2954 903 2997 V
933 2955 996 2998 ad
1028 2954 1177 2998 delevi
1210 2967 1312 2997 cum
1346 2953 1416 2997 ed.
1450 2967 1510 2995 an
1547 2953 1609 2996 ad
1639 2952 1941 2996 vincendum?

260 3021 311 3059 31
342 3030 560 3072 personas
591 3016 662 3059 ed.
