2050 3226
746 156 1052 204 AENEIDOS
1075 157 1163 203 V11
1726 160 1800 214 43

106 299 317 364 largitor
367 298 481 362 plus
536 298 711 347 debuit
763 299 935 347 offerre
982 313 1136 361 quam
1179 298 1348 347 fuerat
1391 298 1702 361 postulatum
1752 301 1803 346 et

106 378 283 436 sponte
331 374 554 438 ingerere
609 373 745 436 quod
793 373 1001 421 Troiani
1047 388 1138 436 per
1186 372 1533 422 verecundiam
1582 374 1800 434 praeter-

105 449 359 496 miserant.
449 448 523 495 ait
575 462 693 511 ergo
746 461 846 495 non
897 447 1034 495 vobis
1076 460 1190 507 reye
1234 446 1419 495 Latino
1469 447 1635 494 divitis
1682 447 1803 494 uber

106 523 217 583 αρν-ἰ
249 522 482 570 Troiaeve
512 521 760 580 opulentia
790 521 962 569 deerit.-
998 536 1100 582 me,
1131 521 1319 584 inquit,
1349 520 1532 570 Latino
1562 522 1803 583 regnante

57 608 77 642 5
107 596 233 644 nihil
282 595 422 645 vobis
474 594 654 657 deerit,
698 595 753 643 in
798 597 999 643 tantum
1042 596 1102 643 ut
1140 595 1451 644 arbitremini
1487 611 1547 644 ex
1584 594 1804 642 Troiana

107 670 365 733 opulentia
404 669 532 717 nibil
570 684 658 718 vos
700 669 905 718 fortuna
943 670 1194 718 saeviente
1231 670 1522 733 perdidisse.
1597 669 1803 731 pulchre

107 744 291 794 adiecit
338 759 416 792 me
463 745 726 808 regnante,
778 745 1020 806 quoniam
1067 744 1339 808 longaevus
1385 744 1484 792 fuit
1529 750 1580 792 et
1616 758 1806 791 memor

14 866 22 872 ,
107 835 212 868 esse
259 819 433 867 debuit
476 818 723 866 humanae
770 818 1096 879 condicionis,
1137 819 1217 866 cui
1255 833 1423 867 omnes
1462 819 1652 867 aetates
1691 817 1804 866 sub·

106 894 264 942 iectae
295 894 415 942 sunt
446 894 496 941 et
524 891 738 940 maxime
771 908 941 940 eorum
966 893 1057 955 qui
1077 892 1180 941 iam
1203 929 1512 943 .........
1536 893 1641 952 ipse
1662 891 1804 940 modo

0 979 79 1034 [ιο
107 967 324 1024 Aeneas,
371 967 526 1014 nostri
571 967 615 1014 si
661 970 800 1015 tanta
839 967 1036 1026 eupidO,
1076 968 1121 1014 si
1157 968 1298 1028 iunyi
1334 967 1538 1027 hospitio
1570 969 1807 1027 properat

11 1056 23 1098 12
106 1043 323 1090 sociusve
359 1042 547 1097 vocari,
582 1041 814 1089 adveniat
848 1039 1041 1102 [vultus
1078 1055 1196 1089 neve
1233 1042 1535 1089 exhorrescat
1572 1038 1806 1101 amieos]:
1822 1051 1908 1090 265

13 1163 18 1174 ,
106 1116 213 1179 ipse
264 1131 461 1178 quoque
509 1115 682 1163 veniat
728 1131 816 1163 rex
859 1117 1044 1176 vester,
1089 1115 1133 1164 si
1182 1115 1457 1164 amicitiam
1493 1117 1715 1163 nostram
1755 1115 1808 1163 et

8 1180 21 1225 ἶ
108 1190 398 1240 societatem
449 1188 699 1238 desiderat
753 1189 967 1238 libenter
1019 1189 1272 1252 amplecti,
1327 1190 1422 1238 etsi
1474 1190 1607 1237 inter
1657 1188 1807 1236 initia

14 1279 18 1313 ἱ
107 1264 276 1314 venire
315 1263 582 1325 dubitarit3
619 1263 745 1311 nihil
783 1263 843 1311 de
878 1264 1102 1312 novitate
1133 1279 1454 1326 praesumens
1485 1263 1658 1312 vultus
1688 1278 1805 1311 suos

8 1351 78 1389 315
108 1355 208 1386 non
258 1339 466 1402 deneget
515 1337 681 1399 nobis,
728 1337 966 1400 quoniam
1011 1354 1070 1386 ex
1106 1337 1360 1400 praesenti
1395 1340 1618 1400 tempore
1658 1337 1807 1386 amici

10 1430 20 1485 ς
109 1428 212 1461 esse
251 1414 355 1461 iam
392 1411 658 1474 coepimus,
726 1427 855 1472 pars
891 1412 1012 1459 mihi
1039 1413 1187 1471 pacis
1225 1414 1316 1460 erit
1349 1412 1570 1460 dextram
1600 1412 1807 1472 tetiyisse

108 1488 332 1548 tyranni:
392 1486 548 1534 donec
600 1486 762 1534 maior
813 1486 1026 1535 foederis
1081 1486 1282 1535 accedat
1331 1487 1625 1546 auctoritaS,
1676 1502 1805 1548 quae

13 1564 26 1593 ἶ·
108 1577 283 1624 pacem
343 1560 683 1624 plenissimam
739 1560 924 1621 firmet,
978 1577 1079 1609 non
1131 1561 1475 1624 perhorrescat
1528 1559 1677 1609 amici
1729 1561 1808 1609 sui

0 1627 24 1685 f
109 1637 450 1699 conspectum,
504 1634 793 1698 auspicetur
845 1634 1162 1683 dexterarum
1214 1636 1560 1684 coniunctione
1609 1649 1808 1682 concor-

0 1716 6 1752 Ι
109 1709 266 1771 diam,
317 1710 438 1772 quia
487 1725 603 1772 pars
652 1708 789 1772 pacis
840 1711 917 1758 est
964 1709 1178 1758 dexteris
1215 1709 1417 1758 interim
1454 1709 1656 1758 foedera
1694 1723 1806 1757 con-

0 1773 13 1837 ἶ,
108 1784 316 1833 venisse.
413 1786 741 1846 tyrannorum
801 1799 982 1832 nomen
1042 1784 1400 1846 posterioribus
1465 1782 1675 1832 saeculis
1735 1783 1809 1830 in-

0 1877 26 1933 ¹3
110 1859 355 1907 famatum
404 1860 501 1919 est3
550 1874 668 1906 nam
715 1873 857 1922 reges
908 1859 1062 1906 etiam
1106 1859 1199 1907 hoc
1244 1859 1445 1906 nomine
1491 1857 1808 1919 dicebantur3

0 1934 33 1971 ³¹--
110 1948 227 1980 nam
277 1934 327 1980 et
376 1932 436 1980 de
481 1931 810 1996 Pygmalione
857 1932 928 1980 sic
974 1932 1103 1981 dixit
1147 1926 1224 2000 (1,
1250 1926 1382 1999 361)
1449 1931 1667 1994 „quibus
1719 1933 1810 1979 aut

13 1975 28 2073 ἓ
111 2006 281 2055 odium
334 2005 530 2054 crudele
583 2006 789 2068 tyranni
842 2008 933 2055 aut
984 2009 1146 2056 metus
1198 2022 1312 2055 acer
1359 2005 1512 2055 erat.“
1597 2020 1707 2054 ecce
1758 2008 1810 2052 et

0 2077 82 2139 ’με
109 2081 255 2128 illum
292 2082 564 2142 tyrannum
602 2081 751 2140 dixit,
789 2096 939 2142 quem
976 2081 1238 2130 constabat
1274 2098 1443 2145 regem
1481 2081 1635 2129 fuisse
1675 2078 1808 2142 apud

0 2162 1 2220 j
111 2155 312 2218 Tyrum.
394 2169 479 2202 vos
529 2157 697 2203 contra
740 2155 844 2216 reqi
892 2169 1001 2203 mea
1044 2170 1177 2203 nime
1220 2156 1460 2203 mandata
1496 2156 1692 2214 referte:
1730 2147 1810 2201 'ut

23 2223 25 2225 ’
111 2229 302 2278 dictum
351 2244 503 2291 supra
553 2230 649 2289 est,
704 2231 755 2276 et
802 2233 1074 2291 tyrannum
1124 2229 1251 2278 dixit
1295 2229 1500 2278 Aenean
1546 2230 1599 2277 et
1639 2244 1809 2291 regem

22 2318 26 2324 ·
110 2319 246 2351 more
296 2303 486 2351 scilicet
534 2305 756 2351 veterum
807 2304 895 2365 qui
942 2319 1082 2367 reges
1132 2303 1285 2352 etiam
1332 2306 1574 2366 tyrannos
1620 2303 1807 2351 vocita-

112 2377 246 2426 bant.
324 2377 490 2425 omnia
539 2379 706 2425 autem
756 2377 1086 2440 respondendi
1136 2378 1302 2426 studio
1354 2393 1468 2426 cum
1515 2376 1810 2439 protulisset

233 2509 256 2547 1
275 2504 559 2560 postulatum
574 2502 618 2547 V
641 2509 743 2548 -tus
766 2502 837 2548 ed.
911 2508 939 2547 4
963 2504 1105 2548 deerit
1119 2503 1162 2547 V
1186 2504 1305 2548 derit
1325 2503 1518 2560 plurimi
1541 2503 1679 2558 Verg.
1699 2501 1807 2545 libri

114 2566 140 2605 5
171 2568 224 2607 ut
252 2562 295 2606 V
325 2569 378 2607 ut
408 2568 491 2607 aut
520 2562 592 2607 ed.
716 2566 741 2605 9
773 2564 993 2606 et—iam
1029 2577 1116 2606 om.
1151 2563 1222 2607 ed.
1254 2566 1363 2619 post
1392 2564 1487 2607 iam
1520 2562 1699 2616 aliquid
1731 2574 1807 2605 ex-

115 2620 283 2666 cidisse
326 2623 480 2678 petet,
521 2621 610 2666 etsi
648 2621 778 2665 nulla
815 2621 983 2665 lacuna
1022 2624 1094 2666 est
1131 2622 1181 2665 in
1212 2621 1268 2677 V,
1306 2636 1431 2667 senes
1462 2627 1569 2666 sum
1600 2621 1809 2675 suspicor

116 2680 172 2724 cf.
205 2681 374 2738 epilog.
400 2681 462 2724 in.
547 2684 600 2724 10
632 2682 798 2737 cupido
823 2679 863 2723 V
895 2683 949 2724 ut
980 2680 1122 2725 schol.
1147 2681 1315 2725 Veron.
1350 2681 1412 2724 ad
1444 2685 1485 2733 9,
1511 2685 1611 2733 360,
1643 2679 1809 2735 cupido

116 2745 180 2784 est
209 2740 280 2783 ed.
313 2742 361 2783 et
383 2740 524 2797 Verg.
550 2739 660 2783 libri
690 2753 862 2784 omnes,
899 2741 903 2797 1
940 2741 1141 2796 auspitio
1164 2739 1218 2785 V.
1330 2746 1380 2784 11
1407 2740 1810 2784 vultus—amieos

117 2797 247 2842 deest
276 2800 327 2843 in
358 2799 413 2853 V,
446 2800 527 2844 sed
567 2799 843 2854 explicatur.
946 2804 1001 2843 14
1033 2799 1245 2844 dubitare
1267 2799 1310 2843 V
1342 2805 1436 2843 -ret
1459 2798 1529 2842 ed.
1561 2799 1650 2841 -rit
1671 2811 1768 2840 nos.
1799 2796 1805 2854 Ι

116 2859 266 2902 vultus
309 2872 415 2903 suos
455 2859 498 2902 V
543 2859 720 2903 vultum
765 2872 899 2902 suum
945 2859 1017 2902 ed.
1142 2863 1197 2901 19
1243 2858 1559 2902 coniunctione
1605 2870 1694 2900 om.
1735 2856 1806 2900 ed.

118 2920 173 2958 20
197 2917 404 2961 dexteras
426 2919 609 2962 interim
625 2917 667 2960 V
691 2917 901 2962 dexteras
933 2918 1052 2961 inter
1083 2917 1155 2960 ed.
1187 2918 1383 2962 dexteris
1413 2917 1596 2960 interim
1633 2929 1717 2959 nos
1748 2930 1805 2958 an

118 2975 326 3020 deaeteras
353 2977 534 3020 interim
562 2978 641 3020 in?
735 2980 790 3019 28
826 2977 1044 3020 vocabant
1075 2976 1145 3019 ed.
