2050 3226
248 111 354 165 182
717 108 952 154 DONATI
980 109 1046 153 IN
1048 108 1261 153 TERPR.
1285 108 1464 154 VERG.

243 250 293 296 vi
331 249 556 298 bracchia
595 249 766 297 tollunt
813 251 867 297 in
915 263 1172 297 numerum
1215 252 1503 308 versantque
1547 250 1704 297 tenaci
1750 251 1934 310 forcipe

242 337 486 371 massam:
533 323 586 371 in
635 340 897 371 numerum
948 323 1247 384 tundebant,
1299 322 1353 369 in
1404 339 1665 371 numerum
1716 339 1934 373 massam

243 397 530 459 versabant,
584 397 826 446 ordinatis
880 397 1070 446 scilicet
1121 396 1314 446 vicibus
1367 397 1577 444 feriendi
1629 399 1779 460 atque
1825 414 1933 446 ver-

244 470 410 532 sandi,
448 487 509 519 ne
547 472 677 519 ictus
714 471 980 519 inliderent
1016 470 1198 519 ictibus
1237 471 1326 519 aut
1355 486 1572 520 massam
1602 474 1822 534 tempore
1858 471 1934 519 in-

243 547 458 608 portuno
521 548 876 594 converterent.
984 545 1103 607 quia
1170 544 1433 593 incudibus
1500 544 1627 593 dixit
1686 546 1934 608 pluralem
1985 556 2006 590 5

243 635 507 666 numerum
545 621 756 683 tangens
797 621 847 666 et
883 619 965 667 hic
1003 619 1247 682 singulari
1284 635 1488 667 numero
1533 620 1702 680 posuit
1747 619 1933 682 forcipe

148 751 153 754 .
244 696 294 741 et
330 708 567 754 massam,
604 708 895 756 responsum
937 692 1162 741 omnibus
1208 692 1468 741 incudibus
1509 693 1654 741 debet
1694 693 1932 758 intellegi.

242 782 343 814 non
382 767 512 814 enim
551 784 703 815 unam
739 782 955 815 massam
992 766 1197 828 plurimi
1232 766 1471 815 tenebant
1517 769 1608 815 aut
1653 767 1933 829 versabant,

243 840 329 889 sed
406 842 494 903 qui
562 841 772 904 singulis
838 840 1103 888 incudibus
1171 843 1436 903 praeerant
1504 843 1592 889 aut
1657 842 1936 890 tundebant

242 915 436 963 malleis
485 916 575 962 aut
619 916 961 978 unusquisque
1007 929 1225 963 massam
1271 930 1421 977 quam
1468 915 1520 963 in
1572 931 1717 978 opere
1758 915 1936 964 habuit
1964 927 2008 960 10

242 988 429 1050 forcipe
467 988 711 1038 versabat.

361 1063 422 1109 H
419 1077 502 1110 aec
540 1066 688 1122 pater
732 1061 919 1110 Aeoliis
962 1065 1197 1122 properat
1245 1062 1361 1110 dum
1411 1062 1650 1110 Lemnius
1699 1064 1822 1111 oris.-
1875 1079 1934 1111 ex

242 1136 438 1184 Aeneae
468 1135 646 1185 vitrico
677 1139 872 1199 patrem
902 1136 1087 1184 fecerat
1117 1136 1260 1185 dolus
1291 1137 1481 1198 uxoris3
1526 1137 1738 1199 denique
1775 1137 1932 1200 patris

245 1209 312 1257 ad
349 1210 550 1272 plenum
591 1210 710 1258 dum
756 1211 1050 1274 fungeretur
1094 1210 1280 1271 officio,
1331 1212 1381 1258 et
1425 1210 1736 1273 perficiendis
1783 1212 1932 1260 armis

139 1292 225 1332 455
242 1285 514 1332 instantem
554 1300 755 1347 operam
794 1284 958 1333 dabat.
1035 1284 1338 1332 Euandrum
1385 1299 1441 1332 ex
1485 1285 1659 1332 humili
1696 1288 1810 1333 tecto
1849 1285 1934 1334 lux
1963 1297 2006 1331 ιε

242 1359 445 1406 suscitat
480 1358 614 1406 alma
653 1363 696 1406 et
738 1359 966 1406 matutini
1010 1359 1261 1406 volucrum
1305 1357 1424 1419 [sub
1472 1359 1679 1406 culmine
1717 1362 1889 1407 cantus
1882 1357 1934 1421 ].·

475 1431 628 1481 Deest
664 1433 1011 1495 interpretatio
1050 1447 1210 1495 usque
1249 1431 1313 1480 ad
1352 1448 1549 1480 versum
1590 1433 1710 1480 729.

141 1514 224 1554 730
362 1542 705 1556 ..........
733 1507 942 1554 scientia
972 1507 1269 1555 futurorum.
1310 1507 1544 1554 attollens
1576 1507 1860 1569 famamque
1883 1509 1933 1555 et

242 1579 350 1627 fata
372 1581 630 1642 nepotum:
662 1580 964 1642 laetabatur,
987 1581 1271 1628 futurorum
1301 1580 1509 1641 nescius,
1533 1583 1738 1643 portans
1768 1583 1930 1643 poste-

240 1669 409 1701 rorum
462 1668 666 1702 suorum
718 1654 826 1702 fata
879 1656 928 1702 et
981 1655 1251 1702 multorum
1309 1654 1555 1702 curricula
1608 1654 1931 1716 saeculorum,
1963 1667 2007 1700 20

242 1730 390 1790 atque
429 1728 550 1776 haec
586 1743 685 1776 uno
722 1744 892 1775 umero
934 1729 1085 1790 atque
1123 1744 1224 1776 uno
1258 1730 1413 1776 scuto.
1477 1730 1719 1790 quantum
1750 1728 1814 1776 ad
1845 1728 1931 1776 cli·

241 1802 324 1863 pei
361 1801 606 1849 rationem
644 1802 881 1864 pertinet,
922 1802 1057 1864 quod
1099 1801 1187 1849 sub
1219 1801 1388 1850 Aenea
1434 1803 1623 1850 factum
1669 1802 1931 1865 adseritur,

240 1875 411 1923 futura
462 1875 767 1937 continebat,
819 1876 905 1924 sed
953 1875 1120 1923 omnia
1166 1876 1469 1938 temporibus
1520 1875 1744 1925 Caesaris
1791 1893 1930 1939 prae—

239 1949 390 1997 terita
429 1951 479 1997 et
515 1950 618 1996 iam
655 1950 790 1998 facta
827 1949 1232 1997 numerabantur.
1302 1965 1430 2011 quae
1471 1950 1754 1998 futurorum
1790 1966 1931 2013 prae-

240 2023 368 2071 scius
392 2022 648 2071 Vulcanus
686 2026 739 2071 in
779 2023 937 2086 clipeo
979 2025 1305 2086 expresserat,
1344 2025 1493 2086 poeta
1531 2041 1646 2073 vero
1687 2024 1745 2072 de
1784 2025 1931 2073 rebus
1962 2036 2005 2070 25

239 2098 340 2144 iam
388 2098 541 2160 gestis
588 2099 638 2143 et
686 2098 810 2159 ipsis
859 2098 1125 2158 triumphis
1168 2096 1392 2147 Caesaris
1441 2099 1613 2147 doctus
1663 2099 1931 2161 praecipua

239 2170 524 2219 inventione
563 2172 757 2219 textum
801 2173 966 2233 ipsum
1006 2171 1483 2234 descriptionemque
1531 2172 1799 2235 conplexus
1839 2174 1928 2233 est,

239 2247 297 2292 ut
337 2243 561 2292 Caesaris
600 2246 877 2306 praesentis
916 2247 1056 2308 gesta
1094 2245 1336 2294 laudaret.

360 2375 384 2413 2
419 2370 658 2415 tendebant
690 2371 761 2415 ed.
806 2371 809 2429 Ι
858 2385 1053 2415 massam
1082 2371 1119 2414 V
1148 2373 1352 2416 maccima
1383 2371 1454 2416 ed.
1552 2376 1577 2415 6
1607 2371 1825 2426 forcipem
1856 2371 1928 2416 ed.

243 2434 266 2472 7
299 2431 406 2485 post
436 2444 633 2474 massam
664 2430 868 2485 quinque
899 2443 1055 2473 versus
1089 2432 1136 2474 et
1168 2430 1414 2474 dimidium
1446 2430 1496 2473 in
1526 2429 1617 2473 fine
1648 2429 1751 2473 folii
1780 2434 1835 2473 90
1852 2430 1928 2474 Bb

240 2488 371 2532 nulla
403 2502 542 2532 causa
571 2502 742 2535 vacuos
773 2489 964 2543 reliquit
988 2489 1042 2543 V,
1067 2503 1176 2532 nam
1201 2503 1320 2544 quae
1345 2491 1600 2544 sequuntur
1623 2489 1673 2531 in
1696 2489 1928 2545 principio

241 2548 343 2591 folii
377 2552 429 2591 91
455 2548 533 2591 Aa
570 2561 831 2604 responsum
871 2550 957 2592 etc.
998 2561 1083 2592 nec
1124 2562 1283 2592 sensus
1321 2561 1407 2591 nec
1447 2549 1707 2592 structurae
1746 2548 1929 2592 hiatum

239 2607 456 2662 produnt.
517 2608 521 2664 Ι
578 2607 822 2651 incudibus
869 2621 955 2651 om.
997 2608 1067 2650 ed.
1192 2611 1247 2651 10
1288 2608 1465 2651 malleis
1499 2606 1540 2647 V
1584 2608 1636 2650 in
1674 2608 1812 2651 alveis
1855 2608 1927 2651 ed.

243 2671 297 2709 15
329 2668 552 2710 instanter
582 2666 654 2710 ed.
771 2670 823 2709 16
855 2667 1088 2710 volucrum
1119 2666 1352 2710 lemmatis
1383 2665 1487 2708 finis
1519 2665 1569 2708 in
1591 2664 1646 2709 V.
1763 2670 1816 2708 17
1850 2666 1928 2709 de-

240 2725 439 2769 ficientis
469 2739 617 2780 usque
650 2725 712 2768 ad
742 2739 782 2769 v.
807 2729 890 2768 729
922 2725 1322 2780 interpretationis
1345 2724 1476 2767 nulla
1500 2724 1780 2780 significatio
1805 2724 1926 2769 inV.

243 2788 297 2826 18
321 2785 511 2829 seientia
532 2785 794 2838 futurorum
819 2783 879 2826 ad
902 2798 941 2826 v.
962 2788 1046 2827 730
1069 2784 1302 2839 pertinere
1325 2785 1455 2826 ratus
1480 2782 1684 2826 distinxi.
1714 2782 1718 2840 Ι
1753 2783 1928 2836 famam

242 2842 311 2886 ed.
399 2848 454 2886 24
486 2844 622 2887 etiam
644 2842 686 2886 V
710 2843 781 2887 ed.
867 2847 922 2886 26
954 2843 1110 2887 doctus
1133 2843 1175 2886 V
1205 2844 1337 2887 docta
1367 2847 1408 2886 ct
1438 2842 1506 2885 ed.
1602 2846 1657 2884 28
1688 2843 1796 2897 post
1827 2843 1927 2886 lau-

242 2902 372 2945 daret
402 2902 611 2957 sequitur
643 2915 760 2958 quae
789 2901 906 2946 solet
930 2901 1230 2957 subscriptio:
1270 2902 1420 2945 Tiberi
1443 2901 1613 2946 Claudi
1635 2901 1815 2945 Donati
1838 2903 1925 2945 etc.

242 2962 469 3005 Aeneidos
500 2962 612 3005 liber
644 2962 772 3006 VIII
798 2962 982 3017 explicit
1011 2962 1174 3016 incipit
1205 2961 1316 3004 liber
1346 2974 1495 3004 nonus
1523 2960 1727 3014 feliciter.
