2078 3260
245 219 352 274 592
718 217 951 262 DONATI
981 218 1046 262 IN
1048 217 1262 264 TERPR.
1288 217 1468 263 VERG.

245 358 467 407 sublatas
506 359 750 406 incertum
789 360 884 419 est,
931 358 1108 406 melius
1148 360 1223 407 est
1259 360 1428 406 tamen
1468 361 1524 407 ut
1560 374 1676 407 suas
1714 357 1938 421 rapuisse

245 434 296 480 et
343 432 571 481 hostibus
620 433 884 496 ingessisse
934 431 1176 480 videatur.
1252 433 1413 492 qualis
1460 434 1595 493 apud
1635 433 1784 494 qelidi
1830 447 1939 481 cum

243 507 454 565 flumina
492 507 702 554 concitus
739 507 898 554 Hebri
943 507 1243 567 sanquineus
1281 507 1490 554 Mavors
1535 507 1683 567 clipeo
1721 508 1941 568 increpat

245 583 386 640 atque
414 581 624 640 furentis
648 580 772 628 bella
801 593 997 627 movens
1027 581 1226 628 inmittit
1247 594 1414 640 equos:
1442 581 1518 628 illi
1541 595 1744 642 aequore
1775 584 1939 640 aperto

143 667 228 708 335
245 658 357 703 ante
394 657 528 702 notos
564 655 916 714 Zephyrumque
953 654 1138 710 volant,
1175 655 1321 715 qemit
1356 655 1529 703 ultima
1559 655 1714 715 pulsu
1746 655 1941 703 Thraca

238 728 421 788 pedum
451 729 722 787 circumque
753 731 890 776 atrae
919 728 1226 776 Formidinis
1257 743 1345 776 ora
1374 729 1581 789 Iraeque
1610 729 1938 789 Insidiaeque,

199 827 203 829 ·
245 803 323 851 dei
353 803 624 858 comitatae,
666 805 903 862 aqimtwr:
941 801 1381 864 quemadmodum,
1419 803 1606 866 inquit,
1645 803 1772 851 solet
1806 803 1939 852 Mars

151 886 153 888 ’
246 877 569 940 sanguineus,
615 892 715 924 non
759 877 866 938 ipse
912 877 1239 940 sanguineus,
1286 876 1372 925 sed
1409 893 1499 939 per
1545 893 1691 940 quem
1737 877 1940 941 sanguis

246 950 535 1012 effunditur,
567 951 726 998 omnis
759 951 891 998 enim
921 966 1093 1014 pugna
1118 950 1222 998 sine
1247 951 1487 1015 sanguine
1512 966 1616 999 esse
1638 966 1738 1000 non
1760 953 1940 1013 potest.

246 1025 380 1086 apud
410 1024 579 1086 Hebri,
616 1024 798 1087 inquit,
836 1024 1064 1072 flumina:
1102 1024 1209 1087 ipse
1240 1024 1419 1073 fluvius
1451 1024 1646 1074 Hebrus
1679 1025 1862 1073 dicitur
1892 1027 1943 1072 et

247 1098 373 1146 dixit
420 1098 577 1147 Hebri
625 1098 854 1160 flumina,
903 1100 962 1146 ut
1008 1099 1153 1146 illum
1207 1102 1450 1161 appareat
1501 1115 1591 1162 per
1642 1100 1804 1148 multa
1854 1115 1942 1148 ora

247 1173 445 1221 effundi.
523 1173 681 1235 clipeo
727 1174 975 1235 increpat3
1026 1174 1204 1235 strepit
1249 1172 1380 1221 enim
1426 1175 1625 1221 scutum
1663 1189 1776 1222 cum
1813 1173 1942 1221 forte

245 1249 511 1311 pugnatur,
544 1248 664 1310 quia
696 1262 990 1295 concussum
1022 1249 1179 1295 sonat.
1232 1248 1312 1295 vel
1344 1247 1759 1309 quemadmodum
1790 1262 1942 1309 equos

245 1321 456 1369 furentis
487 1321 621 1369 Mars
655 1321 867 1370 dimittit
897 1337 985 1384 per
1016 1337 1267 1384 campum,
1305 1321 1384 1369 illi
1421 1338 1539 1370 vero
1572 1324 1776 1386 accepta
1805 1324 1944 1384 pote-

247 1397 375 1444 state
409 1411 557 1444 cursu
587 1395 912 1458 praeveniunt
935 1397 1123 1457 ventos,
1162 1398 1296 1443 terra
1328 1397 1494 1444 autem
1526 1396 1727 1458 pulsata
1759 1396 1942 1444 crebris

245 1470 549 1533 ungularum
585 1470 767 1518 ictibus
815 1472 969 1534 gemit
1008 1472 1057 1518 et
1106 1469 1284 1518 ultima
1330 1470 1480 1532 pulsu
1529 1469 1711 1532 pedum
1752 1471 1945 1518 Thraca

248 1543 584 1593 contremiscit
621 1545 672 1591 et
707 1543 812 1592 illic
851 1544 955 1592 sine
994 1547 1130 1592 metu
1170 1546 1322 1605 atque
1360 1545 1436 1591 ira
1475 1544 1602 1591 nihil
1634 1552 1709 1592 est
1741 1559 1798 1593 ac
1838 1543 1942 1592 sine

246 1618 442 1666 insidiis
474 1617 613 1665 nihil.
676 1618 789 1666 talis
821 1632 962 1677 equos
995 1618 1157 1666 alacer
1186 1618 1349 1665 media
1378 1619 1503 1665 inter
1524 1618 1718 1677 proelia
1744 1619 1945 1666 Turnus

247 1693 486 1751 fumantis
523 1692 699 1739 sudore
737 1693 914 1751 quatit:
964 1691 1034 1740 sic
1073 1693 1122 1739 et
1160 1691 1354 1740 Turnus
1403 1691 1585 1755 agebat
1635 1707 1788 1754 equos
1828 1706 1943 1741 suos

248 1766 487 1814 fumantis
527 1783 585 1814 ex
616 1766 814 1827 sudore,
854 1768 912 1814 ut
943 1766 1113 1814 ardere
1143 1768 1440 1828 putarentur
1469 1767 1692 1814 interius.
1742 1767 1945 1814 misera-

250 1840 340 1887 bile
387 1841 539 1888 eaesis
585 1841 799 1888 hostibus
843 1841 1113 1888 insultans:
1165 1842 1332 1888 tantas
1381 1840 1565 1887 faciens
1613 1839 1783 1888 caedes
1832 1855 1945 1888 cum

248 1915 572 1962 insultatione
609 1915 778 1976 plena,
828 1917 887 1962 ut
933 1916 1072 1962 actus
1120 1915 1224 1962 eius
1273 1914 1376 1961 sine
1426 1915 1743 1962 miseratione
1787 1913 1946 1962 videri

148 1999 232 2040 340
249 2003 349 2035 non
379 1991 593 2050 possent.
648 1989 837 2049 sparqit
857 1989 1039 2048 rapida
1061 1988 1247 2048 unqula
1270 2002 1405 2035 rores
1427 1989 1744 2048 sanquineos:
1774 1987 1945 2035 nimie-

247 2063 407 2110 tatem
460 2063 559 2110 fusi
609 2062 865 2126 sanguinis
916 2062 1178 2124 expressit,
1239 2065 1298 2110 ut
1352 2063 1440 2124 qui
1498 2064 1745 2110 currentes
1801 2060 1947 2124 quasi

251 2135 493 2198 quosdam
516 2152 650 2184 rores
675 2136 973 2200 sanguineos
998 2139 1290 2200 spargerent
1311 2136 1512 2200 ungulis
1538 2136 1655 2184 suis.
1703 2136 1947 2194 mixtaque

252 2224 393 2258 eruor
431 2210 647 2257 calcatur
683 2211 894 2259 harena:
939 2210 1282 2259 diversitatem
1321 2211 1573 2272 quandam
1612 2210 1730 2258 fecit
1775 2210 1826 2257 in
1866 2209 1946 2258 de-

251 2285 519 2346 scriptione
551 2284 738 2346 copiosi
778 2286 1055 2348 sanguinis,
1094 2286 1151 2332 ut
1181 2299 1296 2346 pars
1329 2285 1432 2332 eius
1467 2299 1708 2346 equorum
1739 2283 1944 2345 pedibus

253 2358 313 2405 ad
343 2358 498 2406 vicem
528 2357 653 2406 roris
687 2361 1016 2421 spargeretur,
1046 2361 1354 2420 premeretur
1375 2359 1576 2421 ungulis
1602 2358 1773 2405 altera.
1822 2357 1947 2404 iam-

253 2447 341 2492 que
386 2433 491 2480 neci
535 2431 899 2491 Sthenelumque
949 2433 1079 2480 dedit
1118 2433 1509 2492 Thamyrumque
1545 2432 1854 2490 Pholumque.
1917 2445 1947 2478 a

255 2506 471 2569 generali
502 2505 829 2567 descriptione
862 2522 1114 2554 caesorum
1145 2506 1209 2554 ad
1237 2507 1500 2569 specialem
1531 2506 1799 2553 transitum
1829 2504 1948 2553 fecit

256 2579 522 2643 adsignans
573 2596 671 2628 uno
717 2579 770 2626 in
808 2580 916 2627 loco
955 2581 1047 2628 tris
1089 2580 1230 2628 datos
1277 2581 1407 2641 neci,
1460 2578 1767 2639 Sthenelum,
1818 2578 1946 2625 Tha-

254 2670 473 2715 myrum,
527 2653 753 2702 Pholum.
831 2654 964 2715 quod
1014 2656 1180 2702 autem
1229 2655 1380 2701 semel
1428 2654 1600 2716 posuit
1649 2652 1806 2712 dedit,
1856 2666 1945 2700 nos

376 2798 430 2837 10
470 2796 562 2850 ipsi
597 2794 638 2835 V
678 2808 790 2838 corr.
833 2794 903 2837 ed.
956 2794 960 2852 Ι
1012 2795 1162 2838 Heber
1201 2795 1272 2838 ed.
1405 2798 1457 2837 16
1484 2795 1626 2849 pulsu
1658 2806 1745 2836 om.
1771 2790 1813 2834 V
1838 2791 1945 2836 add.

257 2853 374 2897 edF.
436 2854 439 2910 1
516 2855 674 2898 trhaca
721 2853 757 2895 V
806 2854 1005 2898 Thracia
1051 2853 1121 2896 ed.
1256 2858 1309 2896 21
1358 2854 1533 2907 faciens
1571 2851 1613 2895 V
1659 2851 1828 2894 -ciebat
1875 2851 1945 2894 ed.

258 2917 313 2955 22
352 2914 450 2956 sine
485 2912 526 2955 V
564 2915 629 2956 sic
665 2927 699 2957 s.
741 2913 812 2956 ed.
951 2916 1005 2955 29
1049 2913 1360 2968 hamyrimque
1393 2911 1446 2954 V.
1500 2912 1503 2967 ξ
1547 2911 1856 2967 populumque
1890 2909 1945 2952 V.

258 2975 310 3013 31
347 2986 555 3028 amyrum
579 2971 632 3015 V.
730 2976 784 3015 32
813 2972 1034 3027 populum
1058 2970 1099 3013 V
1132 2971 1410 3027 Pholumque
1441 2970 1512 3014 ed.
1561 2971 1564 3027 l
1617 2974 1702 3013 tem
1724 2968 1766 3011 V
1798 2974 1948 3013 autem

260 3043 343 3073 nos
374 3035 553 3075 tantum
586 3031 656 3074 ed.

1974 1039 2016 1070 10

1965 1407 2018 1455 „15

1976 1779 2020 1811 20

1978 2147 2021 2180 25

1979 2516 2022 2549 30
