2050 3226
227 172 339 226 334
698 170 930 215 DONATI
959 171 1241 216 INTERPR.
1266 171 1448 216 VERG.

226 311 522 369 squalentem
568 326 691 359 auro
738 311 866 359 latiis
911 311 1078 359 haurit
1122 315 1366 371 apertwm:
1403 312 1502 361 fuit
1549 311 1751 376 quidem
1789 311 1916 360 diffi-

227 385 387 433 cultas
436 384 489 432 in
540 384 780 434 adeundis
830 384 1153 433 munimentis
1203 385 1331 447 eius,
1382 387 1467 434 sed
1517 387 1683 434 omnia
1731 387 1918 448 potiori

226 457 405 507 virtuti
443 461 707 507 cesserunt.
785 459 998 520 denique
1038 458 1250 521 probata
1300 462 1375 508 est
1423 460 1666 509 fortitudo
1717 475 1916 524 congre-

226 531 429 581 dientis:
460 549 559 580 non
591 549 703 581 eum
733 532 924 581 eminus
957 533 1140 596 sagitta
1169 534 1414 595 percussit
1445 537 1535 582 aut
1563 534 1752 596 iaculo,
1785 533 1918 597 quod

225 607 417 655 faciunt
468 608 552 669 qui
601 606 874 654 formidant
922 607 1080 656 hostis
1133 622 1406 668 accessum,
1450 624 1528 657 res
1568 607 1736 672 gladio
1776 612 1918 672 gesta
1970 620 1990 655 5

226 682 302 729 est
345 682 490 729 tanta
533 680 715 729 fiducia
762 683 812 728 et
857 680 1122 729 securitate
1167 682 1411 743 ferientis,
1458 684 1518 730 ut
1561 684 1709 746 rupto
1756 682 1916 730 muni—

224 757 392 803 mento
440 755 597 803 aerati
642 756 852 803 vestitus
899 754 1075 817 plenus
1121 755 1246 804 ictus
1294 772 1383 818 per
1418 757 1672 805 temerarii
1701 756 1917 805 hominis

122 838 208 878 315
225 829 359 877 latus
398 829 589 878 exisset.
665 829 802 890 inde,
839 829 934 877 hoc
972 831 1049 878 est
1087 829 1284 892 deinde,
1323 831 1518 878 Lichan
1554 831 1670 890 ferit
1708 833 1919 878 exectusm

155 926 158 929 ·
224 903 330 951 iam
367 906 521 950 matre
552 907 805 964 perempta
844 906 887 951 et
923 904 1023 960 tibi,
1062 903 1260 960 Phoebe,
1300 919 1510 960 sacrum,
1543 919 1687 953 casas
1718 905 1919 952 evadere
1987 969 1989 972 Ι

223 977 346 1036 ferri
385 977 511 1036 qaod
550 977 685 1024 licuit
716 992 898 1038 parvo:
947 981 1153 1040 propter
1190 978 1576 1041 descriptionum
1623 979 1919 1027 varietatem
1950 981 2005 1025 10*

225 1053 275 1099 et
323 1050 580 1099 fastidium
628 1051 839 1115 legentis
889 1051 1163 1100 mittuntur
1212 1052 1413 1100 fabulae
1463 1068 1563 1101 non
1616 1053 1918 1101 necessariae

225 1124 547 1187 descriptioni
577 1125 710 1173 belli.
766 1125 888 1174 dicit
927 1126 1058 1174 enim
1099 1126 1346 1190 quomodo
1384 1127 1480 1175 iste
1519 1128 1668 1175 natus
1709 1126 1796 1188 sit,
1827 1143 1917 1174 nu·

223 1198 373 1247 tritus
406 1200 665 1261 quomodo.
712 1201 887 1261 istum,
918 1200 1107 1263 inquit,
1139 1216 1239 1249 non
1270 1200 1429 1249 edidit
1457 1200 1719 1249 incolumis
1743 1202 1918 1262 mater,

226 1273 310 1321 sed
347 1274 459 1336 ipsa
499 1275 660 1322 occisa
699 1277 893 1323 exectus
934 1276 1072 1323 venit
1109 1275 1162 1322 in
1201 1276 1364 1323 lucem
1403 1276 1814 1338 consecratusque
1845 1277 1920 1323 est

223 1347 438 1409 Phoebo,
462 1349 520 1396 ut
551 1348 838 1397 adiumento
868 1350 1086 1397 numinis
1117 1350 1171 1396 in
1201 1350 1461 1398 iuventam
1490 1349 1699 1411 produci
1727 1350 1918 1412 potuis·
1951 1357 1995 1393 1⁵
2008 1348 2012 1355 ’

224 1424 320 1483 set,
367 1422 454 1470 sed
500 1437 613 1470 cum
659 1422 723 1470 ad
769 1422 971 1471 Aenean
1009 1424 1227 1472 venisset
1268 1425 1582 1472 consecratus
1623 1425 1674 1471 et
1709 1424 1919 1484 iuvenis,

225 1495 452 1544 concidit.
513 1497 686 1559 itaque
723 1497 833 1559 ille,
873 1498 952 1545 cui
989 1513 1145 1559 parvo
1184 1498 1329 1546 licuit
1366 1497 1487 1545 ferri
1521 1512 1664 1546 casus
1697 1496 1918 1558 evadere,

225 1569 414 1618 scilicet
467 1586 578 1618 cum
629 1571 805 1620 matris
860 1571 1097 1620 exanimis
1151 1574 1292 1620 utero
1347 1573 1655 1634 promeretur
1707 1573 1918 1632 exectuS‚

224 1644 483 1693 fortissimi
534 1645 697 1694 herois
750 1646 937 1694 ferrum
988 1645 1090 1693 iam
1143 1645 1335 1694 iuvenis
1379 1645 1539 1694 vitare
1587 1661 1686 1693 non
1735 1646 1916 1708 potuit.
2049 1697 2050 1704 χ

224 1718 316 1766 hoc
366 1719 474 1768 loco
525 1718 600 1768 vis
651 1720 869 1767 fatorum
920 1736 977 1768 ex
1024 1722 1196 1783 aperto
1243 1722 1574 1768 monstratur:
1612 1718 1918 1768 medicorum
1948 1706 2021 1762 20⁴*

224 1792 410 1840 ferrum
441 1792 562 1855 quid
591 1794 747 1842 istum
776 1794 967 1856 profuit
997 1793 1247 1843 evasisse?
1289 1793 1411 1857 quid
1441 1793 1730 1856 Apollinem
1759 1793 1917 1842 habu·

222 1866 320 1914 isse
369 1867 677 1930 propitium?
726 1868 918 1916 iuvenis
968 1867 1161 1916 interiit
1211 1869 1296 1930 qui
1350 1868 1571 1917 nondum
1617 1870 1765 1916 natus
1818 1883 1917 1915 non

223 1941 392 2002 potuit
439 1942 600 2004 perire
650 1958 762 1990 cum
810 1944 985 1991 matre.
1071 1957 1158 1990 nec
1208 1943 1344 2003 lonye
1395 1941 1565 1990 Cissea
1615 1942 1794 1990 durum
1843 1943 1917 1989 in-

223 2029 507 2075 manemque
548 2015 694 2076 Gyan
731 2017 986 2064 sternentis
1029 2017 1231 2077 aomina
1277 2017 1418 2065 clava
1456 2016 1624 2064 deiecit
1661 2016 1772 2064 leto:
1817 2031 1916 2063 non

224 2088 393 2152 longe,
439 2090 626 2151 inquit,
676 2105 706 2137 a
744 2089 942 2153 Lychae
990 2090 1160 2139 funere
1207 2090 1383 2139 deiecit
1424 2089 1646 2138 Cisseum
1685 2091 1736 2138 et
1773 2088 1917 2152 Gyan
1946 2099 1989 2132 2⁵

225 2162 367 2211 clava
404 2163 674 2227 pugnantis
713 2167 762 2212 et
801 2165 886 2227 qui
922 2164 1023 2212 iam
1062 2165 1302 2227 plurimos
1341 2165 1741 2227 prostravissent.
1795 2163 1918 2211 nihil

121 2244 206 2284 320
224 2237 332 2284 illos
377 2237 608 2285 Herculis
654 2253 797 2286 arma
840 2252 930 2287 nec
972 2239 1168 2287 validae
1212 2240 1376 2286 iuvere
1419 2252 1600 2286 manus
1640 2237 1917 2298 yenitorque

223 2311 527 2371 Melampus,
568 2310 774 2360 Alcidae
813 2327 966 2360 comes
1002 2327 1174 2373 usque,
1210 2314 1381 2373 yravis
1419 2313 1536 2360 dwm
1566 2314 1697 2360 terra
1729 2311 1916 2359 labores

217 2386 470 2445 praebuit:
501 2401 652 2448 supra
683 2385 808 2434 dixit
831 2386 1027 2448 Lychae
1052 2402 1152 2435 non
1175 2388 1423 2450 profuisse
1446 2385 1695 2448 Apollinis
1719 2401 1915 2446 numen,

346 2517 367 2555 1
401 2513 580 2568 quidem
602 2511 645 2555 R
675 2509 862 2567 quidam
885 2511 1018 2557 VHO
1051 2512 1244 2569 quedam
1268 2512 1309 2556 U
1340 2513 1560 2569 quaedam
1592 2511 1663 2556 ed.
1775 2516 1800 2554 2
1833 2512 1915 2555 ad-

224 2571 386 2614 ewndis
418 2570 504 2614 VR
537 2571 835 2627 perforandis
876 2571 947 2615 ed.
1070 2576 1097 2615 5
1136 2572 1401 2616 dormidant
1432 2570 1487 2614 V.
1532 2573 1536 2629 Ι
1587 2584 1822 2615 accensum
1859 2570 1914 2614 R.

224 2633 251 2671 8
283 2629 407 2674 lican
429 2629 526 2673 VR.
613 2634 638 2672 9
671 2635 714 2674 et
742 2631 809 2674 ibi
831 2630 872 2673 R
903 2636 943 2675 et
973 2632 1054 2675 ubi
1075 2630 1131 2676 V.
1219 2635 1273 2674 10
1305 2631 1424 2687 quod
1442 2629 1526 2673 VR
1550 2629 1623 2674 ed.
1648 2631 1757 2674 cui?
1790 2629 1915 2685 quod

223 2687 415 2744 interpr.
442 2689 588 2733 habet
619 2689 676 2732 cf.
704 2688 825 2734 Serv.
921 2695 973 2733 11
1009 2691 1252 2734 mittuntur
1275 2689 1359 2733 VR
1388 2690 1697 2734 immittuntur
1720 2688 1808 2744 ed„
1833 2688 1915 2732 sed

225 2747 283 2790 cf.
308 2747 402 2791 ind.
421 2748 442 2790 I
466 2748 551 2792 sub
575 2748 775 2792 mittere.
863 2753 916 2791 12
941 2749 1255 2794 describtionis
1270 2748 1368 2792 VR.
1447 2752 1502 2792 13
1525 2749 1679 2804 inquit
1699 2749 1836 2792 istum
1858 2747 1912 2790 R.

226 2809 280 2848 15
304 2808 503 2852 nominis
527 2806 623 2852 VR.
708 2811 763 2850 1⁷
787 2808 986 2852 concidit
1001 2807 1084 2851 VR
1107 2809 1293 2852 decessit
1316 2808 1387 2852 ed.
1474 2811 1529 2850 18
1553 2812 1681 2851 utero
1697 2807 1917 2863 promerit

216 2867 494 2920 promeritum
521 2871 673 2911 execta
694 2866 781 2910 VR
809 2871 936 2911 utero
967 2873 1143 2911 exectus
1173 2872 1283 2912 esset
1313 2867 1384 2911 ed.
1476 2870 1534 2909 20
1565 2871 1607 2910 et
1636 2871 1793 2922 aperto
1815 2864 1911 2909 VR.

225 2929 280 2967 24
311 2938 458 2982 yyans
489 2930 700 2970 terrentes
724 2924 820 2969 VR.
870 2926 874 2984 Ι
924 2926 1082 2970 deiecti
1112 2927 1199 2971 leto
1222 2925 1318 2969 VR.
1441 2929 1496 2969 25
1533 2925 1691 2969 deiecit
1721 2938 1914 2970 essecum

223 2982 308 3027 VR
338 2984 422 3028 dei.
456 2986 590 3029 morti
621 2985 775 3030 Cissea
806 2983 878 3028 ed.
1001 2989 1056 3028 29
1085 2985 1335 3041 profuisset
1356 2983 1451 3027 VR.
