2050 3226
759 211 1060 256 AENEmos
1084 211 1172 256 vn
1738 217 1811 269 49

121 368 211 415 que
257 354 528 414 marisque:
582 351 820 416 quicquid
875 352 929 400 in
975 352 1304 401 Troianorum
1356 367 1525 401 necem
1573 352 1710 401 mitti
1755 354 1814 402 de

121 428 247 477 caeli
306 427 534 490 partibus
596 426 784 490 potuit,
845 425 1085 490 quicquid
1145 425 1205 474 de
1265 425 1498 476 fluctibus
1558 427 1816 489 procurari
1888 482 1898 489 .‚

119 502 309 551 factum
354 505 431 552 est
474 503 639 550 totum
676 503 939 563 totumque
983 500 1296 549 frustratum.
1374 501 1493 560 quid
1527 499 1692 562 Syrtes
1730 505 1816 549 aut

118 576 283 638 Scylla
318 577 452 632 mihi,
492 575 611 636 quid
647 578 790 624 vasta
839 573 1110 636 Charybdis
1145 575 1372 635 profuit?
1449 575 1648 638 quaerit
1693 574 1816 638 quid

16 643 21 710 j
69 661 90 696 ⁶
118 651 244 699 mihi
273 650 570 714 profuerunt
601 648 806 712 Syrtes?
868 649 991 712 quid
1027 648 1195 712 Scylla
1225 649 1306 698 vel
1336 651 1482 698 vasta
1507 648 1815 712 Charybdis?

118 727 286 786 vasta,
335 725 428 773 hoc
467 727 542 772 est
580 739 751 785 saeva,
800 724 853 771 in
901 739 1054 786 quam
1091 740 1170 771 me
1208 723 1467 772 laborante
1508 725 1705 773 constat
1741 723 1815 771 in-

118 802 306 862 pactos,
365 799 460 847 hoc
489 797 846 861 interrogantis
879 799 976 859 est,
1023 812 1132 846 ecce
1170 798 1282 861 ipsa
1319 798 1607 861 respondett
1656 801 1816 859 optato

119 873 394 922 conduntur
448 872 709 934 Thybridis
756 872 890 920 alveo
935 873 1094 920 securi
1131 872 1301 933 pelayi
1347 875 1489 932 atque
1531 873 1641 920 mei.
1723 887 1815 936 ego

117 947 219 996 illis
265 946 576 996 inevitabilia
624 946 801 1007 obieci,
847 946 936 994 illa
982 962 1065 995 eos
1114 946 1179 994 ad
1221 948 1396 1010 optata
1442 946 1710 1007 duxerunt,
1762 947 1817 994 in

45 1033 88 1066 ιο
117 1023 318 1070 tantum
377 1023 435 1069 ut
495 1020 705 1069 ulterius
767 1036 857 1068 nec
916 1037 994 1068 me
1047 1021 1261 1069 timeant
1320 1036 1411 1069 nec
1455 1021 1617 1070 minas
1674 1021 1817 1084 ponti

118 1095 399 1144 formident.
475 1111 564 1158 per
604 1094 888 1143 istiusmodi
935 1095 1344 1157 conparationem
1391 1094 1610 1143 ostendit
1647 1110 1816 1143 cumu-

23 1223 25 1226 Α
117 1170 223 1218 lum
263 1169 448 1218 doloris
488 1171 587 1229 sui,
627 1185 740 1217 cum
773 1171 994 1217 cerneret
1029 1169 1258 1217 inimicos
1298 1184 1412 1217 suos
1453 1169 1700 1232 superatis
1739 1170 1818 1218 tot

119 1243 489 1293 discriminibus
520 1244 728 1292 terrenis
759 1259 817 1292 ac
849 1243 1017 1307 pelagi
1048 1242 1245 1291 defendi
1274 1243 1570 1305 placiditate
1597 1242 1816 1291 fluminis

0 1370 6 1373 A
119 1321 170 1366 et
221 1318 353 1382 regis
409 1317 646 1366 amicitia.
728 1318 879 1366 Mars
926 1317 1128 1377 perdere
1173 1321 1361 1379 yentem
1408 1318 1658 1371 inmanem
1714 1317 1818 1365 La·
1835 1325 1921 1366 305

45 1404 86 1437 ιε
108 1393 304 1452 pithwm
341 1393 518 1448 valuit,
560 1393 790 1440 concessit
817 1393 872 1439 in
902 1392 1009 1439 iras
1038 1393 1144 1452 ‘lpse
1174 1392 1318 1439 deam
1350 1392 1605 1451 antiquam
1631 1392 1819 1452 yenitor

120 1465 374 1528 Calydona
426 1467 649 1522 Dianae,
705 1466 831 1525 qnod
872 1466 1028 1514 scelus
1074 1469 1160 1514 aut
1198 1466 1444 1526 Lapithas
1490 1469 1680 1514 tantam
1733 1469 1820 1514 aut

119 1538 374 1602 Calydona
411 1541 702 1588 merentem?
777 1556 913 1589 more
953 1555 1043 1588 suo
1085 1535 1159 1606 (1,
1187 1533 1282 1606 37)
1323 1539 1386 1588 ab
1426 1540 1663 1602 exemplis
1697 1556 1818 1602 quo-

118 1630 214 1678 que
251 1615 352 1663 iras
392 1629 508 1663 suas
548 1613 773 1663 accendit
810 1616 861 1663 et
891 1613 1086 1663 inducit
1113 1615 1329 1663 minores
1361 1614 1478 1662 deos
1510 1613 1574 1663 ad
1602 1615 1806 1677 plenum

117 1704 168 1737 se
222 1687 513 1737 defendisse.
597 1691 748 1752 atque
808 1691 867 1738 ut
925 1689 1019 1736 hoc
1077 1688 1278 1752 gravius
1338 1689 1550 1748 faceret,
1612 1687 1806 1737 addidit

43 1776 86 1808 2⁰
118 1763 525 1826 conparationem
581 1779 611 1811 a
662 1778 876 1825 persona
937 1778 1030 1811 sua
1092 1762 1257 1811 dicens
1328 1767 1406 1811 ast
1467 1777 1570 1824 eqo,
1632 1776 1819 1824 mayna

117 1837 254 1885 Iovis
300 1838 531 1893 coniunx,
587 1837 660 1884 nil
714 1837 930 1897 linquere
981 1838 1218 1885 inausum
1271 1851 1396 1896 quae
1433 1838 1575 1897 potui
1626 1837 1815 1897 infelix,

119 1925 242 1970 quae
279 1914 449 1958 ‘memet
484 1912 539 1958 in
576 1912 742 1959 omnia
779 1912 922 1967 verti,
962 1912 1130 1959 vincor
1165 1912 1227 1959 ab
1258 1909 1454 1960 Aenea:
1492 1914 1542 1960 et
1578 1927 1815 1974 personas
1834 1921 1920 1961 310

119 1987 170 2033 et
209 1984 391 2033 delicta
429 1987 670 2047 conparat
709 1987 759 2033 et
796 2001 978 2050 genera
1016 1985 1246 2034 ultionis:
1289 2001 1339 2034 se
1388 1988 1630 2048 conparat
1666 1985 1818 2034 Marti

119 2061 170 2106 et
207 2059 400 2107 Dianae
437 2058 659 2121 itemque
700 2074 781 2108 eos
826 2060 915 2123 qui
960 2061 1199 2122 utrosque
1246 2059 1362 2108 deos
1412 2059 1718 2108 offenderant
1768 2062 1817 2108 et

44 2145 87 2178 25
119 2132 449 2181 Troianorum
509 2148 795 2195 personam,
862 2133 1063 2181 illorum
1124 2133 1315 2181 factum
1376 2136 1425 2181 et
1486 2135 1816 2183 Troianorum

120 2222 345 2269 causam,
384 2222 596 2269 poenam
634 2222 832 2269 quoque
872 2223 1023 2270 quam
1060 2208 1195 2257 Mars
1235 2210 1285 2255 et
1322 2207 1488 2256 Diana
1532 2208 1817 2256 inflixerant

120 2281 312 2330 confert
357 2297 468 2329 cum
519 2281 780 2329 conatibus
827 2281 952 2343 suis,
1006 2283 1059 2329 in
1114 2282 1277 2330 alieno
1331 2282 1533 2346 negotio
1579 2283 1815 2332 leviorem

118 2355 243 2403 facit
303 2355 701 2417 delinquentium
762 2370 990 2416 causam,
1051 2356 1105 2403 in
1159 2371 1249 2404 suo
1313 2356 1612 2420 graviorem,
1675 2357 1814 2417 alios,

120 2445 233 2477 cum
269 2429 623 2490 irascerentur,
668 2429 882 2492 inplesse
921 2429 1215 2491 vindictam,
1254 2444 1305 2478 se
1342 2446 1443 2478 non
1480 2433 1677 2479 tantum
1715 2445 1814 2477 non

46 2514 89 2546 ³0
118 2503 340 2566 potuisse
386 2519 558 2551 verum
606 2503 756 2551 etiam
805 2505 1101 2566 superatam.
1179 2504 1351 2553 vincor
1401 2503 1463 2552 ab
1508 2503 1699 2565 Aenea,
1751 2504 1812 2552 ab

120 2593 220 2625 uno
261 2577 473 2641 scilicet,
511 2580 560 2626 et
597 2594 688 2640 pro
739 2578 902 2626 animo
949 2578 1181 2626 inimicae
1220 2577 1571 2642 intellegamus
1620 2578 1681 2627 ab
1727 2578 1812 2625 ho-

240 2737 266 2775 3
297 2738 440 2777 totum
463 2738 690 2789 totumque
714 2731 754 2774 V
783 2738 924 2776 totum
955 2746 1042 2776 om.
1070 2732 1212 2777 HOU
1238 2733 1309 2777 ed
1347 2735 1351 2791 Ι
1387 2739 1440 2778 ut
1461 2734 1650 2790 scyllam
1672 2733 1741 2776 hii
1756 2731 1809 2776 V.

120 2796 148 2834 4
179 2798 369 2847 quaerat
393 2792 615 2848 quidquid
638 2793 751 2835 mihe
773 2791 816 2834 V
840 2793 1020 2847 quaerit
1049 2805 1132 2835 nos
1164 2794 1275 2848 quid
1298 2793 1369 2837 ed.
1463 2798 1489 2836 6
1524 2807 1572 2835 m
1595 2806 1754 2847 quame
1770 2791 1812 2835 V

119 2851 172 2893 in
209 2864 300 2908 qua
337 2865 406 2894 me
445 2851 515 2895 ed.
641 2856 695 2895 16
735 2856 777 2895 et
806 2851 1022 2906 Lapithis
1055 2857 1235 2895 tantum
1270 2857 1354 2895 aut
1385 2851 1611 2896 Calidona
1641 2865 1811 2895 ‘meren-

120 2913 207 2952 tem
238 2908 293 2953 V.
326 2910 367 2952 si
398 2910 514 2954 Don.
548 2910 788 2967 Calydona
825 2915 1059 2954 merentem
1097 2910 1235 2967 legit,
1275 2916 1359 2954 aut
1393 2911 1620 2965 Lapithas
1658 2923 1810 2953 emen-

122 2966 327 3011 dandum
366 2971 459 3022 est,
499 2969 823 3024 interpretatio
864 2968 922 3011 de
960 2967 1159 3012 lectione
1191 2969 1311 3012 nihil
1342 2969 1489 3012 docet.
1615 2974 1669 3012 22
1706 2984 1809 3025 per-

121 3027 245 3071 sonis
274 3026 316 3070 V
349 3041 462 3071 corr.
496 3028 567 3071 ed.
690 3032 744 3071 23
779 3033 819 3072 et
848 3041 1080 3084 yenera—
1096 3033 1318 3084 conparat
1350 3042 1436 3071 om.
1471 3027 1543 3072 ed.

217 3115 315 3148 Don.
333 3115 492 3155 interpr.
508 3116 621 3156 Verg.
646 3116 722 3149 vol.
740 3116 791 3148 11.
1530 3120 1557 3158 4
