2078 3260
798 223 1100 269 AENEmos
1132 223 1217 268 ΧΠ
1747 227 1855 281 629

163 380 355 428 campo:
393 362 585 427 Teucri,
615 366 796 428 inquit,
820 363 947 413 nihil
978 363 1151 413 dantes
1181 362 1438 429 religionis
1469 363 1547 412 illi
1577 365 1714 428 ligno
1748 365 1857 414 abs·

162 440 370 490 cidendo
395 442 697 489 curaverunt
718 455 780 488 ne
803 442 932 489 esset
950 438 1246 503 pugnaturis
1262 438 1614 501 inpediment0.
1646 454 1857 500 sacrum,

160 515 348 578 inquit,
397 514 604 577 stirpem
650 530 827 578 genere
869 513 1124 576 proferens
1170 513 1446 562 masculino
1492 528 1583 561 nec
1619 513 1711 560 hoc
1749 514 1857 562 loco

161 591 376 650 tantum,
399 588 486 637 sed
510 589 753 651 plurimis.
807 587 1020 650 protulit
1050 590 1100 635 et
1129 587 1383 648 feminino,
1415 586 1514 648 sed,
1545 589 1604 635 ut
1635 589 1859 650 apparet,

111 676 130 709 5
160 663 419 712 hominum
441 663 647 725 stirpem
669 662 907 710 feminino
932 677 1124 726 genere,
1146 662 1398 726 lignorum
1421 677 1537 710 vero
1561 661 1860 723 masculin03

161 739 236 787 ait
273 738 406 786 enim
445 730 518 804 (3,
546 730 676 803 326)
722 736 928 799 „stirpis
968 735 1223 784 Achilleae
1262 734 1460 785 fastus“
1499 739 1550 784 et
1588 731 1699 802 (12,
1728 729 1858 802 166)

160 813 451 873 „Romanae
492 810 661 873 stirpis
702 809 879 874 origo“
930 812 981 858 et
1025 804 1100 876 (7,
1127 805 1259 875 579)
1307 809 1550 873 „stirpem
1600 810 1861 858 admisceri

159 885 432 950 Phrygiam
442 884 485 947 “,
516 886 598 933 hic
628 885 902 934 masculino
926 883 1058 932 unde
1084 885 1231 932 arbor
1255 883 1448 933 abscisa
1472 886 1561 933 est.
1614 884 1691 932 hic
1716 879 1860 932 kasta

159 953 372 1008 Aeneae>
393 961 578 1008 stabat:
621 961 768 1007 antea
806 974 895 1007 nec
931 958 1136 1007 missam
1175 958 1302 1007 dixit
1339 974 1428 1007 nec
1466 959 1603 1023 ligno
1641 958 1859 1006 infixam.

88 1051 130 1083 10
159 1035 253 1083 huc
283 1035 490 1095 impetus
512 1034 652 1082 illam
675 1033 922 1090 detulerat,
953 1034 1108 1092 fixam
1140 1033 1269 1081 lenta
1298 1033 1464 1081 radice
1485 1034 1696 1081 tenebat:
1725 1034 1860 1081 tene-

159 1109 329 1170 batur,
367 1107 553 1170 inquit,
591 1108 738 1156 hasta
768 1107 963 1155 Aeneae
1002 1107 1253 1170 praecisae
1291 1107 1431 1155 illius
1462 1107 1651 1155 arboris
1690 1122 1862 1156 morsu

162 1198 261 1245 quo
300 1182 442 1231 illam
481 1183 557 1231 vis
596 1181 844 1230 detulerat
882 1183 932 1229 et
969 1182 1169 1230 volatus
1207 1182 1466 1229 incertum.
1530 1181 1657 1229 dixit
1694 1183 1862 1230 autem

162 1272 364 1305 causam
401 1258 607 1319 propter
646 1272 794 1318 quam
832 1255 902 1304 sic
932 1255 1214 1316 tenebatur,
1253 1257 1313 1303 ut
1351 1255 1495 1303 educi
1531 1272 1631 1304 non
1669 1257 1859 1318 posset3

162 1331 221 1379 de
260 1346 453 1380 summo
494 1331 626 1378 enim
664 1346 778 1379 cum
814 1345 997 1394 magno
1035 1331 1238 1378 veniens
1276 1329 1491 1392 pondere
1523 1329 1660 1394 ligno
1700 1329 1863 1377 adhuc

88 1420 130 1452 15
162 1406 309 1454 viridi
345 1407 396 1452 et
425 1404 568 1453 molli
597 1405 912 1453 vehementer
941 1403 1129 1452 inserta
1160 1406 1235 1452 est
1266 1406 1317 1452 et
1347 1405 1550 1466 excepta
1580 1403 1864 1466 penetravit

161 1481 350 1528 lentam
394 1478 634 1540 radicem,
680 1477 807 1526 dixit
850 1478 1072 1539 mollem,
1124 1478 1244 1540 quia
1281 1494 1448 1527 recens
1495 1479 1602 1526 eius
1650 1477 1860 1527 abscisio

161 1553 275 1602 fuit.
327 1554 548 1602 incubuit
576 1553 817 1612 voluitque
846 1567 1000 1600 manu
1024 1553 1283 1600 convellere
1305 1554 1494 1612 ferrum
1516 1553 1862 1601 Dardanides:
1880 1561 1965 1601 '¹175

162 1627 368 1676 dimisso
414 1627 671 1690 paulisper
709 1642 853 1675 cursu
893 1642 992 1689 quo
1033 1627 1257 1674 Turnum
1301 1625 1657 1688 insequebatur
1700 1626 1864 1675 voluit

161 1702 357 1750 Aeneas
394 1702 592 1750 hastam
631 1700 854 1749 eximere.
911 1700 1095 1749 dicitur
1134 1716 1310 1763 quare:
1349 1701 1529 1760 teloque
1558 1701 1696 1760 sequi
1725 1714 1865 1761 quem

89 1791 132 1823 20
156 1776 395 1837 prendere
446 1790 594 1824 eursu
642 1790 742 1823 non
782 1778 999 1836 poterat:
1050 1776 1111 1823 ut
1162 1774 1379 1823 volucris
1428 1776 1558 1823 ictus
1609 1774 1864 1823 celeritate

163 1852 452 1912 sequeretur
491 1866 637 1912 quem
675 1865 733 1898 ex
772 1865 922 1898 causa
959 1848 1178 1897 vulneris
1216 1849 1468 1912 inpeditus
1500 1864 1650 1897 cursu
1679 1848 1864 1911 pedum

163 1926 329 1972 tenere
360 1940 460 1972 non
484 1926 695 1987 poterat.
740 1927 841 1971 turn
871 1938 982 1971 vero
1014 1937 1183 1972 amens
1212 1923 1475 1983 formidine
1500 1923 1726 1971 Turnus:
1754 1925 1864 1971 tum

163 2014 302 2059 vero,
351 2000 460 2046 tum
504 1998 665 2062 magis
712 1998 978 2046 exterritus
1019 1998 1216 2046 Turnus
1266 1999 1415 2059 atque
1462 2012 1632 2046 amens
1678 1998 1864 2060 factus3

162 2072 478 2121 intellexerat
497 2073 628 2120 enim
653 2071 773 2134 quid
798 2071 891 2120 sibi
906 2074 1182 2134 pararetur.
1213 2071 1405 2128 Faune,
1416 2085 1604 2131 precor,
1621 2072 1862 2127 miserere,

90 2160 132 2193 25
163 2147 339 2207 inquit,
388 2150 531 2206 tuque
568 2147 749 2206 optima
787 2146 996 2205 ferrum,
1039 2147 1217 2202 Terra,
1265 2149 1390 2202 tene,
1438 2146 1564 2194 eobui
1600 2149 1783 2194 vestros
1819 2146 1866 2194 si

163 2235 350 2281 semper
379 2221 601 2276 honores,
635 2234 752 2279 quos
784 2223 951 2268 eontra
977 2217 1241 2268 Aeneadae
1272 2220 1390 2268 bello
1420 2221 1574 2280 fecere
1596 2222 1865 2280 profanos:

162 2294 299 2343 iusta
322 2310 418 2343 vox
440 2311 530 2357 pro
555 2309 766 2356 persona
795 2294 1067 2356 loquenti83
1099 2295 1173 2342 ait
1204 2294 1335 2342 enim
1357 2294 1526 2342 Faune
1551 2296 1602 2342 et
1629 2307 1862 2356 praesens

164 2369 345 2430 Terra,
383 2369 686 2416 miseremini
725 2368 928 2416 cultoris
967 2369 1123 2417 vestri
1161 2371 1335 2417 contra
1374 2384 1455 2417 eos
1489 2367 1577 2431 qui
1615 2382 1702 2416 vos
1743 2382 1862 2430 quo-

166 2459 261 2504 que
308 2441 622 2491 crediderunt
669 2442 800 2490 bello
851 2457 954 2491 esse
1005 2442 1307 2505 adpetendos
1359 2445 1409 2490 et
1459 2442 1620 2490 cultus
1671 2443 1862 2490 vestros

91 2530 134 2562 30
166 2518 278 2565 ausi
316 2519 432 2565 sunt
462 2517 740 2579 profanare.
791 2531 879 2578 per
910 2516 1216 2565 occasionem
1246 2517 1531 2565 certaminis
1571 2517 1729 2564 nostri
1762 2531 1862 2564 non

164 2590 373 2653 recipiat
387 2591 580 2639 Aeneas
598 2591 783 2638 ferrum
807 2605 895 2638 nec
919 2591 1115 2639 sinatur
1138 2591 1395 2639 excludere
1421 2589 1555 2653 quod
1578 2589 1630 2636 in
1656 2588 1863 2637 exitium

164 2666 319 2714 vestri
358 2665 560 2713 cultoris
599 2664 895 2727 intorqueat.
949 2665 1072 2713 dixit
1109 2679 1335 2726 opemque
1377 2664 1454 2712 dei
1491 2678 1590 2711 non
1629 2677 1771 2711 cassa
1808 2663 1863 2711 in
1881 2671 1966 2711 780

286 2811 309 2849 1
344 2805 648 2850 abscindendo
678 2805 750 2850 ed.
851 2809 877 2849 8
909 2807 1110 2850 abscissa
1141 2805 1212 2849 ed.
1315 2810 1339 2848 9
1372 2818 1453 2849 nee
1483 2806 1667 2849 missam
1700 2805 1864 2847 contra

166 2869 317 2909 v.711
350 2864 393 2908 V
430 2879 512 2909 nee
550 2878 639 2908 om.
676 2864 748 2908 ed.
878 2869 933 2909 10
973 2867 1097 2910 lenta
1130 2864 1172 2907 V
1211 2867 1264 2908 ut
1302 2863 1502 2921 MVerg.
1546 2868 1589 2908 et
1626 2864 1750 2907 lenta
1789 2862 1861 2907 ed.

169 2928 222 2966 12
254 2926 476 2969 incertum
502 2923 541 2967 V
571 2925 771 2968 incertus
801 2923 874 2968 ed.
1003 2928 1058 2967 16
1103 2925 1316 2968 abscissio
1358 2923 1430 2967 ed.
1561 2926 1614 2965 21
1661 2922 1864 2967 vulneris

168 2996 256 3026 om.
301 2983 416 3028 edF.
470 2983 474 3041 ξ
524 2983 685 3039 pedem
724 2982 767 3026 V
809 2982 946 3039 pedes
990 2983 1062 3027 ed.
1207 2986 1262 3026 28
1309 2983 1514 3027 miserere
1559 2982 1864 3026 minieultoris

166 3043 302 3086 vestri
320 3041 362 3085 V
392 3043 619 3096 miserere,
651 3042 820 3086 omisso
852 3043 1039 3087 cultoris
1069 3043 1206 3087 vestri
1236 3042 1308 3086 ed.
1410 3045 1465 3085 32
1497 3045 1760 3096 extorqueat
1790 3040 1860 3084 ed.
