2050 3226
816 117 1121 163 AENEIDOS
1152 118 1195 162 X
1367 124 1370 126 ’
1743 121 1847 175 311

161 258 474 309 Mnestheum
503 257 731 307 laudavit
761 274 820 307 ex
850 259 983 307 facto
1014 257 1237 307 virtutis:
1277 256 1450 321 Capyn
1481 274 1597 307 vero
1623 274 1652 307 a
1674 260 1852 309 merito

163 333 397 382 civitatis,
1006 356 1009 358 ·

278 406 368 454 Illi
411 407 538 453 inter
581 420 684 454 sese
729 406 844 454 dari
890 407 1157 455 certamina
1189 406 1299 454 belli
1329 406 1650 463 contulerant,
1690 407 1852 455 media

30 523 37 546 ‚4
160 479 355 528 Aeneas
376 482 505 540 freta
535 483 668 528 nocte
697 482 915 528 secabat:
943 480 1045 529 ilh‘s
1076 481 1209 529 inter
1238 495 1289 528 se
1322 479 1626 528 certantibus
1657 479 1850 528 Aeneas

53 585 63 613 .·
84 578 99 593 r.
159 556 211 602 in
250 555 352 603 otio
389 569 490 602 non
528 554 648 616 fuit3
689 554 870 618 agebat
909 554 1095 618 quippe
1133 553 1507 618 navigationem
1543 554 1662 603 huic
1700 555 1853 602 etiam

51 626 57 644 ⁸
159 632 380 691 tempore
418 628 578 676 noctis
615 628 854 678 intentus.
931 629 1061 677 hunc
1100 628 1264 677 locum
1302 644 1413 677 cum
1450 629 1852 691 pronuntiamus,

157 704 229 751 sic
260 702 492 751 debemus
523 702 841 767 distinguere,
863 705 922 750 ut
953 719 1170 766 aequora
1199 702 1515 767 adsignemus
1546 702 1724 762 media,
1753 718 1852 750 non

156 779 373 838 noctem,
403 777 496 824 hoc
526 777 695 825 modo:
734 777 898 824 media
930 777 1123 826 Aeneas
1153 778 1283 826 freta
1313 779 1363 825 et
1393 777 1634 826 faciamus
1665 793 1853 826 moram

156 852 206 898 et
254 852 326 899 sic
376 850 596 899 dicamus
646 853 791 900 nocte
841 851 1062 913 secabat,
1114 854 1170 900 ut
1220 851 1510 900 ostendatur
1557 853 1688 915 regis
1735 857 1852 914 ‘pro-

155 925 378 988 perantis
416 925 661 974 instantia
700 928 750 973 et
787 926 951 987 labor,
991 926 1080 988 qui
1118 941 1207 974 nec
1245 928 1439 974 noctem
1478 925 1733 974 metuebat
1764 941 1853 974 nec

155 999 375 1048 medium
411 999 578 1048 maris.
654 1014 864 1059 namque
901 1003 956 1048 ut
1000 1001 1062 1049 ab
1100 1001 1345 1048 Euandro
1384 1001 1558 1048 castris
1603 1001 1853 1060 ingressas

156 1074 383 1122 Etruscis
431 1088 589 1135 reyem
638 1074 745 1122 adit
793 1077 836 1122 et
881 1075 984 1136 reyi
1027 1077 1262 1123 memorat
1308 1088 1574 1134 nomenque
1608 1088 1854 1135 yenit-sque

155 1148 329 1207 quidve
358 1151 497 1209 petat
534 1149 707 1208 quidve
743 1149 848 1209 ipse
884 1149 1034 1208 ferat,
1074 1149 1350 1196 Mezentius
1398 1163 1542 1196 arma
1589 1162 1713 1208 qaae
1759 1148 1854 1196 sibi
1871 1157 1957 1198 150

155 1223 369 1270 conciliet
406 1223 707 1282 violentaque
735 1226 937 1282 pectora
969 1223 1130 1270 Tarni
1162 1223 1337 1279 edocet,
1376 1223 1607 1270 hwmanis
1638 1236 1762 1281 qaae
1792 1223 1856 1270 sit

153 1297 340 1354 fiducia
387 1297 533 1344 rebus
582 1297 808 1345 admonet
854 1297 1164 1358 inmiscetqne
1203 1311 1399 1356 preces:
1447 1297 1569 1344 haut
1604 1298 1662 1355 stt
1698 1311 1851 1353 mora,

157 1371 380 1419 Tarchon
402 1371 560 1431 ianyit
590 1385 702 1431 opes
731 1371 996 1430 foedasque
1025 1372 1164 1431 ferit:
1186 1371 1364 1435 longus
1395 1373 1560 1419 textus
1586 1371 1662 1419 est
1685 1386 1855 1418 eorum

155 1460 282 1506 quae
319 1446 516 1493 Aeneas
555 1460 666 1492 cum
707 1445 963 1494 Tarchone
1003 1445 1263 1494 dicebatur
1301 1445 1483 1509 egisse,
1524 1445 1609 1493 sed
1645 1444 1778 1492 idem
1810 1445 1854 1492 si

154 1534 243 1581 per
279 1520 438 1581 partis
480 1522 778 1582 exponatur,
816 1521 1004 1582 poterit
1042 1520 1238 1568 facilius
1279 1520 1487 1568 adverti.
1574 1520 1674 1567 tria
1721 1518 1852 1567 enim

154 1593 299 1655 dixit,
338 1596 599 1655 memorat,
639 1594 832 1655 edocet,
873 1594 1128 1655 admonet,
1166 1595 1356 1642 interea
1396 1593 1529 1657 quod
1565 1595 1726 1656 primo
1765 1609 1851 1656 po-

154 1669 277 1728 suit,
315 1670 396 1729 ut,
435 1683 594 1730 usque
633 1668 698 1716 ad
734 1668 882 1716 finem
921 1669 1152 1732 pertinet.
1232 1668 1316 1717 sed
1361 1669 1473 1730 ipsa
1512 1669 1613 1716 tria
1650 1667 1852 1715 interim

154 1742 540 1791 consideremus:
564 1745 808 1791 memorat
838 1758 1116 1806 nomenque
1147 1758 1426 1807 genusque,
1456 1744 1701 1791 memorat
1732 1741 1853 1804 quid

153 1818 315 1878 petat,
365 1819 609 1865 memorat
659 1817 840 1879 quidve
879 1818 986 1880 ipse
1026 1818 1178 1878 ferat,
1226 1818 1397 1866 edocet
1435 1817 1593 1864 Turni
1630 1816 1852 1865 violenta

154 1891 377 1952 pectora,
418 1890 589 1939 edocet
635 1907 763 1954 quae
814 1891 909 1940 sibi
959 1908 1100 1940 arma
1146 1891 1397 1954 conciliet3
1444 1891 1678 1939 admonet
1725 1906 1851 1953 quae

154 1964 220 2013 sit
269 1965 500 2013 humanis
549 1965 696 2014 rebus
746 1965 950 2028 fiducia3
999 1966 1243 2014 miscebat
1289 1968 1340 2014 et
1376 1981 1559 2028 preces.
1638 1965 1849 2012 diximus

154 2054 282 2101 quae
321 2039 531 2102 singulis
571 2041 827 2101 aptentur,
868 2056 996 2102 quae
1035 2056 1152 2089 vero
1193 2055 1273 2088 ars
1311 2039 1364 2087 in
1394 2039 1637 2102 petitione
1670 2039 1737 2088 sit
1768 2038 1850 2087 ob-

154 2114 350 2161 servata
387 2112 658 2162 videamus.
734 2115 989 2164 intimavit
1035 2115 1143 2178 regi
1191 2114 1352 2177 primo
1392 2130 1655 2177 personam
1694 2129 1850 2174 suam,

151 2187 245 2235 hoc
296 2189 372 2235 est
419 2187 663 2236 indicavit
712 2188 824 2250 quis
876 2190 1006 2238 esset
1055 2191 1105 2237 et
1152 2191 1393 2251 quantus3
1445 2189 1670 2250 oportuit
1719 2187 1850 2235 enim

153 2261 460 2309 Tarchonem
498 2277 641 2310 nosse
681 2277 793 2310 cum
832 2278 930 2325 quo
969 2263 1050 2311 vel
1089 2278 1200 2310 cum
1239 2263 1380 2325 quali
1418 2263 1681 2311 iuncturus
1722 2263 1850 2309 esset

153 2335 440 2383 amicitiam.
499 2335 742 2385 indicavit
780 2338 830 2385 et
867 2353 1046 2400 genus,
1084 2353 1145 2385 ne
1183 2337 1454 2402 ignobilem
1492 2340 1675 2400 putans
1715 2351 1847 2398 sper-

152 2409 371 2457 nendum
420 2410 589 2472 potius
641 2427 791 2472 quam
840 2411 1206 2474 suscipiendum
1253 2411 1467 2459 duceret.
1543 2412 1596 2458 in
1636 2410 1849 2458 editione

154 2485 321 2531 autem
359 2484 551 2548 generis
602 2500 701 2532 non
742 2484 1029 2533 dubitamus
1070 2502 1183 2533 eum
1234 2485 1507 2534 adseruisse
1560 2485 1692 2547 quod
1730 2483 1848 2532 Iove

273 2644 295 2682 1
341 2653 492 2696 eapyn
521 2639 563 2683 R
601 2642 740 2696 capin
763 2639 817 2684 V.
951 2645 978 2685 5
1021 2642 1113 2687 hiic
1135 2641 1178 2685 V
1214 2643 1288 2686 hic
1318 2642 1360 2685 R
1397 2642 1479 2686 hoc
1511 2641 1581 2685 ed.
1613 2641 1720 2684 huic
1750 2653 1846 2683 nos.

153 2702 179 2740 8
209 2697 362 2751 fracta
385 2697 440 2742 V.
564 2704 616 2742 11
651 2700 709 2744 ab
741 2713 829 2743 om.
856 2699 910 2743 V.
1041 2705 1095 2744 12
1129 2701 1252 2745 adite
1282 2702 1378 2758 reyi
1408 2701 1462 2744 R.
1593 2704 1649 2743 14
1681 2699 1849 2743 violen-

151 2758 304 2812 tiaque
327 2756 425 2801 VR.
571 2763 626 2802 16
666 2764 900 2804 contextus
930 2759 1002 2804 ed.
1036 2761 1107 2815 (ut
1138 2760 1286 2815 solet).
1434 2764 1487 2803 17
1529 2773 1631 2803 cum
1660 2759 1850 2803 tarchon

153 2814 237 2859 VR
269 2830 382 2860 corr.
409 2817 480 2860 ed.
575 2822 629 2861 18
661 2823 758 2863 trea
781 2817 866 2861 VR
898 2832 1011 2862 corr.
1037 2835 1072 2862 r.
1167 2825 1223 2863 20
1255 2825 1307 2864 ut
1334 2833 1421 2862 om.
1449 2818 1519 2862 ed.
1613 2822 1668 2861 23
1701 2818 1851 2862 edocet

153 2888 268 2929 quae
291 2875 376 2918 VR
416 2876 487 2919 ed.
530 2877 786 2922 Mezentius
825 2877 1091 2933 adpositum
1124 2881 1352 2934 expectes.
1477 2882 1531 2921 25
1563 2882 1742 2922 servata
1774 2877 1845 2921 ed.

155 2937 209 2976 29
236 2940 412 2989 putans
442 2935 483 2978 R
507 2942 652 2992 putas
674 2936 716 2979 V
739 2942 917 2992 putans
946 2951 992 2982 se
1023 2937 1093 2981 ed.
1218 2942 1271 2981 31
1306 2951 1406 2982 cum
1430 2936 1515 2979 VR
1545 2951 1645 2981 eum
1677 2936 1748 2981 ed.
