2050 3226
231 214 340 268 276
704 211 937 257 DONATI
965 211 1246 256 INTERPR.
1270 211 1450 256 VERG.

231 352 290 400 de
333 355 488 401 matre
533 351 732 400 nothum
775 351 1074 413 Sarpedonis
1120 351 1229 409 alti,
1277 351 1480 400 coniecto
1524 351 1695 400 sternit
1737 351 1922 400 iaculo:

230 427 447 489 primum
484 426 644 490 igitur
680 426 1012 489 Antiphaten,
1052 426 1289 487 quoniam
1327 427 1442 474 ante
1479 426 1658 475 fratres
1694 440 1798 474 sese
1837 424 1920 475 ob-

230 500 437 562 tulerat,
491 500 709 549 coniecto
763 500 925 548 iaculo
979 498 1173 548 stravit.
1265 499 1512 563 superflue
1565 514 1718 564 genus
1771 498 1921 548 huius

232 574 486 636 describit,
536 573 654 622 licet
702 573 920 622 nobilem
969 573 1247 637 significare
1297 573 1524 622 voluerit.
1607 573 1739 622 volat
1785 573 1923 622 Itala

232 663 408 696 cornus
454 662 573 696 aera
611 662 703 708 per
747 651 988 695 tenerum:
1036 646 1134 696 duo
1185 647 1388 696 fuerunt
1433 663 1559 711 quae
1607 647 1923 697 velocitatem
1977 662 1997 696 ε

224 722 423 771 ‘dabant
463 722 564 770 telo
611 721 747 784 quod
791 720 974 770 iecerat
1021 721 1243 783 Turnus,
1289 738 1444 770 unum
1484 721 1618 784 quod
1654 720 1788 775 Itala
1825 721 1924 769 fuit

231 811 429 858 cornus,
460 796 583 845 levis
616 797 666 844 et
698 796 817 857 apta
846 794 1142 857 missilibus,
1175 796 1388 844 alterum
1420 795 1551 858 quod
1585 796 1711 844 aeris
1742 795 1922 843 teneri—

230 870 353 919 tudo
393 886 491 918 non
538 869 826 933 inpediebat
862 870 1080 918 volantis
1128 876 1402 918 excussum.
1479 870 1812 930 stomachoque
1849 870 1924 917 in-

130 940 214 992 700
230 946 335 1004 fixa
365 945 455 992 sub
489 944 642 992 altum
664 947 835 1003 pectus
874 943 996 1001 abit,
1038 959 1137 1006 quo
1170 944 1304 992 facto
1336 943 1495 991 reddit
1523 957 1693 1003 specus
1725 937 1923 1010 (specus

232 1018 358 1066 dixit
403 1033 753 1081 suspensuram
802 1019 1017 1080 pectoris
1056 1018 1108 1065 in
1145 1017 1347 1067 modum
1393 1017 1658 1080 speluncae
1704 1017 1925 1066 naturali
1955 1033 1998 1066 10

229 1092 422 1141 ratione
473 1086 744 1157 conpositi)
795 1092 892 1140 atri
940 1092 1158 1140 vulneris
1205 1092 1394 1140 undam
1443 1095 1769 1151 spumantem,
1824 1107 1925 1139 non

229 1165 418 1215 undam
471 1181 661 1228 veram,
717 1165 801 1214 sed
850 1167 903 1214 in
951 1166 1154 1214 modum
1205 1166 1369 1214 undae
1424 1166 1614 1229 copiam
1669 1165 1925 1230 sanguinis

230 1240 472 1289 fundebat
518 1256 576 1289 ex
613 1240 831 1290 vulnere.
909 1243 951 1288 et
986 1241 1085 1299 fixo
1124 1241 1313 1300 ferrum
1350 1240 1405 1288 in
1435 1240 1667 1300 pulmone
1712 1239 1926 1300 tepescit.-

229 1331 329 1363 non
359 1314 527 1377 potuit
557 1315 656 1363 dici
686 1313 937 1376 fervescit,
971 1314 1090 1377 quia
1122 1314 1256 1362 calor
1287 1315 1505 1376 corporis
1538 1329 1651 1362 cum
1682 1314 1925 1378 sanguine

222 1388 535 1450 discedebat,
588 1403 686 1452 quo
738 1388 952 1437 calefieri
1003 1389 1214 1451 amplius
1262 1388 1440 1451 potuit.
1522 1391 1624 1435 twm
1672 1388 1926 1448 Meropem
1956 1400 1998 1434 1⁵

231 1466 372 1522 atque
402 1463 714 1523 Erymantha
750 1477 924 1519 manu,
961 1465 1063 1510 tum
1101 1463 1271 1510 sternit
1300 1461 1614 1522 Aphidnum:
1652 1463 1702 1510 et
1738 1461 1826 1510 isti
1865 1461 1924 1509 de

229 1536 331 1585 illis
371 1538 570 1585 fuerant
609 1537 694 1599 qui
731 1536 882 1599 primi
919 1536 1108 1584 furenti
1146 1537 1460 1585 occurrerant
1499 1536 1680 1584 Turno.
1741 1552 1925 1599 magna

232 1610 579 1675 descriptionis
633 1611 874 1672 varietas3
937 1610 1061 1659 alios
1116 1610 1248 1658 enim
1307 1610 1472 1658 iaculo
1535 1610 1736 1671 stravit,
1799 1610 1924 1658 alios

230 1701 404 1747 manu,
437 1684 626 1734 scilicet
655 1700 755 1732 non
785 1685 946 1733 iaculo
977 1686 1035 1733 ut
1066 1685 1215 1745 alios,
1255 1683 1340 1732 sed
1371 1683 1553 1748 gladio.
1615 1687 1718 1731 tum
1747 1683 1925 1732 Bitian

231 1760 479 1808 ardentem
517 1759 668 1807 oculis
708 1759 981 1818 animisque
1017 1759 1299 1819 frementem
1307 1776 1323 1806 .·
1367 1759 1462 1807 iste
1503 1760 1552 1806 et
1591 1758 1747 1806 oculis
1786 1773 1924 1806 mon·
1956 1771 2000 1804 πο

231 1834 424 1882 strabat
470 1833 705 1881 ferociam
750 1833 929 1882 mentis
977 1835 1028 1881 et
1074 1832 1197 1895 quid
1240 1833 1378 1882 intus
1425 1834 1618 1896 gereret
1656 1832 1925 1894 asperitate

233 1908 387 1955 animi
435 1907 729 1956 testabatur.
804 1921 903 1955 non
952 1907 1111 1955 iaculo
1164 1907 1337 1967 (neque
1386 1907 1514 1954 enim
1561 1906 1722 1954 iaculo
1771 1906 1926 1954 vitam

130 1985 214 2025 705
231 1982 311 2029 ille
342 1982 585 2041 dedisset),
625 1982 710 2029 sed
739 1995 972 2042 maynum
1003 1981 1213 2028 stridens
1253 1983 1466 2028 contorta
1490 1980 1752 2040 phalarica
1781 1981 1923 2036 venit,

231 2056 456 2116 subminis
504 2059 614 2103 acta
659 2056 821 2112 modo,
870 2069 1018 2114 quam
1062 2069 1148 2102 nec
1195 2055 1290 2102 duo
1329 2058 1503 2102 taurea
1541 2058 1675 2115 terya
1712 2068 1799 2102 nec
1837 2054 1924 2102 du-

225 2130 346 2190 plici
368 2143 576 2188 squama
601 2130 751 2177 torica
773 2129 934 2188 fidelis
958 2131 1001 2176 et
1031 2143 1153 2176 auro
1184 2130 1439 2176 sustinuit:
1478 2128 1711 2177 adversus
1743 2143 1925 2176 novam
1957 2140 1999 2174 25

231 2203 445 2251 hominis
496 2204 708 2251 formam
756 2219 938 2252 novam
986 2204 1247 2252 invenerat
1296 2203 1490 2251 Turnus
1540 2201 1773 2264 speciem,
1824 2217 1925 2264 qua

232 2278 484 2341 ingentem
532 2276 748 2339 corporis
787 2277 969 2325 molem
1007 2277 1196 2326 valeret
1235 2277 1479 2325 evincere:
1525 2292 1624 2324 non
1671 2275 1801 2324 enim
1838 2275 1924 2324 ille

232 2352 397 2399 iaculo
453 2350 677 2413 superari
729 2352 908 2413 potuit,
993 2351 1127 2400 misit
1179 2350 1338 2414 igitur
1388 2350 1715 2412 phalaricam,
1769 2364 1924 2413 genus

232 2426 323 2473 teli
362 2425 495 2488 quod
534 2425 699 2472 omnia
731 2424 1019 2487 superabat,
1060 2440 1189 2487 quae
1229 2440 1340 2472 cum
1370 2424 1535 2472 Bitiae
1573 2438 1751 2486 corpus
1783 2423 1924 2471 letali

233 2500 437 2548 vulnere
461 2500 783 2562 penetrasset,
810 2499 1083 2561 putabatur
1106 2499 1294 2547 fulmen
1319 2498 1378 2546 de
1402 2498 1537 2546 caelo
1562 2498 1922 2546 transmissum.
1956 2509 1999 2543 80

357 2674 378 2712 1
411 2675 568 2714 notum
598 2668 652 2713 V.
776 2673 801 2712 2
834 2669 1049 2724 quoniam
1076 2668 1118 2712 V
1149 2670 1228 2725 qui
1259 2669 1328 2713 ed.
1452 2671 1477 2711 3
1508 2668 1645 2712 huius
1667 2667 1710 2711 V
1739 2668 1821 2712 hoc
1851 2667 1922 2711 ed.

236 2734 261 2772 5
294 2734 494 2773 tenerum
518 2727 560 2772 V
589 2733 766 2773 tenuem
798 2727 868 2771 ed.
990 2733 1016 2772 6
1048 2730 1175 2773 Itala
1215 2742 1301 2772 om.
1334 2727 1404 2772 ed.
1536 2731 1560 2769 7
1600 2727 1852 2771 teneritudo
1882 2726 1925 2770 V

236 2789 434 2832 tenuitas
473 2787 542 2831 ed.
651 2791 677 2830 8
710 2800 936 2831 excessum
967 2787 1037 2830 ed.
1154 2791 1178 2830 9
1212 2801 1299 2844 quo
1328 2787 1450 2840 facto
1482 2799 1568 2829 om.
1596 2786 1665 2829 ed.
1715 2785 1718 2843 Ι
1768 2791 1925 2842 specus

235 2846 470 2890 lemmatis
511 2846 616 2890 finis
658 2846 707 2889 in
741 2845 783 2889 V
825 2847 1280 2902 atri—spumantem
1321 2845 1397 2888 hic
1434 2845 1632 2889 inseruit
1672 2843 1796 2888 infra
1835 2859 1922 2888 om.

238 2906 309 2950 ed.
433 2909 487 2948 10
525 2919 803 2961 suspensura
841 2905 911 2949 ed.
944 2905 994 2949 id
1026 2910 1088 2949 est
1117 2920 1152 2950 s.
1186 2905 1257 2949 ed.
1289 2906 1408 2960 post.
1539 2908 1595 2947 14
1632 2903 1835 2958 fervi-scit
1867 2903 1922 2948 V.

241 2969 294 3008 15
327 2966 479 3020 potuit
509 2964 551 3007 V
588 2978 683 3009 non
712 2978 761 3020 p.
795 2964 867 3008 ed.
993 2968 1046 3007 18
1079 2965 1390 3010 describtionis
1411 2962 1453 3007 V
1484 2963 1834 3008 distributionis
1850 2962 1921 3007 ed.

240 3027 294 3066 28
320 3029 500 3079 poterat
532 3023 602 3068 ed.
1704 3046 1713 3050 ·*
