2050 3226
163 513 217 552 15

249 214 356 268 548
721 213 954 259 DONATI
982 213 1467 259 1NTERPR.VERG.

248 353 401 402 sacris
439 353 878 403 intervenientibus
925 352 1145 414 foedera,
1193 369 1284 417 ego
1331 355 1494 402 cetera
1541 354 1804 402 cumulabo
1841 369 1942 403 cer-

248 427 418 476 tando.
494 432 580 476 aut
627 428 718 476 hac
757 427 1079 475 Dardanium
1124 427 1295 475 deaetra
1339 429 1429 476 sub
1478 429 1695 477 Tartara
1739 429 1941 486 mittam,

249 502 534 551 desertorem
565 501 738 557 Asiae,
772 499 994 560 (sedeant
1021 503 1319 561 spectentque
1349 502 1546 563 Latini)
1578 506 1622 550 et
1650 503 1782 550 solus
1812 505 1943 562 ferro

249 577 431 624 crimen
469 589 716 623 commune
753 575 975 634 refellam
1013 578 1101 622 aut
1135 575 1313 624 habeat
1347 576 1515 632 vietoS,
1557 577 1694 625 cedat
1722 576 1944 626 Lavinia

250 650 484 698 coniunx:
523 648 657 712 quod
689 648 994 696 contrarium
1024 648 1153 697 votis
1195 649 1295 698 suis
1326 650 1620 699 necessitate
1651 651 1864 713 protulit
1894 653 1946 700 et

250 723 569 783 constrictus,
615 738 715 771 non
754 722 1013 772 voluntate
1060 722 1278 785 suscepit
1313 723 1366 771 id
1405 739 1456 772 se
1494 725 1627 772 nolle
1673 724 1822 773 simul
1861 725 1944 773 ob·
2024 754 2025 758 =

250 798 386 860 lique
418 796 668 845 confessus
693 799 782 844 est.
837 798 910 845 ait
940 796 1071 845 enim
1101 798 1309 860 uterque
1341 812 1482 847 casus
1515 815 1664 860 quem
1694 798 1946 861 promittit

251 871 408 919 exitus
447 886 645 934 pugnae
683 870 805 918 facit
842 886 931 933 pro
970 870 1198 934 partibus
1238 872 1374 922 meis.
1438 875 1528 920 aut
1565 873 1695 920 enim
1735 873 1946 921 deiciam

249 960 361 992 mea
385 944 556 992 dextra
580 944 892 992 Dardanium
917 944 1066 993 Asiae
1099 945 1398 994 desertorem
1429 938 1552 1012 (tria
1584 947 1807 996 convicia
1831 963 1944 996 con-

1900 0 2010 121 ''³'‘

250 1018 424 1082 gessit,
477 1034 506 1066 a
545 1035 743 1083 genere,
795 1035 825 1067 a
862 1019 995 1080 1000,
1045 1035 1076 1067 a
1114 1019 1269 1068 facto:
1325 1036 1355 1068 a
1393 1036 1592 1083 genere,
1644 1021 1779 1084 quod
1817 1023 1948 1070 esset
1978 1035 2022 1066 10

249 1093 554 1154 DardaniuS,
589 1094 735 1155 quasi
766 1093 974 1141 oriundo
1005 1092 1240 1156 ignobilis
1265 1095 1316 1140 et
1345 1093 1565 1156 inbellis;
1597 1110 1628 1143 a
1650 1094 1781 1156 1000,
1813 1094 1946 1157 quod

248 1166 487 1228 Asianus,
528 1167 672 1230 quasi
702 1184 760 1214 ex
792 1169 1026 1230 corrupta
1064 1170 1114 1216 et
1145 1167 1388 1216 dissoluta
1418 1168 1696 1231 provincia3
1737 1185 1766 1216 a
1796 1169 1946 1229 facto,
1988 1158 1996 1167 x

249 1240 383 1304 quod
415 1240 634 1290 desertor
663 1241 881 1305 regionis
914 1257 1032 1289 suae
1064 1243 1114 1290 et
1143 1242 1369 1304 proditor
1399 1235 1712 1309 deserendo),
1743 1242 1947 1292 sedeant

249 1316 414 1363 autem
457 1317 776 1378 spectentque
807 1314 991 1376 Latini,
1031 1317 1080 1363 et
1119 1317 1254 1364 solus
1294 1316 1423 1364 ferro
1465 1316 1649 1364 crimen
1687 1332 1944 1365 commune

247 1389 473 1437 refellam
511 1391 601 1438 aut
637 1390 820 1438 habeat
850 1390 1022 1438 victos.
1085 1390 1182 1438 fuit
1221 1390 1546 1439 artificiosum
1583 1393 1634 1439 et
1671 1391 1772 1439 tale
1813 1391 1946 1453 quod

248 1463 528 1512 ostenderet
575 1465 900 1525 metuentem3
954 1464 1177 1512 adseruit
1226 1465 1357 1512 enim
1407 1465 1591 1512 crimen
1641 1480 1744 1513 esse
1794 1481 1945 1527 quam

247 1538 518 1585 maximum
549 1538 716 1586 sedere
739 1539 908 1586 tantos
934 1541 983 1586 et
1007 1538 1210 1586 alterius
1235 1538 1420 1587 virtute
1444 1539 1642 1586 defendi
1673 1541 1761 1587 aut
1783 1539 1945 1586 fatum

248 1612 521 1659 multorum
558 1613 706 1660 unius
746 1613 975 1660 fortunae
1016 1613 1282 1660 committi:
1321 1615 1378 1660 ut
1415 1615 1625 1674 utroque
1665 1614 1800 1660 metu
1836 1629 1942 1675 per-

247 1685 412 1734 territi
457 1702 556 1734 non
602 1688 892 1748 paterentur
929 1687 982 1733 in
1027 1687 1175 1734 unius
1225 1688 1355 1735 sorte
1403 1686 1625 1734 omnium
1671 1686 1947 1749 periclitari

247 1760 523 1820 fortunam,
574 1761 627 1807 in
678 1761 817 1808 cuius
870 1760 1080 1809 victoria
1126 1759 1307 1808 habere
1354 1759 1562 1809 dedecus
1610 1762 1811 1823 possent
1857 1763 1946 1809 aut

249 1836 423 1882 contra
454 1834 712 1898 subiugari
743 1834 959 1883 servitio.
1003 1850 1272 1895 commune,
1296 1835 1474 1896 inquit,
1499 1834 1681 1882 crimen
1705 1834 1944 1896 refellam,

250 1909 371 1968 quia
425 1908 645 1956 omnium
693 1907 901 1956 dedecus
948 1908 1045 1955 fuit
1095 1909 1229 1970 quod
1276 1908 1480 1956 Troiani
1529 1910 1694 1956 tenere
1742 1908 1946 1956 Italiam

249 1981 537 2029 nitebantur
572 1985 622 2031 et
658 1983 735 2031 his
778 1984 940 2031 essent
979 1982 1210 2030 servituri
1242 1982 1419 2044 quibus
1452 1986 1655 2044 possent
1683 1984 1944 2045 imperare,

249 2058 306 2102 ut
344 2071 431 2117 per
468 2056 585 2104 haec
625 2056 905 2104 ostenderet
943 2056 1161 2104 aemulos
1208 2072 1323 2104 suos
1371 2072 1533 2118 suam,
1583 2073 1682 2105 non
1730 2057 1944 2104 alienam

251 2144 451 2176 causam
484 2130 766 2179 deseruisse.
820 2131 964 2191 hunc,
995 2133 1054 2178 ut
1086 2129 1310 2191 diximus,
1341 2133 1527 2178 metum
1559 2131 1741 2179 idcirco
1766 2146 1945 2193 propo-

252 2202 374 2264 suit,
406 2204 463 2250 ut
492 2203 712 2252 firmaret
743 2205 1074 2252 adsertionem
1104 2219 1268 2266 3001ος
1308 2205 1380 2253 ait
1411 2204 1594 2267 quippe
1630 2206 1719 2253 aut
1748 2205 1944 2252 vincam

253 2279 302 2325 et
338 2276 529 2325 habebo
582 2294 677 2339 quo
726 2279 886 2327 victor
930 2278 1180 2341 increpem
1225 2294 1359 2327 meos
1411 2281 1500 2327 aut
1549 2277 1838 2326 vindicabor
1884 2277 1942 2325 de

250 2351 491 2399 inertibus
530 2353 776 2411 mortuus,
817 2368 930 2399 cum
968 2354 1054 2414 qui
1090 2368 1311 2416 pugnare
1349 2353 1616 2400 noluerunt
1646 2352 1833 2399 fuerint
1870 2353 1944 2399 in-

254 2426 404 2488 digno
443 2424 665 2473 subiecti.
722 2425 864 2473 cedat
899 2424 1110 2474 Lavinia
1149 2428 1382 2474 coniunx:
1421 2426 1745 2475 novissimum
1775 2426 1944 2487 posuit

254 2499 387 2560 quod
426 2499 589 2546 fuerat
636 2498 734 2560 ipsi
781 2515 975 2561 quoque
1015 2499 1195 2548 Latino
1243 2500 1566 2561 contrarium,
1615 2502 1675 2547 ut
1713 2499 1771 2546 de
1811 2499 1942 2547 filiae

373 2673 398 2711 2
438 2670 552 2714 haut
587 2670 696 2713 haec
726 2668 781 2711 V.
904 2674 929 2712 6
961 2670 1091 2714 semel
1115 2670 1156 2713 V
1187 2671 1324 2714 simul
1358 2684 1441 2713 nos
1481 2683 1568 2713 om.
1603 2669 1674 2713 ed,
1798 2673 1822 2711 9
1866 2670 1943 2713 de-

254 2729 511 2772 seribtorem
534 2728 576 2770 V
608 2734 767 2784 (supra
798 2729 954 2784 recte).
1069 2733 1124 2772 10
1155 2730 1277 2783 facto
1301 2728 1343 2771 V
1374 2744 1404 2773 a
1433 2729 1556 2782 facto
1586 2727 1656 2771 ed.
1767 2733 1818 2770 11
1853 2730 1942 2772 ori-

255 2787 380 2831 undo
404 2786 444 2830 V
477 2788 650 2844 oriyine
682 2787 752 2830 ed.
854 2791 906 2829 17
939 2787 1088 2840 fatum
1113 2787 1154 2830 V
1184 2791 1358 2842 laetum
1390 2787 1460 2831 ed.
1557 2791 1611 2830 23
1644 2791 1686 2831 et
1715 2788 1878 2842 quibus
1902 2787 1943 2830 V

256 2851 297 2889 et
335 2845 423 2889 del.
461 2846 531 2889 ed.
654 2851 710 2888 24
744 2859 828 2901 per
865 2847 945 2889 hoc
984 2846 1053 2888 ed.
1177 2851 1231 2890 26
1271 2848 1475 2900 firmaret
1503 2845 1545 2888 V
1577 2846 1791 2901 probaret
1826 2846 1895 2888 ed.
1935 2862 1938 2902 3

255 2906 384 2948 vineo
416 2904 456 2946 V
497 2918 609 2948 corr.
646 2905 717 2948 ed.
848 2909 901 2947 27
942 2905 1207 2949 vindicabor
1240 2905 1283 2948 V
1320 2906 1516 2950 ulciscar
1553 2905 1623 2947 ed.
1747 2909 1802 2947 28
1842 2919 1942 2948 eum

256 2964 334 3017 qui
358 2963 398 3006 V
430 2977 531 3007 cum
561 2965 724 3018 quibus
754 2963 836 3006 ΗΟ
876 2968 929 3007 ut
964 2964 1035 3007 his
1073 2978 1173 3008 cum
1211 2965 1375 3020 quibus
1409 2964 1480 3008 ed.
1529 2963 1533 3018 Ι
1581 2963 1756 3017 fuerint
1778 2963 1821 3007 V
1850 2964 1945 3008 sint

256 3021 326 3064 cd.
374 3023 378 3079 1
429 3023 641 3078 indiynos
678 3024 841 3067 abiecti
871 3022 912 3066 V
950 3023 1140 3079 indique
1178 3024 1292 3067 subi.
1326 3023 1396 3068 ed.
1429 3023 1616 3080 indique
1649 3037 1684 3068 s.
1718 3022 1789 3066 ed.
1821 3024 1939 3078 post.

1979 1405 2020 1436 15

1977 1774 2020 1807 20

1975 2143 2017 2175 25

1975 2511 2018 2544 30
