<?xml version="1.0" encoding="UTF-8"?>
<!DOCTYPE html PUBLIC "-//W3C//DTD XHTML 1.0 Transitional//EN"
    "http://www.w3.org/TR/xhtml1/DTD/xhtml1-transitional.dtd">
<html xmlns="http://www.w3.org/1999/xhtml" xml:lang="en" lang="en">
 <head>
  <title>
</title>
<meta http-equiv="Content-Type" content="text/html;charset=utf-8" />
  <meta name='ocr-system' content='tesseract 3.04.00' />
  <meta name='ocr-capabilities' content='ocr_page ocr_carea ocr_par ocr_line ocrx_word'/>
</head>
<body>
  <div class='ocr_page' id='page_1' title='image "./interpretationes02donauoft_0575.png"; bbox 0 0 2050 3226; ppageno 0'>
   <div class='ocr_carea' id='block_1_1' title="bbox 779 205 1833 263">
    <p class='ocr_par' dir='ltr' id='par_1_1' title="bbox 779 205 1833 263">
     <span class='ocr_line' id='line_1_1' title="bbox 779 205 1833 263; baseline 0 -13"><span class='ocrx_word' id='word_1_1' title='bbox 779 205 1084 257; x_wconf 70' lang='lat' dir='ltr'><strong>AENEmos</strong></span> <span class='ocrx_word' id='word_1_2' title='bbox 1114 205 1199 250; x_wconf 83' lang='grc' dir='ltr'><strong>ΧΠ</strong></span> <span class='ocrx_word' id='word_1_3' title='bbox 1728 210 1833 263; x_wconf 84' lang='lat'><strong>571</strong></span> 
     </span>
    </p>
   </div>
   <div class='ocr_carea' id='block_1_2' title="bbox 32 345 1943 2786">
    <p class='ocr_par' dir='ltr' id='par_1_2' title="bbox 32 345 1943 2786">
     <span class='ocr_line' id='line_1_2' title="bbox 142 345 1841 412; baseline -0.001 -15"><span class='ocrx_word' id='word_1_4' title='bbox 142 347 241 397; x_wconf 91' lang='lat' dir='ltr'><strong>nisi</strong></span> <span class='ocrx_word' id='word_1_5' title='bbox 271 347 404 412; x_wconf 93' lang='lat' dir='ltr'><strong>quod</strong></span> <span class='ocrx_word' id='word_1_6' title='bbox 434 363 534 397; x_wconf 90' lang='lat' dir='ltr'><strong>non</strong></span> <span class='ocrx_word' id='word_1_7' title='bbox 564 348 731 410; x_wconf 88' lang='lat' dir='ltr'><strong>potest</strong></span> <span class='ocrx_word' id='word_1_8' title='bbox 760 349 891 396; x_wconf 88' lang='lat' dir='ltr'><strong>stare</strong></span> <span class='ocrx_word' id='word_1_9' title='bbox 922 345 1112 396; x_wconf 83' lang='lat' dir='ltr'><strong>viribus</strong></span> <span class='ocrx_word' id='word_1_10' title='bbox 1143 346 1260 395; x_wconf 90' lang='lat' dir='ltr'><strong>suis.</strong></span> <span class='ocrx_word' id='word_1_11' title='bbox 1313 345 1394 395; x_wconf 90' lang='lat' dir='ltr'><strong>hic</strong></span> <span class='ocrx_word' id='word_1_12' title='bbox 1426 363 1623 410; x_wconf 90' lang='lat' dir='ltr'><strong>quoque</strong></span> <span class='ocrx_word' id='word_1_13' title='bbox 1655 347 1841 412; x_wconf 85' lang='lat' dir='ltr'><strong>adserit</strong></span> 
     </span>
     <span class='ocr_line' id='line_1_3' title="bbox 141 420 1837 486; baseline -0.001 -14"><span class='ocrx_word' id='word_1_14' title='bbox 141 424 292 486; x_wconf 81' lang='lat' dir='ltr'><strong>poeta.</strong></span> <span class='ocrx_word' id='word_1_15' title='bbox 314 422 522 471; x_wconf 83' lang='lat' dir='ltr'><strong>fatalem</strong></span> <span class='ocrx_word' id='word_1_16' title='bbox 552 422 901 471; x_wconf 86' lang='lat' dir='ltr'><strong>necessitatem</strong></span> <span class='ocrx_word' id='word_1_17' title='bbox 932 420 1150 470; x_wconf 85' lang='lat' dir='ltr'><strong>cuiusvis</strong></span> <span class='ocrx_word' id='word_1_18' title='bbox 1182 436 1275 484; x_wconf 92' lang='lat' dir='ltr'><strong>ope</strong></span> <span class='ocrx_word' id='word_1_19' title='bbox 1301 422 1527 484; x_wconf 88' lang='lat' dir='ltr'><strong>superari</strong></span> <span class='ocrx_word' id='word_1_20' title='bbox 1557 437 1657 470; x_wconf 92' lang='lat' dir='ltr'><strong>non</strong></span> <span class='ocrx_word' id='word_1_21' title='bbox 1680 437 1837 484; x_wconf 90' lang='lat' dir='ltr'><strong>posse.</strong></span> 
     </span>
     <span class='ocr_line' id='line_1_4' title="bbox 142 495 1943 556; baseline 0.001 -12"><span class='ocrx_word' id='word_1_22' title='bbox 142 511 275 546; x_wconf 77' lang='lat' dir='ltr'><strong>nunc</strong></span> <span class='ocrx_word' id='word_1_23' title='bbox 310 498 532 545; x_wconf 74' lang='lat' dir='ltr'><strong>iuvenem</strong></span> <span class='ocrx_word' id='word_1_24' title='bbox 570 497 830 556; x_wconf 77' lang='lat' dir='ltr'><em>inparibus</em></span> <span class='ocrx_word' id='word_1_25' title='bbox 859 495 996 543; x_wconf 78' lang='lat' dir='ltr'><strong>video</strong></span> <span class='ocrx_word' id='word_1_26' title='bbox 1028 509 1310 544; x_wconf 73' lang='lat' dir='ltr'><strong>concurrere</strong></span> <span class='ocrx_word' id='word_1_27' title='bbox 1340 495 1446 543; x_wconf 79' lang='lat' dir='ltr'><strong>telis</strong></span> <span class='ocrx_word' id='word_1_28' title='bbox 1474 495 1842 555; x_wconf 73' lang='lat' dir='ltr'><strong><em>Parcarumque</em></strong></span> <span class='ocrx_word' id='word_1_29' title='bbox 1860 505 1943 546; x_wconf 83' lang='lat'><strong>150</strong></span> 
     </span>
     <span class='ocr_line' id='line_1_5' title="bbox 32 568 1840 637; baseline -0.001 -18"><span class='ocrx_word' id='word_1_30' title='bbox 32 633 34 637; x_wconf 16' lang='lat' dir='ltr'>v</span> <span class='ocrx_word' id='word_1_31' title='bbox 142 571 246 620; x_wconf 81' lang='lat' dir='ltr'><strong>dies</strong></span> <span class='ocrx_word' id='word_1_32' title='bbox 269 574 311 619; x_wconf 83' lang='lat' dir='ltr'><strong>et</strong></span> <span class='ocrx_word' id='word_1_33' title='bbox 333 571 408 619; x_wconf 79' lang='lat' dir='ltr'><strong>vis</strong></span> <span class='ocrx_word' id='word_1_34' title='bbox 430 571 633 619; x_wconf 76' lang='lat' dir='ltr'><strong>inimica</strong></span> <span class='ocrx_word' id='word_1_35' title='bbox 651 571 973 631; x_wconf 76' lang='lat' dir='ltr'><em>propinquat:</em></span> <span class='ocrx_word' id='word_1_36' title='bbox 995 568 1159 618; x_wconf 93' lang='lat' dir='ltr'><strong>noluit</strong></span> <span class='ocrx_word' id='word_1_37' title='bbox 1181 569 1341 618; x_wconf 83' lang='lat' dir='ltr'>dicere</span> <span class='ocrx_word' id='word_1_38' title='bbox 1366 585 1424 618; x_wconf 87' lang='lat' dir='ltr'><strong>ex</strong></span> <span class='ocrx_word' id='word_1_39' title='bbox 1448 571 1621 632; x_wconf 90' lang='lat' dir='ltr'><strong>aperto</strong></span> <span class='ocrx_word' id='word_1_40' title='bbox 1638 569 1840 618; x_wconf 82' lang='lat' dir='ltr'><strong>Aenean</strong></span> 
     </span>
     <span class='ocr_line' id='line_1_6' title="bbox 91 643 1840 709; baseline 0.001 -19"><span class='ocrx_word' id='word_1_41' title='bbox 91 658 111 690; x_wconf 78' lang='lat'><strong>5</strong></span> <span class='ocrx_word' id='word_1_42' title='bbox 142 645 296 695; x_wconf 85' lang='lat' dir='ltr'><strong>fuisse</strong></span> <span class='ocrx_word' id='word_1_43' title='bbox 328 644 602 706; x_wconf 76' lang='lat' dir='ltr'><strong>fortiorem,</strong></span> <span class='ocrx_word' id='word_1_44' title='bbox 634 644 761 692; x_wconf 89' lang='lat' dir='ltr'><strong>dixit</strong></span> <span class='ocrx_word' id='word_1_45' title='bbox 789 643 1048 707; x_wconf 83' lang='lat' dir='ltr'><strong>inparibus</strong></span> <span class='ocrx_word' id='word_1_46' title='bbox 1071 644 1201 706; x_wconf 81' lang='lat' dir='ltr'><strong>telis,</strong></span> <span class='ocrx_word' id='word_1_47' title='bbox 1229 645 1288 692; x_wconf 89' lang='lat' dir='ltr'><strong>ut</strong></span> <span class='ocrx_word' id='word_1_48' title='bbox 1309 644 1454 692; x_wconf 89' lang='lat' dir='ltr'><strong>heros</strong></span> <span class='ocrx_word' id='word_1_49' title='bbox 1479 643 1658 693; x_wconf 88' lang='lat' dir='ltr'>Troius</span> <span class='ocrx_word' id='word_1_50' title='bbox 1681 645 1840 709; x_wconf 90' lang='lat' dir='ltr'><strong>magis</strong></span> 
     </span>
     <span class='ocr_line' id='line_1_7' title="bbox 143 718 1841 783; baseline 0 -15"><span class='ocrx_word' id='word_1_51' title='bbox 143 734 392 768; x_wconf 86' lang='lat' dir='ltr'><strong>armorum</strong></span> <span class='ocrx_word' id='word_1_52' title='bbox 440 734 616 783; x_wconf 82' lang='lat' dir='ltr'><strong>genere</strong></span> <span class='ocrx_word' id='word_1_53' title='bbox 663 734 814 781; x_wconf 89' lang='lat' dir='ltr'><strong>quam</strong></span> <span class='ocrx_word' id='word_1_54' title='bbox 860 718 1049 767; x_wconf 83' lang='lat' dir='ltr'><strong>viribus</strong></span> <span class='ocrx_word' id='word_1_55' title='bbox 1098 718 1314 781; x_wconf 82' lang='lat' dir='ltr'><strong>propriis</strong></span> <span class='ocrx_word' id='word_1_56' title='bbox 1361 720 1491 767; x_wconf 87' lang='lat' dir='ltr'><strong>esset</strong></span> <span class='ocrx_word' id='word_1_57' title='bbox 1537 718 1841 768; x_wconf 89' lang='lat' dir='ltr'><strong>obtenturus.</strong></span> 
     </span>
     <span class='ocr_line' id='line_1_8' title="bbox 143 792 1841 859; baseline -0.001 -17"><span class='ocrx_word' id='word_1_58' title='bbox 143 793 338 842; x_wconf 77' lang='lat' dir='ltr'><strong>addidit</strong></span> <span class='ocrx_word' id='word_1_59' title='bbox 368 793 500 841; x_wconf 91' lang='lat' dir='ltr'><strong>diem</strong></span> <span class='ocrx_word' id='word_1_60' title='bbox 532 793 650 842; x_wconf 90' lang='lat' dir='ltr'><strong>fatis</strong></span> <span class='ocrx_word' id='word_1_61' title='bbox 681 794 872 842; x_wconf 75' lang='lat' dir='ltr'><strong>ultimis</strong></span> <span class='ocrx_word' id='word_1_62' title='bbox 905 792 1149 859; x_wconf 84' lang='lat' dir='ltr'><strong>debitum,</strong></span> <span class='ocrx_word' id='word_1_63' title='bbox 1187 795 1246 841; x_wconf 95' lang='lat' dir='ltr'><strong>ut</strong></span> <span class='ocrx_word' id='word_1_64' title='bbox 1275 792 1515 855; x_wconf 84' lang='lat' dir='ltr'><strong>quicquid</strong></span> <span class='ocrx_word' id='word_1_65' title='bbox 1551 793 1616 841; x_wconf 91' lang='lat' dir='ltr'><strong>ad</strong></span> <span class='ocrx_word' id='word_1_66' title='bbox 1645 793 1841 841; x_wconf 87' lang='lat' dir='ltr'><strong>Aeneae</strong></span> 
     </span>
     <span class='ocr_line' id='line_1_9' title="bbox 142 866 1843 932; baseline 0 -17"><span class='ocrx_word' id='word_1_67' title='bbox 142 868 357 932; x_wconf 86' lang='lat' dir='ltr'><strong>gloriam</strong></span> <span class='ocrx_word' id='word_1_68' title='bbox 395 884 453 916; x_wconf 87' lang='lat' dir='ltr'><strong>ex</strong></span> <span class='ocrx_word' id='word_1_69' title='bbox 490 870 648 917; x_wconf 91' lang='lat' dir='ltr'><strong>morte</strong></span> <span class='ocrx_word' id='word_1_70' title='bbox 680 867 839 915; x_wconf 90' lang='lat' dir='ltr'><strong>Turni</strong></span> <span class='ocrx_word' id='word_1_71' title='bbox 875 866 1154 915; x_wconf 88' lang='lat' dir='ltr'><strong>redundare</strong></span> <span class='ocrx_word' id='word_1_72' title='bbox 1192 866 1440 929; x_wconf 86' lang='lat' dir='ltr'><strong>potuisset</strong></span> <span class='ocrx_word' id='word_1_73' title='bbox 1478 868 1760 916; x_wconf 79' lang='lat' dir='ltr'><strong>auferretur</strong></span> <span class='ocrx_word' id='word_1_74' title='bbox 1797 868 1843 916; x_wconf 92' lang='lat' dir='ltr'><strong>ei</strong></span> 
     </span>
     <span class='ocr_line' id='line_1_10' title="bbox 142 941 1842 1006; baseline -0.001 -15"><span class='ocrx_word' id='word_1_75' title='bbox 142 944 193 991; x_wconf 89' lang='lat' dir='ltr'><strong>et</strong></span> <span class='ocrx_word' id='word_1_76' title='bbox 230 944 360 991; x_wconf 89' lang='lat' dir='ltr'><strong>esset</strong></span> <span class='ocrx_word' id='word_1_77' title='bbox 396 942 556 1006; x_wconf 87' lang='lat' dir='ltr'><strong>magis</strong></span> <span class='ocrx_word' id='word_1_78' title='bbox 595 942 814 991; x_wconf 88' lang='lat' dir='ltr'><strong>fatorum</strong></span> <span class='ocrx_word' id='word_1_79' title='bbox 852 941 987 1004; x_wconf 91' lang='lat' dir='ltr'><strong>quod</strong></span> <span class='ocrx_word' id='word_1_80' title='bbox 1034 941 1256 990; x_wconf 88' lang='lat' dir='ltr'><strong>fortioris</strong></span> <span class='ocrx_word' id='word_1_81' title='bbox 1301 941 1474 989; x_wconf 82' lang='lat' dir='ltr'><strong>dextra</strong></span> <span class='ocrx_word' id='word_1_82' title='bbox 1520 941 1686 991; x_wconf 85' lang='lat' dir='ltr'><strong>fuerat</strong></span> <span class='ocrx_word' id='word_1_83' title='bbox 1731 958 1842 1005; x_wconf 87' lang='lat' dir='ltr'><strong>pro·</strong></span> 
     </span>
     <span class='ocr_line' id='line_1_11' title="bbox 70 1015 1845 1077; baseline 0.001 -15"><span class='ocrx_word' id='word_1_84' title='bbox 70 1031 112 1062; x_wconf 81' lang='grc' dir='ltr'><strong>ιο</strong></span> <span class='ocrx_word' id='word_1_85' title='bbox 142 1032 408 1065; x_wconf 88' lang='lat' dir='ltr'><strong>cessurum.</strong></span> <span class='ocrx_word' id='word_1_86' title='bbox 484 1031 583 1065; x_wconf 74' lang='lat' dir='ltr'><strong>non</strong></span> <span class='ocrx_word' id='word_1_87' title='bbox 613 1030 838 1077; x_wconf 74' lang='lat' dir='ltr'><strong>puynam</strong></span> <span class='ocrx_word' id='word_1_88' title='bbox 877 1016 1091 1076; x_wconf 78' lang='lat' dir='ltr'><strong>aspicere</strong></span> <span class='ocrx_word' id='word_1_89' title='bbox 1127 1015 1255 1064; x_wconf 77' lang='lat' dir='ltr'><strong>hanc</strong></span> <span class='ocrx_word' id='word_1_90' title='bbox 1292 1016 1464 1073; x_wconf 71' lang='lat' dir='ltr'><strong>oculi-3,</strong></span> <span class='ocrx_word' id='word_1_91' title='bbox 1511 1031 1610 1064; x_wconf 76' lang='lat' dir='ltr'><strong>non</strong></span> <span class='ocrx_word' id='word_1_92' title='bbox 1645 1016 1845 1076; x_wconf 80' lang='lat' dir='ltr'><strong>foedera</strong></span> 
     </span>
     <span class='ocr_line' id='line_1_12' title="bbox 135 1089 1844 1154; baseline -0.001 -15"><span class='ocrx_word' id='word_1_93' title='bbox 135 1105 365 1152; x_wconf 73' lang='lat' dir='ltr'><strong>possum:</strong></span> <span class='ocrx_word' id='word_1_94' title='bbox 416 1090 569 1152; x_wconf 89' lang='lat' dir='ltr'><strong>oculi,</strong></span> <span class='ocrx_word' id='word_1_95' title='bbox 613 1089 805 1154; x_wconf 89' lang='lat' dir='ltr'><strong>inquit,</strong></span> <span class='ocrx_word' id='word_1_96' title='bbox 850 1089 948 1138; x_wconf 90' lang='lat' dir='ltr'><strong>mei</strong></span> <span class='ocrx_word' id='word_1_97' title='bbox 986 1089 1113 1138; x_wconf 93' lang='lat' dir='ltr'><strong>dura</strong></span> <span class='ocrx_word' id='word_1_98' title='bbox 1159 1090 1363 1154; x_wconf 82' lang='lat' dir='ltr'><strong>fugiunt</strong></span> <span class='ocrx_word' id='word_1_99' title='bbox 1401 1091 1451 1137; x_wconf 89' lang='lat' dir='ltr'><strong>et</strong></span> <span class='ocrx_word' id='word_1_100' title='bbox 1489 1105 1640 1139; x_wconf 85' lang='lat' dir='ltr'><strong>saeva</strong></span> <span class='ocrx_word' id='word_1_101' title='bbox 1677 1089 1844 1139; x_wconf 87' lang='lat' dir='ltr'><strong>videre</strong></span> 
     </span>
     <span class='ocr_line' id='line_1_13' title="bbox 142 1164 1844 1229; baseline -0.001 -15"><span class='ocrx_word' id='word_1_102' title='bbox 142 1180 242 1214; x_wconf 90' lang='lat' dir='ltr'><strong>non</strong></span> <span class='ocrx_word' id='word_1_103' title='bbox 284 1167 506 1229; x_wconf 85' lang='lat' dir='ltr'><strong>possunt.</strong></span> <span class='ocrx_word' id='word_1_104' title='bbox 581 1165 676 1213; x_wconf 90' lang='lat' dir='ltr'><strong>hoc</strong></span> <span class='ocrx_word' id='word_1_105' title='bbox 720 1165 856 1225; x_wconf 91' lang='lat' dir='ltr'><strong>ideo,</strong></span> <span class='ocrx_word' id='word_1_106' title='bbox 906 1180 967 1212; x_wconf 89' lang='lat' dir='ltr'><strong>ne</strong></span> <span class='ocrx_word' id='word_1_107' title='bbox 1005 1164 1219 1212; x_wconf 87' lang='lat' dir='ltr'><strong>Iuturna</strong></span> <span class='ocrx_word' id='word_1_108' title='bbox 1265 1164 1450 1213; x_wconf 85' lang='lat' dir='ltr'><strong>diceret</strong></span> <span class='ocrx_word' id='word_1_109' title='bbox 1494 1167 1551 1213; x_wconf 93' lang='lat' dir='ltr'><strong>tu</strong></span> <span class='ocrx_word' id='word_1_110' title='bbox 1602 1164 1844 1213; x_wconf 80' lang='lat' dir='ltr'><strong>auxiliare</strong></span> 
     </span>
     <span class='ocr_line' id='line_1_14' title="bbox 142 1238 1843 1303; baseline -0.001 -15"><span class='ocrx_word' id='word_1_111' title='bbox 142 1255 232 1303; x_wconf 88' lang='lat' dir='ltr'><strong>per</strong></span> <span class='ocrx_word' id='word_1_112' title='bbox 269 1241 345 1301; x_wconf 91' lang='lat' dir='ltr'><strong>te,</strong></span> <span class='ocrx_word' id='word_1_113' title='bbox 385 1239 504 1302; x_wconf 91' lang='lat' dir='ltr'><strong>quia</strong></span> <span class='ocrx_word' id='word_1_114' title='bbox 540 1239 813 1302; x_wconf 89' lang='lat' dir='ltr'><strong>plurimum</strong></span> <span class='ocrx_word' id='word_1_115' title='bbox 850 1240 1015 1302; x_wconf 87' lang='lat' dir='ltr'><strong>potes:</strong></span> <span class='ocrx_word' id='word_1_116' title='bbox 1052 1238 1143 1288; x_wconf 89' lang='lat' dir='ltr'><strong>illa</strong></span> <span class='ocrx_word' id='word_1_117' title='bbox 1183 1239 1254 1287; x_wconf 89' lang='lat' dir='ltr'><strong>ait</strong></span> <span class='ocrx_word' id='word_1_118' title='bbox 1292 1254 1382 1288; x_wconf 90' lang='lat' dir='ltr'><strong>nec</strong></span> <span class='ocrx_word' id='word_1_119' title='bbox 1418 1239 1522 1287; x_wconf 88' lang='lat' dir='ltr'><strong>tale</strong></span> <span class='ocrx_word' id='word_1_120' title='bbox 1553 1254 1710 1303; x_wconf 86' lang='lat' dir='ltr'><strong>genus</strong></span> <span class='ocrx_word' id='word_1_121' title='bbox 1742 1239 1843 1288; x_wconf 88' lang='lat' dir='ltr'><strong>foe-</strong></span> 
     </span>
     <span class='ocr_line' id='line_1_15' title="bbox 144 1313 1844 1375; baseline -0.002 -12"><span class='ocrx_word' id='word_1_122' title='bbox 144 1315 274 1363; x_wconf 89' lang='lat' dir='ltr'><strong>deris</strong></span> <span class='ocrx_word' id='word_1_123' title='bbox 326 1314 459 1363; x_wconf 91' lang='lat' dir='ltr'><strong>oculi</strong></span> <span class='ocrx_word' id='word_1_124' title='bbox 507 1313 606 1362; x_wconf 89' lang='lat' dir='ltr'><strong>mei</strong></span> <span class='ocrx_word' id='word_1_125' title='bbox 651 1313 819 1362; x_wconf 60' lang='lat' dir='ltr'><strong>&lt;ridere</strong></span> <span class='ocrx_word' id='word_1_126' title='bbox 869 1316 1082 1375; x_wconf 88' lang='lat' dir='ltr'><strong>possunt</strong></span> <span class='ocrx_word' id='word_1_127' title='bbox 1130 1329 1218 1362; x_wconf 87' lang='lat' dir='ltr'><strong>neo</strong></span> <span class='ocrx_word' id='word_1_128' title='bbox 1267 1313 1370 1362; x_wconf 84' lang='lat' dir='ltr'><strong>tale</strong></span> <span class='ocrx_word' id='word_1_129' title='bbox 1420 1315 1683 1362; x_wconf 89' lang='lat' dir='ltr'><strong>certamen.</strong></span> <span class='ocrx_word' id='word_1_130' title='bbox 1745 1329 1844 1363; x_wconf 92' lang='lat' dir='ltr'><strong>non</strong></span> 
     </span>
     <span class='ocr_line' id='line_1_16' title="bbox 72 1387 1844 1451; baseline 0.002 -18"><span class='ocrx_word' id='word_1_131' title='bbox 72 1401 113 1434; x_wconf 84' lang='lat'><strong>15</strong></span> <span class='ocrx_word' id='word_1_132' title='bbox 143 1390 311 1451; x_wconf 89' lang='lat' dir='ltr'><strong>placet</strong></span> <span class='ocrx_word' id='word_1_133' title='bbox 334 1387 596 1437; x_wconf 87' lang='lat' dir='ltr'><strong>concordia</strong></span> <span class='ocrx_word' id='word_1_134' title='bbox 626 1387 846 1451; x_wconf 87' lang='lat' dir='ltr'><strong>partium</strong></span> <span class='ocrx_word' id='word_1_135' title='bbox 878 1403 1030 1449; x_wconf 91' lang='lat' dir='ltr'><strong>quam</strong></span> <span class='ocrx_word' id='word_1_136' title='bbox 1056 1387 1133 1435; x_wconf 85' lang='lat' dir='ltr'><strong>tui</strong></span> <span class='ocrx_word' id='word_1_137' title='bbox 1155 1387 1326 1436; x_wconf 88' lang='lat' dir='ltr'><strong>fratris</strong></span> <span class='ocrx_word' id='word_1_138' title='bbox 1356 1387 1576 1436; x_wconf 86' lang='lat' dir='ltr'><strong>firmabit</strong></span> <span class='ocrx_word' id='word_1_139' title='bbox 1597 1387 1844 1448; x_wconf 82' lang='lat' dir='ltr'><strong>interituS,</strong></span> 
     </span>
     <span class='ocr_line' id='line_1_17' title="bbox 144 1461 1846 1526; baseline 0 -16"><span class='ocrx_word' id='word_1_140' title='bbox 144 1462 373 1511; x_wconf 86' lang='lat' dir='ltr'><strong>funditur</strong></span> <span class='ocrx_word' id='word_1_141' title='bbox 403 1463 606 1526; x_wconf 87' lang='lat' dir='ltr'><strong>sanguis</strong></span> <span class='ocrx_word' id='word_1_142' title='bbox 637 1462 850 1511; x_wconf 88' lang='lat' dir='ltr'><strong>insontis</strong></span> <span class='ocrx_word' id='word_1_143' title='bbox 883 1463 933 1510; x_wconf 92' lang='lat' dir='ltr'><strong>et</strong></span> <span class='ocrx_word' id='word_1_144' title='bbox 962 1463 1109 1510; x_wconf 89' lang='lat' dir='ltr'><strong>unius</strong></span> <span class='ocrx_word' id='word_1_145' title='bbox 1141 1461 1490 1525; x_wconf 82' lang='lat' dir='ltr'><strong>procurabitur</strong></span> <span class='ocrx_word' id='word_1_146' title='bbox 1519 1464 1679 1511; x_wconf 84' lang='lat' dir='ltr'><strong>morte</strong></span> <span class='ocrx_word' id='word_1_147' title='bbox 1712 1462 1846 1524; x_wconf 89' lang='lat' dir='ltr'><strong>quod</strong></span> 
     </span>
     <span class='ocr_line' id='line_1_18' title="bbox 143 1535 1845 1600; baseline -0.001 -15"><span class='ocrx_word' id='word_1_148' title='bbox 143 1538 461 1586; x_wconf 84' lang='lat' dir='ltr'><strong>vehementer</strong></span> <span class='ocrx_word' id='word_1_149' title='bbox 498 1537 767 1585; x_wconf 90' lang='lat' dir='ltr'><strong>horremus.</strong></span> <span class='ocrx_word' id='word_1_150' title='bbox 822 1535 966 1584; x_wconf 86' lang='lat' dir='ltr'><strong>finxit</strong></span> <span class='ocrx_word' id='word_1_151' title='bbox 1003 1537 1125 1584; x_wconf 87' lang='lat' dir='ltr'><strong>haec</strong></span> <span class='ocrx_word' id='word_1_152' title='bbox 1165 1535 1379 1600; x_wconf 82' lang='lat' dir='ltr'><strong>eogitari</strong></span> <span class='ocrx_word' id='word_1_153' title='bbox 1415 1551 1507 1599; x_wconf 90' lang='lat' dir='ltr'><strong>pro</strong></span> <span class='ocrx_word' id='word_1_154' title='bbox 1547 1536 1716 1585; x_wconf 82' lang='lat' dir='ltr'><strong>Turno</strong></span> <span class='ocrx_word' id='word_1_155' title='bbox 1755 1551 1845 1584; x_wconf 89' lang='lat' dir='ltr'><strong>nec</strong></span> 
     </span>
     <span class='ocr_line' id='line_1_19' title="bbox 145 1609 1846 1673; baseline -0.001 -13"><span class='ocrx_word' id='word_1_156' title='bbox 145 1611 241 1660; x_wconf 87' lang='lat' dir='ltr'><strong>sibi</strong></span> <span class='ocrx_word' id='word_1_157' title='bbox 284 1610 479 1673; x_wconf 88' lang='lat' dir='ltr'><strong>aliquid</strong></span> <span class='ocrx_word' id='word_1_158' title='bbox 516 1610 858 1673; x_wconf 87' lang='lat' dir='ltr'><strong>profuturum,</strong></span> <span class='ocrx_word' id='word_1_159' title='bbox 908 1610 950 1659; x_wconf 90' lang='lat' dir='ltr'><strong>si</strong></span> <span class='ocrx_word' id='word_1_160' title='bbox 989 1610 1188 1659; x_wconf 91' lang='lat' dir='ltr'><strong>foedera</strong></span> <span class='ocrx_word' id='word_1_161' title='bbox 1225 1609 1568 1672; x_wconf 83' lang='lat' dir='ltr'><strong>turbarentur,</strong></span> <span class='ocrx_word' id='word_1_162' title='bbox 1615 1612 1666 1659; x_wconf 90' lang='lat' dir='ltr'><strong>et</strong></span> <span class='ocrx_word' id='word_1_163' title='bbox 1703 1625 1846 1659; x_wconf 90' lang='lat' dir='ltr'><strong>omne</strong></span> 
     </span>
     <span class='ocr_line' id='line_1_20' title="bbox 146 1684 1846 1749; baseline -0.001 -15"><span class='ocrx_word' id='word_1_164' title='bbox 146 1684 466 1734; x_wconf 90' lang='lat' dir='ltr'><strong>consiliorum</strong></span> <span class='ocrx_word' id='word_1_165' title='bbox 496 1684 811 1734; x_wconf 91' lang='lat' dir='ltr'><strong>commodum</strong></span> <span class='ocrx_word' id='word_1_166' title='bbox 840 1686 894 1733; x_wconf 92' lang='lat' dir='ltr'><strong>in</strong></span> <span class='ocrx_word' id='word_1_167' title='bbox 925 1685 1164 1733; x_wconf 88' lang='lat' dir='ltr'><strong>Iuturnae</strong></span> <span class='ocrx_word' id='word_1_168' title='bbox 1187 1686 1382 1747; x_wconf 85' lang='lat' dir='ltr'><strong>partem</strong></span> <span class='ocrx_word' id='word_1_169' title='bbox 1408 1685 1556 1748; x_wconf 88' lang='lat' dir='ltr'><strong>plena</strong></span> <span class='ocrx_word' id='word_1_170' title='bbox 1588 1701 1846 1749; x_wconf 77' lang='lat' dir='ltr'><strong>arg-umen-</strong></span> 
     </span>
     <span class='ocr_line' id='line_1_21' title="bbox 71 1758 1845 1822; baseline 0.002 -18"><span class='ocrx_word' id='word_1_171' title='bbox 71 1773 115 1804; x_wconf 77' lang='lat'><strong>20</strong></span> <span class='ocrx_word' id='word_1_172' title='bbox 144 1760 335 1809; x_wconf 86' lang='lat' dir='ltr'><strong>tatione</strong></span> <span class='ocrx_word' id='word_1_173' title='bbox 380 1758 711 1821; x_wconf 81' lang='lat' dir='ltr'><strong>transfundit,</strong></span> <span class='ocrx_word' id='word_1_174' title='bbox 759 1761 819 1807; x_wconf 90' lang='lat' dir='ltr'><strong>ut</strong></span> <span class='ocrx_word' id='word_1_175' title='bbox 863 1759 955 1807; x_wconf 89' lang='lat' dir='ltr'><strong>illa</strong></span> <span class='ocrx_word' id='word_1_176' title='bbox 1000 1775 1090 1822; x_wconf 92' lang='lat' dir='ltr'><strong>pro</strong></span> <span class='ocrx_word' id='word_1_177' title='bbox 1130 1760 1352 1807; x_wconf 85' lang='lat' dir='ltr'><strong>fraterna</strong></span> <span class='ocrx_word' id='word_1_178' title='bbox 1397 1759 1620 1808; x_wconf 84' lang='lat' dir='ltr'><strong>utilitate</strong></span> <span class='ocrx_word' id='word_1_179' title='bbox 1658 1759 1845 1808; x_wconf 90' lang='lat' dir='ltr'><strong>faciens</strong></span> 
     </span>
     <span class='ocr_line' id='line_1_22' title="bbox 145 1832 1845 1898; baseline -0.001 -16"><span class='ocrx_word' id='word_1_180' title='bbox 145 1837 436 1898; x_wconf 89' lang='lat' dir='ltr'><strong>procuraret</strong></span> <span class='ocrx_word' id='word_1_181' title='bbox 473 1834 624 1882; x_wconf 88' lang='lat' dir='ltr'><strong>utilia</strong></span> <span class='ocrx_word' id='word_1_182' title='bbox 661 1833 828 1883; x_wconf 87' lang='lat' dir='ltr'><strong>nescia</strong></span> <span class='ocrx_word' id='word_1_183' title='bbox 867 1834 1002 1896; x_wconf 93' lang='lat' dir='ltr'><strong>quod</strong></span> <span class='ocrx_word' id='word_1_184' title='bbox 1039 1833 1245 1881; x_wconf 90' lang='lat' dir='ltr'><strong>Iunonis</strong></span> <span class='ocrx_word' id='word_1_185' title='bbox 1286 1832 1450 1882; x_wconf 88' lang='lat' dir='ltr'><strong>studio</strong></span> <span class='ocrx_word' id='word_1_186' title='bbox 1489 1834 1845 1896; x_wconf 91' lang='lat' dir='ltr'><strong>proventurum</strong></span> 
     </span>
     <span class='ocr_line' id='line_1_23' title="bbox 146 1907 1844 1971; baseline -0.001 -15"><span class='ocrx_word' id='word_1_187' title='bbox 146 1910 276 1957; x_wconf 91' lang='lat' dir='ltr'><strong>esset</strong></span> <span class='ocrx_word' id='word_1_188' title='bbox 321 1908 559 1971; x_wconf 86' lang='lat' dir='ltr'><strong>quicquid</strong></span> <span class='ocrx_word' id='word_1_189' title='bbox 603 1909 657 1956; x_wconf 91' lang='lat' dir='ltr'><strong>in</strong></span> <span class='ocrx_word' id='word_1_190' title='bbox 704 1924 763 1956; x_wconf 90' lang='lat' dir='ltr'><strong>ea</strong></span> <span class='ocrx_word' id='word_1_191' title='bbox 809 1923 958 1956; x_wconf 90' lang='lat' dir='ltr'><strong>causa</strong></span> <span class='ocrx_word' id='word_1_192' title='bbox 1005 1907 1148 1956; x_wconf 88' lang='lat' dir='ltr'><strong>labor</strong></span> <span class='ocrx_word' id='word_1_193' title='bbox 1192 1910 1360 1970; x_wconf 91' lang='lat' dir='ltr'><strong>posset</strong></span> <span class='ocrx_word' id='word_1_194' title='bbox 1404 1907 1678 1970; x_wconf 87' lang='lat' dir='ltr'><strong>adquirere.</strong></span> <span class='ocrx_word' id='word_1_195' title='bbox 1756 1923 1844 1955; x_wconf 88' lang='lat' dir='ltr'><strong>nos</strong></span> 
     </span>
     <span class='ocr_line' id='line_1_24' title="bbox 145 1981 1845 2045; baseline -0.001 -15"><span class='ocrx_word' id='word_1_196' title='bbox 145 1981 220 2031; x_wconf 91' lang='lat' dir='ltr'><strong>ita</strong></span> <span class='ocrx_word' id='word_1_197' title='bbox 249 1983 372 2030; x_wconf 90' lang='lat' dir='ltr'><strong>haec</strong></span> <span class='ocrx_word' id='word_1_198' title='bbox 404 1997 556 2044; x_wconf 79' lang='lat' dir='ltr'><strong>quae,</strong></span> <span class='ocrx_word' id='word_1_199' title='bbox 593 1982 711 2030; x_wconf 89' lang='lat' dir='ltr'><strong>licet</strong></span> <span class='ocrx_word' id='word_1_200' title='bbox 740 1981 875 2031; x_wconf 90' lang='lat' dir='ltr'><strong>dicta</strong></span> <span class='ocrx_word' id='word_1_201' title='bbox 906 1998 1005 2031; x_wconf 91' lang='lat' dir='ltr'><strong>non</strong></span> <span class='ocrx_word' id='word_1_202' title='bbox 1037 1982 1159 2042; x_wconf 88' lang='lat' dir='ltr'><strong>sint,</strong></span> <span class='ocrx_word' id='word_1_203' title='bbox 1197 1984 1366 2031; x_wconf 90' lang='lat' dir='ltr'><strong>tamen</strong></span> <span class='ocrx_word' id='word_1_204' title='bbox 1397 1987 1664 2045; x_wconf 87' lang='lat' dir='ltr'><strong>apparent,</strong></span> <span class='ocrx_word' id='word_1_205' title='bbox 1704 1981 1845 2031; x_wconf 90' lang='lat' dir='ltr'><strong>debe-</strong></span> 
     </span>
     <span class='ocr_line' id='line_1_25' title="bbox 145 2055 1845 2120; baseline 0 -16"><span class='ocrx_word' id='word_1_206' title='bbox 145 2072 256 2105; x_wconf 90' lang='lat' dir='ltr'><strong>mus</strong></span> <span class='ocrx_word' id='word_1_207' title='bbox 288 2055 600 2105; x_wconf 86' lang='lat' dir='ltr'><strong>considerata</strong></span> <span class='ocrx_word' id='word_1_208' title='bbox 629 2056 860 2105; x_wconf 91' lang='lat' dir='ltr'><strong>inimicae</strong></span> <span class='ocrx_word' id='word_1_209' title='bbox 892 2072 1104 2119; x_wconf 91' lang='lat' dir='ltr'><strong>persona</strong></span> <span class='ocrx_word' id='word_1_210' title='bbox 1135 2057 1389 2120; x_wconf 83' lang='lat' dir='ltr'><strong>colligere,</strong></span> <span class='ocrx_word' id='word_1_211' title='bbox 1419 2059 1478 2105; x_wconf 88' lang='lat' dir='ltr'><strong>ut</strong></span> <span class='ocrx_word' id='word_1_212' title='bbox 1508 2056 1690 2105; x_wconf 87' lang='lat' dir='ltr'><strong>idcirco</strong></span> <span class='ocrx_word' id='word_1_213' title='bbox 1721 2074 1845 2120; x_wconf 84' lang='lat' dir='ltr'><strong>pug-</strong></span> 
     </span>
     <span class='ocr_line' id='line_1_26' title="bbox 73 2130 1845 2193; baseline 0.001 -17"><span class='ocrx_word' id='word_1_214' title='bbox 73 2144 116 2176; x_wconf 80' lang='lat'><strong>25</strong></span> <span class='ocrx_word' id='word_1_215' title='bbox 146 2146 265 2179; x_wconf 92' lang='lat' dir='ltr'><strong>nam</strong></span> <span class='ocrx_word' id='word_1_216' title='bbox 300 2130 464 2193; x_wconf 85' lang='lat' dir='ltr'><strong>ipsam</strong></span> <span class='ocrx_word' id='word_1_217' title='bbox 502 2130 732 2179; x_wconf 87' lang='lat' dir='ltr'><strong>videatur</strong></span> <span class='ocrx_word' id='word_1_218' title='bbox 768 2131 1040 2191; x_wconf 90' lang='lat' dir='ltr'><strong>horruisse,</strong></span> <span class='ocrx_word' id='word_1_219' title='bbox 1078 2147 1139 2178; x_wconf 89' lang='lat' dir='ltr'><strong>ne</strong></span> <span class='ocrx_word' id='word_1_220' title='bbox 1170 2131 1408 2179; x_wconf 85' lang='lat' dir='ltr'><strong>victorem</strong></span> <span class='ocrx_word' id='word_1_221' title='bbox 1448 2133 1669 2179; x_wconf 89' lang='lat' dir='ltr'><strong>cerneret</strong></span> <span class='ocrx_word' id='word_1_222' title='bbox 1700 2148 1845 2193; x_wconf 91' lang='lat' dir='ltr'><strong>quem</strong></span> 
     </span>
     <span class='ocr_line' id='line_1_27' title="bbox 145 2204 1847 2268; baseline 0.001 -16"><span class='ocrx_word' id='word_1_223' title='bbox 145 2222 236 2268; x_wconf 92' lang='lat' dir='ltr'><strong>per</strong></span> <span class='ocrx_word' id='word_1_224' title='bbox 284 2204 482 2252; x_wconf 84' lang='lat' dir='ltr'><strong>infinita</strong></span> <span class='ocrx_word' id='word_1_225' title='bbox 531 2207 759 2267; x_wconf 91' lang='lat' dir='ltr'><strong>tempora</strong></span> <span class='ocrx_word' id='word_1_226' title='bbox 810 2207 959 2267; x_wconf 91' lang='lat' dir='ltr'><strong>atque</strong></span> <span class='ocrx_word' id='word_1_227' title='bbox 1008 2205 1295 2254; x_wconf 89' lang='lat' dir='ltr'><strong>innumeros</strong></span> <span class='ocrx_word' id='word_1_228' title='bbox 1346 2221 1489 2254; x_wconf 86' lang='lat' dir='ltr'><strong>casus</strong></span> <span class='ocrx_word' id='word_1_229' title='bbox 1538 2221 1638 2253; x_wconf 92' lang='lat' dir='ltr'><strong>non</strong></span> <span class='ocrx_word' id='word_1_230' title='bbox 1684 2206 1847 2254; x_wconf 82' lang='lat' dir='ltr'><strong>valuit</strong></span> 
     </span>
     <span class='ocr_line' id='line_1_28' title="bbox 147 2278 1846 2342; baseline -0.001 -14"><span class='ocrx_word' id='word_1_231' title='bbox 147 2293 393 2342; x_wconf 89' lang='lat' dir='ltr'><strong>superare.</strong></span> <span class='ocrx_word' id='word_1_232' title='bbox 470 2280 521 2326; x_wconf 87' lang='lat' dir='ltr'><strong>et</strong></span> <span class='ocrx_word' id='word_1_233' title='bbox 557 2279 651 2327; x_wconf 89' lang='lat' dir='ltr'><strong>hoc</strong></span> <span class='ocrx_word' id='word_1_234' title='bbox 690 2294 889 2342; x_wconf 89' lang='lat' dir='ltr'><strong>quoque</strong></span> <span class='ocrx_word' id='word_1_235' title='bbox 935 2278 1202 2327; x_wconf 82' lang='lat' dir='ltr'><strong>videndum</strong></span> <span class='ocrx_word' id='word_1_236' title='bbox 1247 2280 1344 2341; x_wconf 84' lang='lat' dir='ltr'><strong>est,</strong></span> <span class='ocrx_word' id='word_1_237' title='bbox 1389 2279 1530 2328; x_wconf 89' lang='lat' dir='ltr'><strong>illam</strong></span> <span class='ocrx_word' id='word_1_238' title='bbox 1574 2280 1737 2342; x_wconf 91' lang='lat' dir='ltr'><strong>ipsam</strong></span> <span class='ocrx_word' id='word_1_239' title='bbox 1776 2280 1846 2327; x_wconf 90' lang='lat' dir='ltr'><strong>sic</strong></span> 
     </span>
     <span class='ocr_line' id='line_1_29' title="bbox 149 2351 1846 2417; baseline 0 -17"><span class='ocrx_word' id='word_1_240' title='bbox 149 2353 208 2402; x_wconf 91' lang='lat' dir='ltr'><strong>de</strong></span> <span class='ocrx_word' id='word_1_241' title='bbox 248 2352 443 2401; x_wconf 88' lang='lat' dir='ltr'><strong>Aeneae</strong></span> <span class='ocrx_word' id='word_1_242' title='bbox 484 2352 740 2415; x_wconf 87' lang='lat' dir='ltr'><strong>Turnique</strong></span> <span class='ocrx_word' id='word_1_243' title='bbox 778 2351 1006 2414; x_wconf 87' lang='lat' dir='ltr'><strong>partibus</strong></span> <span class='ocrx_word' id='word_1_244' title='bbox 1038 2352 1200 2416; x_wconf 92' lang='lat' dir='ltr'><strong>loqui,</strong></span> <span class='ocrx_word' id='word_1_245' title='bbox 1237 2355 1297 2402; x_wconf 92' lang='lat' dir='ltr'><strong>ut</strong></span> <span class='ocrx_word' id='word_1_246' title='bbox 1334 2354 1585 2417; x_wconf 90' lang='lat' dir='ltr'><strong>praeferat</strong></span> <span class='ocrx_word' id='word_1_247' title='bbox 1623 2354 1846 2401; x_wconf 88' lang='lat' dir='ltr'><strong>Turnum</strong></span> 
     </span>
     <span class='ocr_line' id='line_1_30' title="bbox 149 2426 1846 2491; baseline 0 -17"><span class='ocrx_word' id='word_1_248' title='bbox 149 2429 200 2476; x_wconf 85' lang='lat' dir='ltr'><strong>et</strong></span> <span class='ocrx_word' id='word_1_249' title='bbox 237 2426 439 2475; x_wconf 91' lang='lat' dir='ltr'><strong>Aenean</strong></span> <span class='ocrx_word' id='word_1_250' title='bbox 483 2427 654 2490; x_wconf 92' lang='lat' dir='ltr'><strong>cupiat</strong></span> <span class='ocrx_word' id='word_1_251' title='bbox 701 2442 805 2474; x_wconf 90' lang='lat' dir='ltr'><strong>esse</strong></span> <span class='ocrx_word' id='word_1_252' title='bbox 845 2427 1104 2475; x_wconf 88' lang='lat' dir='ltr'><strong>deiectum.</strong></span> <span class='ocrx_word' id='word_1_253' title='bbox 1181 2444 1333 2489; x_wconf 90' lang='lat' dir='ltr'><strong>nunc,</strong></span> <span class='ocrx_word' id='word_1_254' title='bbox 1378 2427 1565 2491; x_wconf 91' lang='lat' dir='ltr'><strong>inquit,</strong></span> <span class='ocrx_word' id='word_1_255' title='bbox 1615 2428 1846 2475; x_wconf 84' lang='lat' dir='ltr'><strong>iuvenem</strong></span> 
     </span>
     <span class='ocr_line' id='line_1_31' title="bbox 76 2500 1844 2565; baseline 0.002 -19"><span class='ocrx_word' id='word_1_256' title='bbox 76 2514 118 2546; x_wconf 80' lang='lat'><strong>30</strong></span> <span class='ocrx_word' id='word_1_257' title='bbox 148 2500 407 2564; x_wconf 90' lang='lat' dir='ltr'><strong>inparibus</strong></span> <span class='ocrx_word' id='word_1_258' title='bbox 454 2500 596 2548; x_wconf 86' lang='lat' dir='ltr'><strong>video</strong></span> <span class='ocrx_word' id='word_1_259' title='bbox 644 2516 931 2549; x_wconf 90' lang='lat' dir='ltr'><strong>concurrere</strong></span> <span class='ocrx_word' id='word_1_260' title='bbox 969 2502 1083 2550; x_wconf 88' lang='lat' dir='ltr'><strong>telis</strong></span> <span class='ocrx_word' id='word_1_261' title='bbox 1122 2501 1492 2565; x_wconf 79' lang='lat' dir='ltr'><strong>Parcarumque</strong></span> <span class='ocrx_word' id='word_1_262' title='bbox 1532 2502 1635 2549; x_wconf 89' lang='lat' dir='ltr'><strong>dies</strong></span> <span class='ocrx_word' id='word_1_263' title='bbox 1683 2502 1732 2549; x_wconf 89' lang='lat' dir='ltr'><strong>et</strong></span> <span class='ocrx_word' id='word_1_264' title='bbox 1770 2501 1844 2550; x_wconf 86' lang='lat' dir='ltr'><strong>vis</strong></span> 
     </span>
     <span class='ocr_line' id='line_1_32' title="bbox 147 2573 1846 2639; baseline 0 -17"><span class='ocrx_word' id='word_1_265' title='bbox 147 2575 354 2622; x_wconf 89' lang='lat' dir='ltr'><strong>inimica</strong></span> <span class='ocrx_word' id='word_1_266' title='bbox 383 2573 701 2637; x_wconf 89' lang='lat' dir='ltr'><strong>propinquat.</strong></span> <span class='ocrx_word' id='word_1_267' title='bbox 762 2573 954 2623; x_wconf 83' lang='lat' dir='ltr'><strong>iuvenis</strong></span> <span class='ocrx_word' id='word_1_268' title='bbox 994 2578 1070 2624; x_wconf 91' lang='lat' dir='ltr'><strong>est</strong></span> <span class='ocrx_word' id='word_1_269' title='bbox 1106 2577 1275 2625; x_wconf 91' lang='lat' dir='ltr'><strong>noster</strong></span> <span class='ocrx_word' id='word_1_270' title='bbox 1313 2578 1363 2624; x_wconf 90' lang='lat' dir='ltr'><strong>et</strong></span> <span class='ocrx_word' id='word_1_271' title='bbox 1400 2577 1600 2639; x_wconf 89' lang='lat' dir='ltr'><strong>poterat</strong></span> <span class='ocrx_word' id='word_1_272' title='bbox 1637 2574 1846 2636; x_wconf 89' lang='lat' dir='ltr'><strong>vincere,</strong></span> 
     </span>
     <span class='ocr_line' id='line_1_33' title="bbox 150 2648 1845 2714; baseline 0.001 -17"><span class='ocrx_word' id='word_1_273' title='bbox 150 2649 194 2697; x_wconf 91' lang='lat' dir='ltr'><strong>si</strong></span> <span class='ocrx_word' id='word_1_274' title='bbox 233 2648 406 2711; x_wconf 89' lang='lat' dir='ltr'><strong>aequis</strong></span> <span class='ocrx_word' id='word_1_275' title='bbox 446 2649 595 2696; x_wconf 90' lang='lat' dir='ltr'><strong>armis</strong></span> <span class='ocrx_word' id='word_1_276' title='bbox 636 2648 952 2698; x_wconf 89' lang='lat' dir='ltr'><strong>contenderet</strong></span> <span class='ocrx_word' id='word_1_277' title='bbox 990 2651 1080 2699; x_wconf 87' lang='lat' dir='ltr'><strong>aut</strong></span> <span class='ocrx_word' id='word_1_278' title='bbox 1114 2650 1252 2699; x_wconf 91' lang='lat' dir='ltr'><strong>nulla</strong></span> <span class='ocrx_word' id='word_1_279' title='bbox 1282 2651 1536 2714; x_wconf 88' lang='lat' dir='ltr'><strong>ingrueret</strong></span> <span class='ocrx_word' id='word_1_280' title='bbox 1572 2649 1732 2697; x_wconf 90' lang='lat' dir='ltr'><strong>maior</strong></span> <span class='ocrx_word' id='word_1_281' title='bbox 1770 2650 1845 2698; x_wconf 87' lang='lat' dir='ltr'><strong>vis</strong></span> 
     </span>
     <span class='ocr_line' id='line_1_34' title="bbox 151 2722 1845 2786; baseline -0.001 -15"><span class='ocrx_word' id='word_1_282' title='bbox 151 2726 241 2772; x_wconf 89' lang='lat' dir='ltr'><strong>aut</strong></span> <span class='ocrx_word' id='word_1_283' title='bbox 277 2722 459 2770; x_wconf 90' lang='lat' dir='ltr'><strong>ultima</strong></span> <span class='ocrx_word' id='word_1_284' title='bbox 496 2722 640 2770; x_wconf 90' lang='lat' dir='ltr'><strong>illum</strong></span> <span class='ocrx_word' id='word_1_285' title='bbox 670 2723 778 2771; x_wconf 88' lang='lat' dir='ltr'><strong>fata</strong></span> <span class='ocrx_word' id='word_1_286' title='bbox 815 2739 914 2772; x_wconf 91' lang='lat' dir='ltr'><strong>non</strong></span> <span class='ocrx_word' id='word_1_287' title='bbox 946 2728 1244 2786; x_wconf 88' lang='lat' dir='ltr'><strong>premerent:</strong></span> <span class='ocrx_word' id='word_1_288' title='bbox 1278 2726 1464 2786; x_wconf 87' lang='lat' dir='ltr'><strong>quanta</strong></span> <span class='ocrx_word' id='word_1_289' title='bbox 1493 2723 1651 2772; x_wconf 85' lang='lat' dir='ltr'><strong>virtus</strong></span> <span class='ocrx_word' id='word_1_290' title='bbox 1684 2722 1845 2772; x_wconf 89' lang='lat' dir='ltr'><strong>dicen-</strong></span> 
     </span>
    </p>
   </div>
   <div class='ocr_carea' id='block_1_3' title="bbox 151 2822 507 2830">
    <p class='ocr_par' dir='ltr' id='par_1_3' title="bbox 151 2822 507 2830">
     <span class='ocr_line' id='line_1_35' title="bbox 151 2822 507 2830; baseline 0 396"><span class='ocrx_word' id='word_1_291' title='bbox 151 2822 507 2830; x_wconf 95' lang='lat' dir='ltr'><strong> </strong></span> 
     </span>
    </p>
   </div>
   <div class='ocr_carea' id='block_1_4' title="bbox 151 2907 1845 3085">
    <p class='ocr_par' dir='ltr' id='par_1_4' title="bbox 151 2907 1845 3085">
     <span class='ocr_line' id='line_1_36' title="bbox 274 2907 1845 2965; baseline 0.002 -15"><span class='ocrx_word' id='word_1_292' title='bbox 274 2911 326 2951; x_wconf 85' lang='lat'><strong>15</strong></span> <span class='ocrx_word' id='word_1_293' title='bbox 354 2908 506 2964; x_wconf 83' lang='lat' dir='ltr'><strong>placet</strong></span> <span class='ocrx_word' id='word_1_294' title='bbox 536 2907 780 2952; x_wconf 75' lang='lat' dir='ltr'><strong>concordia</strong></span> <span class='ocrx_word' id='word_1_295' title='bbox 802 2907 844 2951; x_wconf 92' lang='lat' dir='ltr'><strong>V</strong></span> <span class='ocrx_word' id='word_1_296' title='bbox 875 2910 988 2953; x_wconf 76' lang='lat' dir='ltr'><strong>mihi</strong></span> <span class='ocrx_word' id='word_1_297' title='bbox 1026 2909 1245 2964; x_wconf 86' lang='lat' dir='ltr'><strong>interpos.</strong></span> <span class='ocrx_word' id='word_1_298' title='bbox 1280 2909 1351 2952; x_wconf 90' lang='lat' dir='ltr'><strong>ed.</strong></span> <span class='ocrx_word' id='word_1_299' title='bbox 1488 2913 1541 2952; x_wconf 87' lang='grc'><strong>16</strong></span> <span class='ocrx_word' id='word_1_300' title='bbox 1574 2909 1845 2965; x_wconf 73' lang='lat' dir='ltr'><strong>procwrabi-</strong></span> 
     </span>
     <span class='ocr_line' id='line_1_37' title="bbox 151 2965 1840 3025; baseline 0.001 -15"><span class='ocrx_word' id='word_1_301' title='bbox 151 2971 229 3011; x_wconf 82' lang='lat' dir='ltr'><strong>twr</strong></span> <span class='ocrx_word' id='word_1_302' title='bbox 251 2966 293 3009; x_wconf 92' lang='lat' dir='ltr'><strong>V</strong></span> <span class='ocrx_word' id='word_1_303' title='bbox 324 2967 420 3011; x_wconf 74' lang='lat' dir='ltr'><strong>-bit</strong></span> <span class='ocrx_word' id='word_1_304' title='bbox 450 2965 521 3010; x_wconf 87' lang='lat' dir='ltr'><strong>ed.</strong></span> <span class='ocrx_word' id='word_1_305' title='bbox 637 2970 691 3010; x_wconf 80' lang='lat'><strong>17</strong></span> <span class='ocrx_word' id='word_1_306' title='bbox 724 2969 919 3012; x_wconf 49' lang='lat' dir='ltr'><strong>orfimas</strong></span> <span class='ocrx_word' id='word_1_307' title='bbox 941 2967 995 3012; x_wconf 89' lang='lat' dir='ltr'><strong>V.</strong></span> <span class='ocrx_word' id='word_1_308' title='bbox 1112 2973 1167 3012; x_wconf 86' lang='lat'><strong>23</strong></span> <span class='ocrx_word' id='word_1_309' title='bbox 1199 2970 1290 3013; x_wconf 83' lang='lat' dir='ltr'><strong>ista</strong></span> <span class='ocrx_word' id='word_1_310' title='bbox 1313 2967 1355 3011; x_wconf 94' lang='lat' dir='ltr'><strong>V</strong></span> <span class='ocrx_word' id='word_1_311' title='bbox 1379 2967 1451 3011; x_wconf 89' lang='lat' dir='ltr'><strong>ed.</strong></span> <span class='ocrx_word' id='word_1_312' title='bbox 1483 2969 1552 3012; x_wconf 81' lang='lat' dir='ltr'><strong>ita</strong></span> <span class='ocrx_word' id='word_1_313' title='bbox 1583 2967 1653 3012; x_wconf 87' lang='lat' dir='ltr'><strong>ed.</strong></span> <span class='ocrx_word' id='word_1_314' title='bbox 1679 2969 1800 3023; x_wconf 85' lang='lat' dir='ltr'><strong>post.</strong></span> <span class='ocrx_word' id='word_1_315' title='bbox 1836 2969 1840 3025; x_wconf 52' lang='grc' dir='ltr'><em>ἦ</em></span> 
     </span>
     <span class='ocr_line' id='line_1_38' title="bbox 153 3024 1401 3085; baseline -0.001 -15"><span class='ocrx_word' id='word_1_316' title='bbox 153 3030 194 3070; x_wconf 85' lang='lat' dir='ltr'><strong>et</strong></span> <span class='ocrx_word' id='word_1_317' title='bbox 223 3030 375 3070; x_wconf 79' lang='lat' dir='ltr'><strong>tamen</strong></span> <span class='ocrx_word' id='word_1_318' title='bbox 398 3024 440 3068; x_wconf 92' lang='lat' dir='ltr'><strong>V</strong></span> <span class='ocrx_word' id='word_1_319' title='bbox 466 3025 536 3069; x_wconf 90' lang='lat' dir='ltr'><strong>ed.</strong></span> <span class='ocrx_word' id='word_1_320' title='bbox 570 3030 612 3070; x_wconf 79' lang='lat' dir='ltr'><strong>et</strong></span> <span class='ocrx_word' id='word_1_321' title='bbox 643 3025 805 3071; x_wconf 83' lang='lat' dir='ltr'><strong>delevi.</strong></span> <span class='ocrx_word' id='word_1_322' title='bbox 929 3031 984 3072; x_wconf 82' lang='lat'><strong>26</strong></span> <span class='ocrx_word' id='word_1_323' title='bbox 1016 3033 1149 3085; x_wconf 78' lang='lat' dir='ltr'><strong>atque</strong></span> <span class='ocrx_word' id='word_1_324' title='bbox 1173 3026 1214 3069; x_wconf 92' lang='lat' dir='ltr'><strong>V</strong></span> <span class='ocrx_word' id='word_1_325' title='bbox 1246 3041 1301 3072; x_wconf 90' lang='lat' dir='ltr'><strong>ac</strong></span> <span class='ocrx_word' id='word_1_326' title='bbox 1330 3026 1401 3072; x_wconf 89' lang='lat' dir='ltr'><strong>ed.</strong></span> 
     </span>
    </p>
   </div>
  </div>
 </body>
</html>
