2050 3226
211 186 319 239 238
687 183 919 228 DONATI
948 183 1230 228 INTERPR.
1255 184 1434 229 VERG.

211 323 274 372 ad
322 324 451 373 solos
495 323 707 387 equiteS‚
746 325 832 372 sed
872 327 922 373 et
961 325 1026 372 ad
1062 324 1253 387 pedites
1292 323 1518 387 pertinet.
1582 325 1744 372 cetera
1783 323 1902 371 dum

208 397 340 462 legio
380 399 567 461 campis
606 399 852 447 instructa
889 401 1134 459 moratur,
1172 398 1337 446 ibant:
1376 413 1485 447 eece
1522 397 1767 447 indicavit
1803 413 1902 445 non

209 473 341 521 solos
389 473 577 536 equites
625 472 778 520 fuisse
826 475 877 521 et
916 472 1133 521 ostendit
1175 488 1262 521 our
1298 471 1488 534 pedites
1527 472 1902 534 remansissent3

207 546 464 595 instructis
505 547 634 594 enim
675 546 929 594 ordinibus
970 546 1309 595 ambulabant.
1370 562 1470 595 non
1501 562 1618 610 ergo
1656 561 1902 594 remanse-

207 622 340 682 runt,
378 620 463 670 sed
503 636 616 668 cum
654 636 795 669 mora
825 620 1111 683 veniebant3
1148 621 1244 669 iter
1282 620 1414 668 enim
1443 620 1669 683 peditum
1705 620 1904 669 tardum
1955 624 1976 668 5

210 697 306 757 est,
352 695 433 743 vel
476 694 687 743 maxime
727 697 1048 743 armatorum.
1119 693 1348 758 designat
1385 696 1724 757 quantitatem
1760 708 1902 758 prae-

207 768 494 829 missorum,
541 770 774 830 trecenti,
823 768 1012 832 inquit,
1061 769 1287 831 fuerunt3
1337 769 1521 817 scutati
1567 784 1757 830 omnes,
1802 783 1902 815 non

208 844 377 891 omisit
417 843 663 905 quomodo
704 845 869 891 essent
906 841 1100 891 muniti.
1162 843 1329 891 Turno
1366 842 1475 907 regi
1511 857 1750 905 responsa
1779 842 1903 890 fere-

154 935 159 938 ·
206 916 349 965 bant:
380 917 647 965 veniebant
671 916 734 965 ad
758 917 982 965 Turnum
1013 933 1125 965 cum
1155 917 1426 979 responsis:
1459 933 1587 979 quae
1611 917 1709 966 ista
1741 917 1904 965 essent

206 991 286 1039 vel
317 992 457 1039 euius
491 994 542 1039 et
571 993 740 1039 utrum
771 992 974 1040 deorum
1006 1007 1070 1039 an
1100 990 1315 1039 hominis
1346 1006 1446 1039 non
1471 991 1610 1039 dixit.
1659 990 1902 1038 Vulcente
1935 1005 1995 1038 ιο·

205 1066 471 1129 magistr03
517 1067 711 1113 numeri
757 1067 889 1114 enim
934 1065 1177 1115 militares
1217 1065 1323 1114 sine
1363 1065 1620 1129 magistris
1660 1079 1764 1113 esse
1803 1081 1902 1113 non

205 1142 428 1201 possunt.
481 1141 645 1188 totum
669 1139 796 1188 dixit
820 1141 870 1188 et
901 1155 1094 1188 summa
1115 1139 1362 1189 brevitate
1386 1140 1661 1188 collectum.
1709 1139 1904 1198 iamque

200 1214 602 1274 propinquabant
624 1215 811 1271 castri3‚
842 1229 1075 1274 muroque
1097 1215 1342 1271 subibant,
1373 1213 1471 1277 ipsi
1494 1213 1683 1262 scilieet
1710 1211 1902 1274 equites

206 1290 257 1336 et
287 1287 516 1336 VulcenS.
589 1303 698 1336 cwm
728 1289 904 1349 procul
933 1289 1019 1336 hos
1051 1289 1185 1336 laevo
1223 1289 1453 1347 flectentis
1492 1288 1640 1335 limite
1679 1290 1903 1335 cernunt:

204 1362 438 1411 viderunt
459 1361 638 1411 Nisum
671 1363 721 1410 et
750 1363 1028 1426 Euryalum
1065 1363 1119 1410 in
1149 1362 1405 1411 sinistram
1434 1362 1677 1410 transitus
1707 1363 1901 1423 partem
1935 1374 1987 1408 15.

203 1435 300 1484 iter
329 1435 585 1485 flectentis.
641 1437 921 1498 quaeritur:
954 1436 1200 1500 quomodo
1231 1453 1320 1500 per
1349 1439 1546 1484 noctem
1568 1435 1727 1484 videri
1755 1437 1902 1497 potu-

206 1509 384 1558 erunt?
430 1514 474 1558 et
499 1511 643 1571 yalea
665 1511 946 1571 Euryalum
976 1511 1212 1559 sublustri
1233 1511 1385 1559 noctis
1407 1511 1461 1558 in
1483 1511 1661 1558 umbra
1681 1509 1905 1569 prodidit

204 1585 514 1632 inmemorem
565 1585 815 1645 radiisque
869 1585 1079 1633 adversa
1130 1585 1347 1645 refulsit.-
1407 1583 1673 1632 sublustris
1726 1582 1902 1631 umbra

206 1661 282 1707 est
328 1674 456 1721 quae
496 1674 667 1707 sereno
716 1659 851 1707 caelo
891 1659 1044 1707 habet
1082 1658 1274 1722 aliquid
1303 1657 1518 1707 luminis.
1587 1658 1706 1706 talis
1745 1657 1903 1721 igitur

206 1749 317 1781 cum
348 1736 476 1782 esset
506 1749 618 1795 nox,
650 1733 822 1797 galeae
854 1734 1088 1795 splendor
1118 1748 1355 1796 spargens
1381 1749 1440 1781 ex
1464 1748 1514 1781 se
1544 1732 1712 1780 radios
1745 1730 1900 1780 oeulis
1932 1745 1976 1777 20

206 1809 448 1856 exercitus
498 1807 742 1856 venientis
791 1807 1010 1856 obfulsit.
1086 1823 1186 1855 non
1233 1822 1348 1870 ergo
1393 1807 1492 1869 ipsi
1537 1807 1759 1855 homines
1806 1804 1902 1853 visi

207 1885 343 1943 sunt,
391 1882 476 1930 sed
515 1897 687 1930 eorum
730 1881 984 1930 indicium.
1055 1882 1229 1930 attulit
1272 1882 1367 1930 hoc
1411 1881 1535 1929 Niso
1582 1881 1632 1929 et
1677 1880 1900 1943 Euryalo

205 1972 231 2004 e
274 1955 467 2004 diverso
518 1958 723 2005 eventus
770 1955 1014 2016 exoriens,
1060 1958 1119 2004 ut
1165 1972 1223 2004 ea
1267 1956 1391 2003 hora
1429 1955 1507 2003 1111
1554 1954 1902 2019 egrederentur

206 2046 231 2078 e
263 2030 437 2078 eastris
467 2030 769 2078 Rutulorum
801 2046 900 2093 qua
938 2030 1188 2079 venientes
1228 2030 1394 2078 hostes
1432 2045 1586 2092 prope
1623 2029 1901 2092 ingressum

205 2104 431 2165 fuerunt,
471 2104 644 2152 attulit
682 2106 732 2152 et
769 2105 963 2152 incuria
999 2104 1208 2166 Euryali
1248 2104 1461 2164 malum,
1498 2102 1585 2166 qui
1622 2103 1899 2167 fulgentem
1931 2114 1973 2147 25

103 2188 187 2227 375
206 2178 403 2242 galeam
441 2194 539 2226 non
580 2177 851 2228 abscondit.
923 2178 1043 2226 haut
1087 2181 1259 2226 temere
1306 2181 1375 2226 est
1418 2179 1605 2225 visum:
1650 2192 1762 2224 eum
1806 2177 1899 2225 hoc

205 2251 413 2300 vidisset
451 2254 714 2313 exercitus,
745 2268 843 2300 non
876 2252 1088 2301 eredidit
1118 2267 1222 2301 esse
1253 2252 1593 2313 temnendum3
1631 2266 1729 2298 non
1769 2251 1899 2298 enim

204 2341 418 2374 vacuum
449 2340 553 2374 esse
583 2327 750 2387 potuit
774 2326 906 2389 quod
930 2327 1164 2389 splendor
1191 2327 1278 2374 ille
1309 2325 1591 2374 nuntiabat.
1633 2325 1900 2373 conclamat

206 2402 267 2448 ab
316 2400 508 2461 aqmine
563 2400 793 2455 Vulcens:
841 2404 984 2457 state,
1035 2402 1155 2448 viri:
1206 2400 1351 2464 quasi
1395 2401 1530 2462 ipsos
1575 2414 1747 2446 revera
1786 2414 1897 2447 con-

206 2474 465 2536 spexisset,
497 2475 567 2522 sie
599 2474 812 2522 clamare
845 2474 1008 2536 coepit
1039 2476 1182 2524 state.
1245 2488 1367 2535 quae
1398 2487 1550 2522 causa
1579 2473 1721 2520 viae?
1760 2474 1899 2533 quive
1929 2484 1973 2517 80

206 2549 317 2596 estis
355 2550 409 2596 in
448 2548 634 2596 armis?
680 2562 828 2608 Quove
859 2549 1024 2596 tenetis
1061 2550 1184 2596 iter?
1229 2550 1391 2596 totum
1423 2563 1617 2596 summa
1653 2546 1897 2595 brevitate

207 2622 474 2684 quaesivit,
525 2623 612 2685 qui
662 2624 845 2683 essent,
894 2638 990 2685 quo
1038 2621 1219 2671 armati
1255 2621 1514 2670 tenderent
1560 2622 1609 2668 et
1649 2636 1777 2683 quae
1816 2635 1896 2669 eos

327 2768 381 2806 14
413 2768 453 2807 et
486 2764 677 2808 Vulcens
708 2776 795 2806 om.
822 2763 892 2806 ed.
986 2768 1038 2806 21
1072 2763 1256 2818 refulsit
1285 2762 1356 2807 ed.
1454 2767 1509 2805 22
1539 2762 1617 2806 secl
1647 2762 1831 2806 deorum
1854 2761 1896 2805 V

207 2835 319 2866 corr.
370 2822 440 2865 ed.
500 2822 503 2880 Ι
563 2823 788 2866 indicium
827 2822 868 2865 V
914 2837 1045 2866 arma
1089 2823 1316 2880 fulyentia
1362 2821 1583 2866 dederunt
1628 2820 1733 2864 add.
1779 2820 1848 2864 ed.
1887 2820 1891 2877 1

205 2883 285 2925 hoc
309 2881 350 2924 V
380 2882 489 2926 haec
521 2881 591 2925 ed.
685 2887 740 2924 23
773 2887 814 2926 et
836 2882 1010 2926 diverso
1034 2881 1075 2925 V
1108 2896 1163 2926 ex
1189 2882 1376 2926 adverso
1407 2880 1478 2923 ed.
1517 2880 1519 2937 1
1555 2880 1640 2924 illa
1663 2879 1704 2922 V
1727 2880 1801 2923 illi
1823 2878 1894 2923 ed.

207 2945 262 2983 26
295 2946 378 2984 aut
407 2954 491 2995 pro
522 2941 635 2985 haut
657 2940 699 2983 V
731 2941 802 2984 ed.
837 2954 949 2984 corr.
984 2940 1055 2985 ed.
1087 2943 1206 2996 post.
1341 2944 1395 2983 27
1429 2939 1668 2984 tenendum
1690 2938 1732 2982 V
1763 2943 1893 2983 temn.

206 3013 289 3042 nos
321 3000 560 3043 tacendum
593 2999 663 3043 ed.
789 3004 843 3043 30
876 3005 916 3044 et
946 3001 1010 3044 sic
1042 2999 1112 3043 ed.
