<?xml version="1.0" encoding="UTF-8"?>
<!DOCTYPE html PUBLIC "-//W3C//DTD XHTML 1.0 Transitional//EN"
    "http://www.w3.org/TR/xhtml1/DTD/xhtml1-transitional.dtd">
<html xmlns="http://www.w3.org/1999/xhtml" xml:lang="en" lang="en">
 <head>
  <title>
</title>
<meta http-equiv="Content-Type" content="text/html;charset=utf-8" />
  <meta name='ocr-system' content='tesseract 3.04.00' />
  <meta name='ocr-capabilities' content='ocr_page ocr_carea ocr_par ocr_line ocrx_word'/>
</head>
<body>
  <div class='ocr_page' id='page_1' title='image "./interpretationes02donauoft_0561.png"; bbox 0 0 2050 3226; ppageno 0'>
   <div class='ocr_carea' id='block_1_1' title="bbox 773 169 1830 226">
    <p class='ocr_par' dir='ltr' id='par_1_1' title="bbox 773 169 1830 226">
     <span class='ocr_line' id='line_1_1' title="bbox 773 169 1830 226; baseline 0 -12"><span class='ocrx_word' id='word_1_1' title='bbox 773 169 1078 215; x_wconf 78' lang='lat' dir='ltr'>AENEmos</span> <span class='ocrx_word' id='word_1_2' title='bbox 1109 169 1195 214; x_wconf 79' lang='grc' dir='ltr'>ΧΠ</span> <span class='ocrx_word' id='word_1_3' title='bbox 1724 172 1830 226; x_wconf 83' lang='lat'>557</span> 
     </span>
    </p>
   </div>
   <div class='ocr_carea' id='block_1_2' title="bbox 65 310 1898 2525">
    <p class='ocr_par' dir='ltr' id='par_1_2' title="bbox 136 310 1838 596">
     <span class='ocr_line' id='line_1_2' title="bbox 255 310 1838 370; baseline -0.001 -11"><span class='ocrx_word' id='word_1_4' title='bbox 255 311 647 370; x_wconf 77' lang='lat' dir='ltr'>Hautquaquam</span> <span class='ocrx_word' id='word_1_5' title='bbox 685 310 825 359; x_wconf 77' lang='lat' dir='ltr'>dictis</span> <span class='ocrx_word' id='word_1_6' title='bbox 866 310 1095 358; x_wconf 77' lang='lat' dir='ltr'>violentia</span> <span class='ocrx_word' id='word_1_7' title='bbox 1135 310 1295 358; x_wconf 76' lang='lat' dir='ltr'>Tarni</span> <span class='ocrx_word' id='word_1_8' title='bbox 1331 310 1550 368; x_wconf 75' lang='lat' dir='ltr'>flectitur,</span> <span class='ocrx_word' id='word_1_9' title='bbox 1606 314 1838 370; x_wconf 78' lang='lat' dir='ltr'><strong><em>exuperat</em></strong></span> 
     </span>
     <span class='ocr_line' id='line_1_3' title="bbox 136 382 1835 447; baseline -0.001 -13"><span class='ocrx_word' id='word_1_10' title='bbox 136 386 296 447; x_wconf 75' lang='lat' dir='ltr'>mayis</span> <span class='ocrx_word' id='word_1_11' title='bbox 320 385 641 446; x_wconf 75' lang='lat' dir='ltr'>aeyrescitqae</span> <span class='ocrx_word' id='word_1_12' title='bbox 661 385 918 432; x_wconf 79' lang='lat' dir='ltr'>medendo:</span> <span class='ocrx_word' id='word_1_13' title='bbox 946 384 1244 446; x_wconf 76' lang='lat' dir='ltr'>loquebatur</span> <span class='ocrx_word' id='word_1_14' title='bbox 1265 382 1498 445; x_wconf 80' lang='lat' dir='ltr'>LatinuS‚</span> <span class='ocrx_word' id='word_1_15' title='bbox 1530 384 1616 432; x_wconf 86' lang='lat' dir='ltr'>sed</span> <span class='ocrx_word' id='word_1_16' title='bbox 1640 385 1835 433; x_wconf 88' lang='lat' dir='ltr'>animus</span> 
     </span>
     <span class='ocr_line' id='line_1_4' title="bbox 139 457 1837 522; baseline -0.001 -14"><span class='ocrx_word' id='word_1_17' title='bbox 139 459 297 508; x_wconf 84' lang='lat' dir='ltr'>Turni</span> <span class='ocrx_word' id='word_1_18' title='bbox 333 474 438 507; x_wconf 91' lang='lat' dir='ltr'>non</span> <span class='ocrx_word' id='word_1_19' title='bbox 475 460 677 506; x_wconf 86' lang='lat' dir='ltr'>tantum</span> <span class='ocrx_word' id='word_1_20' title='bbox 717 474 818 506; x_wconf 94' lang='lat' dir='ltr'>non</span> <span class='ocrx_word' id='word_1_21' title='bbox 856 458 1183 522; x_wconf 85' lang='lat' dir='ltr'>frangebatur</span> <span class='ocrx_word' id='word_1_22' title='bbox 1219 458 1540 521; x_wconf 82' lang='lat' dir='ltr'><strong>persuasione</strong></span> <span class='ocrx_word' id='word_1_23' title='bbox 1580 457 1837 507; x_wconf 90' lang='lat' dir='ltr'>commoda</span> 
     </span>
     <span class='ocr_line' id='line_1_5' title="bbox 138 531 1837 596; baseline -0.002 -13"><span class='ocrx_word' id='word_1_24' title='bbox 138 549 310 583; x_wconf 83' lang='lat' dir='ltr'>verum</span> <span class='ocrx_word' id='word_1_25' title='bbox 341 533 492 581; x_wconf 89' lang='lat' dir='ltr'>etiam</span> <span class='ocrx_word' id='word_1_26' title='bbox 524 532 668 595; x_wconf 83' lang='lat' dir='ltr'><strong>quasi</strong></span> <span class='ocrx_word' id='word_1_27' title='bbox 692 532 989 596; x_wconf 85' lang='lat' dir='ltr'>quibusdam</span> <span class='ocrx_word' id='word_1_28' title='bbox 1018 532 1234 582; x_wconf 86' lang='lat' dir='ltr'>stimulis</span> <span class='ocrx_word' id='word_1_29' title='bbox 1265 531 1540 596; x_wconf 78' lang='lat' dir='ltr'>urgebatur</span> <span class='ocrx_word' id='word_1_30' title='bbox 1568 532 1622 580; x_wconf 93' lang='lat' dir='ltr'>in</span> <span class='ocrx_word' id='word_1_31' title='bbox 1652 532 1837 580; x_wconf 87' lang='lat' dir='ltr'>furiam</span> 
     </span>
    </p>

    <p class='ocr_par' dir='ltr' id='par_1_3' title="bbox 88 606 1840 966">
     <span class='ocr_line' id='line_1_6' title="bbox 88 606 1836 670; baseline -0.001 -15"><span class='ocrx_word' id='word_1_32' title='bbox 88 623 107 655; x_wconf 87' lang='lat'><strong>5</strong></span> <span class='ocrx_word' id='word_1_33' title='bbox 138 608 306 670; x_wconf 89' lang='lat' dir='ltr'>potius</span> <span class='ocrx_word' id='word_1_34' title='bbox 343 606 593 655; x_wconf 86' lang='lat' dir='ltr'>medicina</span> <span class='ocrx_word' id='word_1_35' title='bbox 623 606 874 670; x_wconf 89' lang='lat' dir='ltr'>loquentis</span> <span class='ocrx_word' id='word_1_36' title='bbox 914 622 1064 670; x_wconf 88' lang='lat' dir='ltr'>quam</span> <span class='ocrx_word' id='word_1_37' title='bbox 1100 606 1430 656; x_wconf 73' lang='lat' dir='ltr'>revocabatur</span> <span class='ocrx_word' id='word_1_38' title='bbox 1467 606 1530 655; x_wconf 90' lang='lat' dir='ltr'>ab</span> <span class='ocrx_word' id='word_1_39' title='bbox 1559 606 1836 655; x_wconf 88' lang='lat' dir='ltr'>intentione</span> 
     </span>
     <span class='ocr_line' id='line_1_7' title="bbox 140 679 1840 743; baseline -0.002 -12"><span class='ocrx_word' id='word_1_40' title='bbox 140 697 246 731; x_wconf 86' lang='lat' dir='ltr'>sua.</span> <span class='ocrx_word' id='word_1_41' title='bbox 321 681 473 730; x_wconf 91' lang='lat' dir='ltr'>fiebat</span> <span class='ocrx_word' id='word_1_42' title='bbox 511 682 697 743; x_wconf 81' lang='lat' dir='ltr'>quippe</span> <span class='ocrx_word' id='word_1_43' title='bbox 737 682 786 728; x_wconf 85' lang='lat' dir='ltr'>et</span> <span class='ocrx_word' id='word_1_44' title='bbox 831 681 918 728; x_wconf 87' lang='lat' dir='ltr'>ille</span> <span class='ocrx_word' id='word_1_45' title='bbox 965 682 1293 730; x_wconf 90' lang='lat' dir='ltr'>commotione</span> <span class='ocrx_word' id='word_1_46' title='bbox 1332 679 1567 742; x_wconf 73' lang='lat' dir='ltr'>deterior,</span> <span class='ocrx_word' id='word_1_47' title='bbox 1617 683 1676 728; x_wconf 92' lang='lat' dir='ltr'>ut</span> <span class='ocrx_word' id='word_1_48' title='bbox 1712 681 1840 730; x_wconf 91' lang='lat' dir='ltr'>solet</span> 
     </span>
     <span class='ocr_line' id='line_1_8' title="bbox 138 754 1840 819; baseline -0.001 -16"><span class='ocrx_word' id='word_1_49' title='bbox 138 771 239 803; x_wconf 92' lang='lat' dir='ltr'>non</span> <span class='ocrx_word' id='word_1_50' title='bbox 270 755 557 819; x_wconf 87' lang='lat' dir='ltr'>proficiente</span> <span class='ocrx_word' id='word_1_51' title='bbox 589 754 893 803; x_wconf 86' lang='lat' dir='ltr'>medicorum</span> <span class='ocrx_word' id='word_1_52' title='bbox 924 771 1075 819; x_wconf 90' lang='lat' dir='ltr'>opera</span> <span class='ocrx_word' id='word_1_53' title='bbox 1103 758 1175 804; x_wconf 83' lang='lat' dir='ltr'>ire</span> <span class='ocrx_word' id='word_1_54' title='bbox 1213 756 1267 803; x_wconf 92' lang='lat' dir='ltr'>in</span> <span class='ocrx_word' id='word_1_55' title='bbox 1298 755 1513 804; x_wconf 90' lang='lat' dir='ltr'>deterius</span> <span class='ocrx_word' id='word_1_56' title='bbox 1539 754 1672 818; x_wconf 92' lang='lat' dir='ltr'>quod</span> <span class='ocrx_word' id='word_1_57' title='bbox 1703 754 1840 802; x_wconf 90' lang='lat' dir='ltr'>dolet</span> 
     </span>
     <span class='ocr_line' id='line_1_9' title="bbox 139 828 1840 889; baseline -0.001 -11"><span class='ocrx_word' id='word_1_58' title='bbox 139 832 228 879; x_wconf 90' lang='lat' dir='ltr'>aut</span> <span class='ocrx_word' id='word_1_59' title='bbox 265 831 440 879; x_wconf 87' lang='lat' dir='ltr'>saevit.</span> <span class='ocrx_word' id='word_1_60' title='bbox 493 832 548 877; x_wconf 81' lang='lat' dir='ltr'>at</span> <span class='ocrx_word' id='word_1_61' title='bbox 580 830 800 889; x_wconf 76' lang='lat' dir='ltr'>primum</span> <span class='ocrx_word' id='word_1_62' title='bbox 832 830 938 889; x_wconf 77' lang='lat' dir='ltr'>fari</span> <span class='ocrx_word' id='word_1_63' title='bbox 966 830 1147 889; x_wconf 78' lang='lat' dir='ltr'>potuit,</span> <span class='ocrx_word' id='word_1_64' title='bbox 1187 830 1258 878; x_wconf 81' lang='lat' dir='ltr'>sic</span> <span class='ocrx_word' id='word_1_65' title='bbox 1294 830 1470 878; x_wconf 67' lang='lat' dir='ltr'>institit</span> <span class='ocrx_word' id='word_1_66' title='bbox 1505 843 1610 878; x_wconf 84' lang='lat' dir='ltr'>ore:</span> <span class='ocrx_word' id='word_1_67' title='bbox 1646 831 1705 877; x_wconf 92' lang='lat' dir='ltr'>ut</span> <span class='ocrx_word' id='word_1_68' title='bbox 1744 828 1840 877; x_wconf 85' lang='lat' dir='ltr'>fari</span> 
     </span>
     <span class='ocr_line' id='line_1_10' title="bbox 136 902 1839 966; baseline -0.001 -14"><span class='ocrx_word' id='word_1_69' title='bbox 136 904 326 966; x_wconf 89' lang='lat' dir='ltr'>potuit,</span> <span class='ocrx_word' id='word_1_70' title='bbox 356 904 450 953; x_wconf 90' lang='lat' dir='ltr'>hoc</span> <span class='ocrx_word' id='word_1_71' title='bbox 474 905 549 951; x_wconf 88' lang='lat' dir='ltr'>est</span> <span class='ocrx_word' id='word_1_72' title='bbox 579 919 680 951; x_wconf 94' lang='lat' dir='ltr'>non</span> <span class='ocrx_word' id='word_1_73' title='bbox 712 903 911 966; x_wconf 92' lang='lat' dir='ltr'>quando</span> <span class='ocrx_word' id='word_1_74' title='bbox 942 904 1125 965; x_wconf 87' lang='lat' dir='ltr'>voluit,</span> <span class='ocrx_word' id='word_1_75' title='bbox 1157 903 1244 952; x_wconf 91' lang='lat' dir='ltr'>sed</span> <span class='ocrx_word' id='word_1_76' title='bbox 1272 903 1467 966; x_wconf 86' lang='lat' dir='ltr'>quando</span> <span class='ocrx_word' id='word_1_77' title='bbox 1498 903 1687 966; x_wconf 88' lang='lat' dir='ltr'>potuit,</span> <span class='ocrx_word' id='word_1_78' title='bbox 1718 902 1839 966; x_wconf 90' lang='lat' dir='ltr'>quia</span> 
     </span>
    </p>

    <p class='ocr_par' dir='ltr' id='par_1_4' title="bbox 65 977 1841 1337">
     <span class='ocr_line' id='line_1_11' title="bbox 65 977 1838 1041; baseline -0.001 -16"><span class='ocrx_word' id='word_1_79' title='bbox 65 994 108 1026; x_wconf 86' lang='lat'>10</span> <span class='ocrx_word' id='word_1_80' title='bbox 138 978 431 1041; x_wconf 72' lang='lat' dir='ltr'>expectabat</span> <span class='ocrx_word' id='word_1_81' title='bbox 468 977 726 1039; x_wconf 87' lang='lat' dir='ltr'>Latinum,</span> <span class='ocrx_word' id='word_1_82' title='bbox 783 979 843 1025; x_wconf 88' lang='lat' dir='ltr'>ut</span> <span class='ocrx_word' id='word_1_83' title='bbox 892 993 1018 1040; x_wconf 88' lang='lat' dir='ltr'>quae</span> <span class='ocrx_word' id='word_1_84' title='bbox 1065 977 1262 1026; x_wconf 90' lang='lat' dir='ltr'>dicebat</span> <span class='ocrx_word' id='word_1_85' title='bbox 1307 977 1546 1040; x_wconf 86' lang='lat' dir='ltr'>loquendi</span> <span class='ocrx_word' id='word_1_86' title='bbox 1589 978 1686 1025; x_wconf 90' lang='lat' dir='ltr'>fine</span> <span class='ocrx_word' id='word_1_87' title='bbox 1725 993 1838 1026; x_wconf 94' lang='lat' dir='ltr'>con-</span> 
     </span>
     <span class='ocr_line' id='line_1_12' title="bbox 139 1051 1841 1115; baseline 0 -15"><span class='ocrx_word' id='word_1_88' title='bbox 139 1051 374 1100; x_wconf 89' lang='lat' dir='ltr'>cluderet.</span> <span class='ocrx_word' id='word_1_89' title='bbox 452 1051 658 1100; x_wconf 91' lang='lat' dir='ltr'>dicendo</span> <span class='ocrx_word' id='word_1_90' title='bbox 707 1052 905 1115; x_wconf 89' lang='lat' dir='ltr'>quando</span> <span class='ocrx_word' id='word_1_91' title='bbox 946 1051 1110 1115; x_wconf 87' lang='lat' dir='ltr'>potuit</span> <span class='ocrx_word' id='word_1_92' title='bbox 1157 1051 1297 1113; x_wconf 91' lang='lat' dir='ltr'>loqui</span> <span class='ocrx_word' id='word_1_93' title='bbox 1347 1054 1466 1100; x_wconf 91' lang='lat' dir='ltr'>tunc</span> <span class='ocrx_word' id='word_1_94' title='bbox 1515 1052 1713 1101; x_wconf 86' lang='lat' dir='ltr'>locutus</span> <span class='ocrx_word' id='word_1_95' title='bbox 1765 1053 1841 1100; x_wconf 88' lang='lat' dir='ltr'>est</span> 
     </span>
     <span class='ocr_line' id='line_1_13' title="bbox 140 1125 1839 1188; baseline 0 -14"><span class='ocrx_word' id='word_1_96' title='bbox 140 1126 292 1175; x_wconf 89' lang='lat' dir='ltr'>etiam</span> <span class='ocrx_word' id='word_1_97' title='bbox 329 1126 459 1174; x_wconf 93' lang='lat' dir='ltr'>illud</span> <span class='ocrx_word' id='word_1_98' title='bbox 497 1126 655 1188; x_wconf 81' lang='lat' dir='ltr'>accipi</span> <span class='ocrx_word' id='word_1_99' title='bbox 686 1128 872 1188; x_wconf 91' lang='lat' dir='ltr'>potest,</span> <span class='ocrx_word' id='word_1_100' title='bbox 912 1126 1137 1174; x_wconf 83' lang='lat' dir='ltr'>Turnum</span> <span class='ocrx_word' id='word_1_101' title='bbox 1174 1125 1327 1174; x_wconf 89' lang='lat' dir='ltr'>etiam</span> <span class='ocrx_word' id='word_1_102' title='bbox 1357 1127 1472 1174; x_wconf 89' lang='lat' dir='ltr'>ante</span> <span class='ocrx_word' id='word_1_103' title='bbox 1503 1125 1674 1175; x_wconf 85' lang='lat' dir='ltr'>Latini</span> <span class='ocrx_word' id='word_1_104' title='bbox 1704 1125 1839 1174; x_wconf 85' lang='lat' dir='ltr'>dicta</span> 
     </span>
     <span class='ocr_line' id='line_1_14' title="bbox 138 1199 1839 1263; baseline 0 -15"><span class='ocrx_word' id='word_1_105' title='bbox 138 1216 366 1263; x_wconf 91' lang='lat' dir='ltr'>rumpere</span> <span class='ocrx_word' id='word_1_106' title='bbox 398 1200 628 1262; x_wconf 86' lang='lat' dir='ltr'>voluisse,</span> <span class='ocrx_word' id='word_1_107' title='bbox 661 1199 747 1248; x_wconf 90' lang='lat' dir='ltr'>sed</span> <span class='ocrx_word' id='word_1_108' title='bbox 775 1200 913 1261; x_wconf 88' lang='lat' dir='ltr'>haec,</span> <span class='ocrx_word' id='word_1_109' title='bbox 945 1215 1058 1248; x_wconf 90' lang='lat' dir='ltr'>cum</span> <span class='ocrx_word' id='word_1_110' title='bbox 1090 1201 1279 1250; x_wconf 84' lang='lat' dir='ltr'>invitus</span> <span class='ocrx_word' id='word_1_111' title='bbox 1313 1201 1572 1262; x_wconf 87' lang='lat' dir='ltr'>acciperet,</span> <span class='ocrx_word' id='word_1_112' title='bbox 1602 1200 1839 1250; x_wconf 87' lang='lat' dir='ltr'>tolerasse</span> 
     </span>
     <span class='ocr_line' id='line_1_15' title="bbox 139 1273 1841 1337; baseline -0.001 -14"><span class='ocrx_word' id='word_1_113' title='bbox 139 1274 336 1324; x_wconf 89' lang='lat' dir='ltr'>silentio</span> <span class='ocrx_word' id='word_1_114' title='bbox 368 1276 573 1337; x_wconf 91' lang='lat' dir='ltr'>propter</span> <span class='ocrx_word' id='word_1_115' title='bbox 602 1290 843 1337; x_wconf 86' lang='lat' dir='ltr'>personae</span> <span class='ocrx_word' id='word_1_116' title='bbox 872 1273 1214 1323; x_wconf 86' lang='lat' dir='ltr'>reverentiam.</span> <span class='ocrx_word' id='word_1_117' title='bbox 1269 1289 1417 1335; x_wconf 78' lang='lat' dir='ltr'>quam</span> <span class='ocrx_word' id='word_1_118' title='bbox 1442 1289 1534 1334; x_wconf 90' lang='lat' dir='ltr'>pro</span> <span class='ocrx_word' id='word_1_119' title='bbox 1564 1288 1640 1322; x_wconf 84' lang='lat' dir='ltr'>me</span> <span class='ocrx_word' id='word_1_120' title='bbox 1670 1289 1841 1323; x_wconf 84' lang='lat' dir='ltr'>cwram</span> 
     </span>
    </p>

    <p class='ocr_par' dir='ltr' id='par_1_5' title="bbox 67 1348 1898 1708">
     <span class='ocr_line' id='line_1_16' title="bbox 67 1348 1840 1410; baseline 0.001 -15"><span class='ocrx_word' id='word_1_121' title='bbox 67 1364 107 1396; x_wconf 85' lang='lat'>15</span> <span class='ocrx_word' id='word_1_122' title='bbox 135 1350 266 1410; x_wconf 77' lang='lat' dir='ltr'>yeris</span> <span class='ocrx_word' id='word_1_123' title='bbox 302 1349 430 1397; x_wconf 77' lang='lat' dir='ltr'>hanc</span> <span class='ocrx_word' id='word_1_124' title='bbox 458 1363 647 1408; x_wconf 88' lang='lat' dir='ltr'>precor,</span> <span class='ocrx_word' id='word_1_125' title='bbox 687 1349 881 1408; x_wconf 81' lang='lat' dir='ltr'>optime,</span> <span class='ocrx_word' id='word_1_126' title='bbox 922 1363 1013 1408; x_wconf 89' lang='lat' dir='ltr'>pro</span> <span class='ocrx_word' id='word_1_127' title='bbox 1051 1363 1126 1397; x_wconf 84' lang='lat' dir='ltr'>me</span> <span class='ocrx_word' id='word_1_128' title='bbox 1164 1349 1381 1408; x_wconf 79' lang='lat' dir='ltr'>deponas</span> <span class='ocrx_word' id='word_1_129' title='bbox 1419 1348 1656 1408; x_wconf 75' lang='lat' dir='ltr'>letumque</span> <span class='ocrx_word' id='word_1_130' title='bbox 1699 1349 1840 1397; x_wconf 74' lang='lat' dir='ltr'>sinas</span> 
     </span>
     <span class='ocr_line' id='line_1_17' title="bbox 131 1414 1898 1485; baseline 0 -14"><span class='ocrx_word' id='word_1_131' title='bbox 131 1437 227 1484; x_wconf 87' lang='lat' dir='ltr'>pro</span> <span class='ocrx_word' id='word_1_132' title='bbox 267 1423 412 1471; x_wconf 77' lang='lat' dir='ltr'>laude</span> <span class='ocrx_word' id='word_1_133' title='bbox 444 1423 656 1483; x_wconf 73' lang='lat' dir='ltr'>pacisci:</span> <span class='ocrx_word' id='word_1_134' title='bbox 704 1422 850 1485; x_wconf 86' lang='lat' dir='ltr'>facis,</span> <span class='ocrx_word' id='word_1_135' title='bbox 897 1423 1085 1485; x_wconf 91' lang='lat' dir='ltr'>inquit,</span> <span class='ocrx_word' id='word_1_136' title='bbox 1133 1422 1266 1484; x_wconf 89' lang='lat' dir='ltr'>quod</span> <span class='ocrx_word' id='word_1_137' title='bbox 1302 1423 1462 1471; x_wconf 89' lang='lat' dir='ltr'>bonus</span> <span class='ocrx_word' id='word_1_138' title='bbox 1501 1423 1754 1472; x_wconf 90' lang='lat' dir='ltr'>consultor</span> <span class='ocrx_word' id='word_1_139' title='bbox 1791 1425 1842 1471; x_wconf 92' lang='lat' dir='ltr'>et</span> <span class='ocrx_word' id='word_1_140' title='bbox 1859 1414 1898 1452; x_wconf 71' lang='lat'>‘-</span> 
     </span>
     <span class='ocr_line' id='line_1_18' title="bbox 139 1496 1839 1561; baseline 0.001 -17"><span class='ocrx_word' id='word_1_141' title='bbox 139 1497 368 1561; x_wconf 84' lang='lat' dir='ltr'>egregius</span> <span class='ocrx_word' id='word_1_142' title='bbox 399 1511 594 1560; x_wconf 85' lang='lat' dir='ltr'>parens,</span> <span class='ocrx_word' id='word_1_143' title='bbox 617 1498 676 1545; x_wconf 92' lang='lat' dir='ltr'>ut</span> <span class='ocrx_word' id='word_1_144' title='bbox 705 1497 835 1545; x_wconf 86' lang='lat' dir='ltr'>feras</span> <span class='ocrx_word' id='word_1_145' title='bbox 866 1513 957 1559; x_wconf 93' lang='lat' dir='ltr'>pro</span> <span class='ocrx_word' id='word_1_146' title='bbox 981 1513 1060 1545; x_wconf 91' lang='lat' dir='ltr'>me</span> <span class='ocrx_word' id='word_1_147' title='bbox 1084 1513 1234 1559; x_wconf 92' lang='lat' dir='ltr'>quem</span> <span class='ocrx_word' id='word_1_148' title='bbox 1261 1496 1429 1561; x_wconf 83' lang='lat' dir='ltr'>diligis</span> <span class='ocrx_word' id='word_1_149' title='bbox 1454 1513 1640 1558; x_wconf 89' lang='lat' dir='ltr'>curam,</span> <span class='ocrx_word' id='word_1_150' title='bbox 1663 1496 1839 1546; x_wconf 89' lang='lat' dir='ltr'>melius</span> 
     </span>
     <span class='ocr_line' id='line_1_19' title="bbox 138 1570 1841 1634; baseline 0 -15"><span class='ocrx_word' id='word_1_151' title='bbox 138 1573 308 1619; x_wconf 90' lang='lat' dir='ltr'>tamen</span> <span class='ocrx_word' id='word_1_152' title='bbox 338 1586 428 1634; x_wconf 90' lang='lat' dir='ltr'>pro</span> <span class='ocrx_word' id='word_1_153' title='bbox 452 1588 531 1619; x_wconf 92' lang='lat' dir='ltr'>me</span> <span class='ocrx_word' id='word_1_154' title='bbox 557 1571 724 1633; x_wconf 87' lang='lat' dir='ltr'>facies,</span> <span class='ocrx_word' id='word_1_155' title='bbox 748 1572 792 1619; x_wconf 90' lang='lat' dir='ltr'>si</span> <span class='ocrx_word' id='word_1_156' title='bbox 823 1570 1065 1620; x_wconf 87' lang='lat' dir='ltr'>eiusmodi</span> <span class='ocrx_word' id='word_1_157' title='bbox 1095 1570 1483 1620; x_wconf 90' lang='lat' dir='ltr'>sollicitudinem</span> <span class='ocrx_word' id='word_1_158' title='bbox 1506 1586 1675 1633; x_wconf 90' lang='lat' dir='ltr'>ponas.</span> <span class='ocrx_word' id='word_1_159' title='bbox 1732 1587 1841 1619; x_wconf 91' lang='lat' dir='ltr'>ecce</span> 
     </span>
     <span class='ocr_line' id='line_1_20' title="bbox 140 1644 1842 1708; baseline 0.001 -15"><span class='ocrx_word' id='word_1_160' title='bbox 140 1647 190 1694; x_wconf 86' lang='lat' dir='ltr'>et</span> <span class='ocrx_word' id='word_1_161' title='bbox 226 1646 334 1708; x_wconf 88' lang='lat' dir='ltr'>ipse</span> <span class='ocrx_word' id='word_1_162' title='bbox 366 1646 567 1694; x_wconf 84' lang='lat' dir='ltr'>subtilis</span> <span class='ocrx_word' id='word_1_163' title='bbox 600 1647 697 1707; x_wconf 84' lang='lat' dir='ltr'>est3</span> <span class='ocrx_word' id='word_1_164' title='bbox 735 1661 855 1694; x_wconf 92' lang='lat' dir='ltr'>nam</span> <span class='ocrx_word' id='word_1_165' title='bbox 885 1645 1004 1708; x_wconf 90' lang='lat' dir='ltr'>quia</span> <span class='ocrx_word' id='word_1_166' title='bbox 1035 1644 1182 1694; x_wconf 89' lang='lat' dir='ltr'>dictis</span> <span class='ocrx_word' id='word_1_167' title='bbox 1214 1646 1319 1694; x_wconf 89' lang='lat' dir='ltr'>eius</span> <span class='ocrx_word' id='word_1_168' title='bbox 1352 1646 1438 1708; x_wconf 90' lang='lat' dir='ltr'>qui</span> <span class='ocrx_word' id='word_1_169' title='bbox 1470 1647 1635 1694; x_wconf 89' lang='lat' dir='ltr'>totum</span> <span class='ocrx_word' id='word_1_170' title='bbox 1665 1644 1842 1694; x_wconf 81' lang='lat' dir='ltr'>habuit</span> 
     </span>
    </p>

    <p class='ocr_par' dir='ltr' id='par_1_6' title="bbox 65 1718 1843 2079">
     <span class='ocr_line' id='line_1_21' title="bbox 65 1718 1840 1782; baseline 0.002 -17"><span class='ocrx_word' id='word_1_171' title='bbox 65 1733 109 1765; x_wconf 80' lang='lat'>20</span> <span class='ocrx_word' id='word_1_172' title='bbox 138 1721 191 1767; x_wconf 88' lang='lat' dir='ltr'>in</span> <span class='ocrx_word' id='word_1_173' title='bbox 220 1721 468 1782; x_wconf 86' lang='lat' dir='ltr'>potestate</span> <span class='ocrx_word' id='word_1_174' title='bbox 501 1720 721 1782; x_wconf 89' lang='lat' dir='ltr'>apertius</span> <span class='ocrx_word' id='word_1_175' title='bbox 751 1720 981 1768; x_wconf 89' lang='lat' dir='ltr'>resistere</span> <span class='ocrx_word' id='word_1_176' title='bbox 1013 1736 1114 1769; x_wconf 94' lang='lat' dir='ltr'>non</span> <span class='ocrx_word' id='word_1_177' title='bbox 1143 1721 1363 1782; x_wconf 90' lang='lat' dir='ltr'>poterat,</span> <span class='ocrx_word' id='word_1_178' title='bbox 1394 1718 1555 1767; x_wconf 89' lang='lat' dir='ltr'>utitur</span> <span class='ocrx_word' id='word_1_179' title='bbox 1585 1719 1840 1768; x_wconf 87' lang='lat' dir='ltr'>suadentis</span> 
     </span>
     <span class='ocr_line' id='line_1_22' title="bbox 140 1792 1843 1858; baseline -0.001 -16"><span class='ocrx_word' id='word_1_180' title='bbox 140 1796 190 1842; x_wconf 88' lang='lat' dir='ltr'>et</span> <span class='ocrx_word' id='word_1_181' title='bbox 235 1793 545 1857; x_wconf 85' lang='lat' dir='ltr'>deprecantis</span> <span class='ocrx_word' id='word_1_182' title='bbox 593 1794 758 1842; x_wconf 89' lang='lat' dir='ltr'>officio</span> <span class='ocrx_word' id='word_1_183' title='bbox 799 1794 1035 1843; x_wconf 89' lang='lat' dir='ltr'>definiens</span> <span class='ocrx_word' id='word_1_184' title='bbox 1081 1793 1201 1856; x_wconf 92' lang='lat' dir='ltr'>quid</span> <span class='ocrx_word' id='word_1_185' title='bbox 1240 1793 1307 1842; x_wconf 91' lang='lat' dir='ltr'>sit</span> <span class='ocrx_word' id='word_1_186' title='bbox 1343 1793 1482 1841; x_wconf 86' lang='lat' dir='ltr'>utile.</span> <span class='ocrx_word' id='word_1_187' title='bbox 1568 1794 1642 1841; x_wconf 91' lang='lat' dir='ltr'>ait</span> <span class='ocrx_word' id='word_1_188' title='bbox 1685 1792 1843 1858; x_wconf 86' lang='lat' dir='ltr'>igitur</span> 
     </span>
     <span class='ocr_line' id='line_1_23' title="bbox 140 1867 1841 1917; baseline 0 -2"><span class='ocrx_word' id='word_1_189' title='bbox 140 1867 265 1916; x_wconf 79' lang='lat' dir='ltr'>utile</span> <span class='ocrx_word' id='word_1_190' title='bbox 305 1883 409 1916; x_wconf 89' lang='lat' dir='ltr'>esse</span> <span class='ocrx_word' id='word_1_191' title='bbox 449 1868 709 1916; x_wconf 85' lang='lat' dir='ltr'>arbitraris</span> <span class='ocrx_word' id='word_1_192' title='bbox 747 1870 807 1916; x_wconf 92' lang='lat' dir='ltr'>ut</span> <span class='ocrx_word' id='word_1_193' title='bbox 837 1869 1006 1917; x_wconf 87' lang='lat' dir='ltr'>vivam</span> <span class='ocrx_word' id='word_1_194' title='bbox 1035 1884 1197 1916; x_wconf 85' lang='lat' dir='ltr'>meam</span> <span class='ocrx_word' id='word_1_195' title='bbox 1234 1869 1445 1916; x_wconf 90' lang='lat' dir='ltr'>mortem</span> <span class='ocrx_word' id='word_1_196' title='bbox 1476 1868 1610 1916; x_wconf 90' lang='lat' dir='ltr'>omni</span> <span class='ocrx_word' id='word_1_197' title='bbox 1641 1868 1841 1916; x_wconf 86' lang='lat' dir='ltr'>cautela</span> 
     </span>
     <span class='ocr_line' id='line_1_24' title="bbox 140 1941 1841 2005; baseline 0.001 -16"><span class='ocrx_word' id='word_1_198' title='bbox 140 1941 436 1990; x_wconf 86' lang='lat' dir='ltr'>formidans:</span> <span class='ocrx_word' id='word_1_199' title='bbox 491 1943 596 1990; x_wconf 90' lang='lat' dir='ltr'>sine</span> <span class='ocrx_word' id='word_1_200' title='bbox 641 1958 743 2003; x_wconf 90' lang='lat' dir='ltr'>me,</span> <span class='ocrx_word' id='word_1_201' title='bbox 794 1943 980 2004; x_wconf 89' lang='lat' dir='ltr'>optime</span> <span class='ocrx_word' id='word_1_202' title='bbox 1025 1944 1190 2004; x_wconf 87' lang='lat' dir='ltr'>pater,</span> <span class='ocrx_word' id='word_1_203' title='bbox 1242 1942 1406 1991; x_wconf 86' lang='lat' dir='ltr'>subire</span> <span class='ocrx_word' id='word_1_204' title='bbox 1454 1941 1589 2005; x_wconf 91' lang='lat' dir='ltr'>quod</span> <span class='ocrx_word' id='word_1_205' title='bbox 1639 1941 1841 2004; x_wconf 84' lang='lat' dir='ltr'>metuis3</span> 
     </span>
     <span class='ocr_line' id='line_1_25' title="bbox 140 2015 1842 2079; baseline 0.001 -16"><span class='ocrx_word' id='word_1_206' title='bbox 140 2018 367 2078; x_wconf 86' lang='lat' dir='ltr'>praestat</span> <span class='ocrx_word' id='word_1_207' title='bbox 415 2016 603 2079; x_wconf 88' lang='lat' dir='ltr'>quippe</span> <span class='ocrx_word' id='word_1_208' title='bbox 649 2015 708 2064; x_wconf 88' lang='lat' dir='ltr'>de</span> <span class='ocrx_word' id='word_1_209' title='bbox 756 2031 931 2079; x_wconf 88' lang='lat' dir='ltr'>campo</span> <span class='ocrx_word' id='word_1_210' title='bbox 977 2017 1152 2064; x_wconf 86' lang='lat' dir='ltr'>referri</span> <span class='ocrx_word' id='word_1_211' title='bbox 1195 2018 1447 2064; x_wconf 88' lang='lat' dir='ltr'>mortuum</span> <span class='ocrx_word' id='word_1_212' title='bbox 1489 2032 1642 2078; x_wconf 90' lang='lat' dir='ltr'>quam</span> <span class='ocrx_word' id='word_1_213' title='bbox 1677 2017 1842 2079; x_wconf 85' lang='lat' dir='ltr'>ipsam</span> 
     </span>
    </p>

    <p class='ocr_par' dir='ltr' id='par_1_7' title="bbox 67 2089 1842 2451">
     <span class='ocr_line' id='line_1_26' title="bbox 67 2089 1841 2154; baseline 0.002 -19"><span class='ocrx_word' id='word_1_214' title='bbox 67 2104 109 2135; x_wconf 79' lang='lat'>25</span> <span class='ocrx_word' id='word_1_215' title='bbox 142 2090 357 2138; x_wconf 91' lang='lat' dir='ltr'>cedendo</span> <span class='ocrx_word' id='word_1_216' title='bbox 404 2091 654 2139; x_wconf 89' lang='lat' dir='ltr'>maculare</span> <span class='ocrx_word' id='word_1_217' title='bbox 704 2089 958 2139; x_wconf 86' lang='lat' dir='ltr'>virtutem.</span> <span class='ocrx_word' id='word_1_218' title='bbox 1035 2090 1170 2153; x_wconf 91' lang='lat' dir='ltr'>quod</span> <span class='ocrx_word' id='word_1_219' title='bbox 1220 2091 1293 2139; x_wconf 88' lang='lat' dir='ltr'>ait</span> <span class='ocrx_word' id='word_1_220' title='bbox 1342 2091 1528 2154; x_wconf 92' lang='lat' dir='ltr'>optime</span> <span class='ocrx_word' id='word_1_221' title='bbox 1578 2093 1629 2138; x_wconf 89' lang='lat' dir='ltr'>et</span> <span class='ocrx_word' id='word_1_222' title='bbox 1666 2093 1841 2154; x_wconf 88' lang='lat' dir='ltr'>postea</span> 
     </span>
     <span class='ocr_line' id='line_1_27' title="bbox 141 2163 1839 2228; baseline 0 -15"><span class='ocrx_word' id='word_1_223' title='bbox 141 2165 335 2227; x_wconf 89' lang='lat' dir='ltr'>patrem</span> <span class='ocrx_word' id='word_1_224' title='bbox 374 2163 671 2227; x_wconf 82' lang='lat' dir='ltr'>appellavit,</span> <span class='ocrx_word' id='word_1_225' title='bbox 709 2164 849 2226; x_wconf 80' lang='lat' dir='ltr'>loqui</span> <span class='ocrx_word' id='word_1_226' title='bbox 888 2164 1051 2213; x_wconf 83' lang='lat' dir='ltr'>voluit</span> <span class='ocrx_word' id='word_1_227' title='bbox 1088 2167 1147 2212; x_wconf 90' lang='lat' dir='ltr'>ut</span> <span class='ocrx_word' id='word_1_228' title='bbox 1177 2180 1341 2228; x_wconf 89' lang='lat' dir='ltr'>gener.</span> <span class='ocrx_word' id='word_1_229' title='bbox 1396 2165 1532 2227; x_wconf 90' lang='lat' dir='ltr'>quod</span> <span class='ocrx_word' id='word_1_230' title='bbox 1571 2164 1698 2213; x_wconf 83' lang='lat' dir='ltr'>dixit</span> <span class='ocrx_word' id='word_1_231' title='bbox 1736 2167 1839 2213; x_wconf 87' lang='lat' dir='ltr'>sine</span> 
     </span>
     <span class='ocr_line' id='line_1_28' title="bbox 141 2238 1842 2301; baseline 0 -15"><span class='ocrx_word' id='word_1_232' title='bbox 141 2254 241 2300; x_wconf 89' lang='lat' dir='ltr'>me,</span> <span class='ocrx_word' id='word_1_233' title='bbox 271 2253 536 2300; x_wconf 87' lang='lat' dir='ltr'>personam</span> <span class='ocrx_word' id='word_1_234' title='bbox 567 2253 709 2287; x_wconf 89' lang='lat' dir='ltr'>suam</span> <span class='ocrx_word' id='word_1_235' title='bbox 739 2241 798 2286; x_wconf 88' lang='lat' dir='ltr'>ut</span> <span class='ocrx_word' id='word_1_236' title='bbox 827 2238 1079 2287; x_wconf 87' lang='lat' dir='ltr'>inferioris</span> <span class='ocrx_word' id='word_1_237' title='bbox 1111 2238 1344 2301; x_wconf 83' lang='lat' dir='ltr'>inplevit,</span> <span class='ocrx_word' id='word_1_238' title='bbox 1375 2242 1456 2300; x_wconf 90' lang='lat' dir='ltr'>ut,</span> <span class='ocrx_word' id='word_1_239' title='bbox 1488 2239 1532 2287; x_wconf 90' lang='lat' dir='ltr'>si</span> <span class='ocrx_word' id='word_1_240' title='bbox 1562 2239 1683 2301; x_wconf 90' lang='lat' dir='ltr'>quid</span> <span class='ocrx_word' id='word_1_241' title='bbox 1714 2242 1842 2288; x_wconf 89' lang='lat' dir='ltr'>esset</span> 
     </span>
     <span class='ocr_line' id='line_1_29' title="bbox 141 2312 1842 2375; baseline 0.001 -15"><span class='ocrx_word' id='word_1_242' title='bbox 141 2313 195 2359; x_wconf 86' lang='lat' dir='ltr'>in</span> <span class='ocrx_word' id='word_1_243' title='bbox 233 2327 292 2360; x_wconf 87' lang='lat' dir='ltr'>ea</span> <span class='ocrx_word' id='word_1_244' title='bbox 324 2327 475 2360; x_wconf 89' lang='lat' dir='ltr'>causa</span> <span class='ocrx_word' id='word_1_245' title='bbox 505 2312 808 2373; x_wconf 82' lang='lat' dir='ltr'>faciendum,</span> <span class='ocrx_word' id='word_1_246' title='bbox 847 2312 987 2360; x_wconf 88' lang='lat' dir='ltr'>fieret</span> <span class='ocrx_word' id='word_1_247' title='bbox 1017 2328 1075 2361; x_wconf 84' lang='lat' dir='ltr'>ex</span> <span class='ocrx_word' id='word_1_248' title='bbox 1105 2313 1313 2375; x_wconf 89' lang='lat' dir='ltr'>potioris</span> <span class='ocrx_word' id='word_1_249' title='bbox 1345 2313 1564 2361; x_wconf 88' lang='lat' dir='ltr'>arbitrio.</span> <span class='ocrx_word' id='word_1_250' title='bbox 1627 2313 1842 2361; x_wconf 91' lang='lat' dir='ltr'>occurrit</span> 
     </span>
     <span class='ocr_line' id='line_1_30' title="bbox 141 2386 1839 2451; baseline 0.001 -18"><span class='ocrx_word' id='word_1_251' title='bbox 141 2386 220 2434; x_wconf 90' lang='lat' dir='ltr'>his</span> <span class='ocrx_word' id='word_1_252' title='bbox 259 2386 522 2450; x_wconf 88' lang='lat' dir='ltr'>generibus</span> <span class='ocrx_word' id='word_1_253' title='bbox 560 2386 638 2434; x_wconf 90' lang='lat' dir='ltr'>illi</span> <span class='ocrx_word' id='word_1_254' title='bbox 675 2386 810 2449; x_wconf 88' lang='lat' dir='ltr'>parti</span> <span class='ocrx_word' id='word_1_255' title='bbox 848 2402 974 2448; x_wconf 91' lang='lat' dir='ltr'>quae</span> <span class='ocrx_word' id='word_1_256' title='bbox 1005 2387 1205 2451; x_wconf 86' lang='lat' dir='ltr'>gravior</span> <span class='ocrx_word' id='word_1_257' title='bbox 1234 2387 1333 2436; x_wconf 89' lang='lat' dir='ltr'>fuit</span> <span class='ocrx_word' id='word_1_258' title='bbox 1364 2403 1614 2450; x_wconf 88' lang='lat' dir='ltr'>quamque</span> <span class='ocrx_word' id='word_1_259' title='bbox 1654 2386 1718 2435; x_wconf 91' lang='lat' dir='ltr'>ad</span> <span class='ocrx_word' id='word_1_260' title='bbox 1756 2386 1839 2434; x_wconf 92' lang='lat' dir='ltr'>ob-</span> 
     </span>
    </p>

    <p class='ocr_par' dir='ltr' id='par_1_8' title="bbox 68 2459 1841 2525">
     <span class='ocr_line' id='line_1_31' title="bbox 68 2459 1841 2525; baseline 0.003 -21"><span class='ocrx_word' id='word_1_261' title='bbox 68 2473 111 2505; x_wconf 83' lang='lat'>30</span> <span class='ocrx_word' id='word_1_262' title='bbox 142 2460 404 2508; x_wconf 87' lang='lat' dir='ltr'>tinendum</span> <span class='ocrx_word' id='word_1_263' title='bbox 442 2459 652 2509; x_wconf 89' lang='lat' dir='ltr'>Latinus</span> <span class='ocrx_word' id='word_1_264' title='bbox 698 2462 930 2509; x_wconf 85' lang='lat' dir='ltr'>tenuerat</span> <span class='ocrx_word' id='word_1_265' title='bbox 979 2463 1030 2510; x_wconf 92' lang='lat' dir='ltr'>et</span> <span class='ocrx_word' id='word_1_266' title='bbox 1074 2461 1393 2525; x_wconf 89' lang='lat' dir='ltr'>profuturum</span> <span class='ocrx_word' id='word_1_267' title='bbox 1439 2460 1660 2510; x_wconf 84' lang='lat' dir='ltr'>adseruit</span> <span class='ocrx_word' id='word_1_268' title='bbox 1706 2461 1841 2524; x_wconf 91' lang='lat' dir='ltr'>quod</span> 
     </span>
    </p>
   </div>
   <div class='ocr_carea' id='block_1_3' title="bbox 142 2561 498 2566">
    <p class='ocr_par' dir='ltr' id='par_1_9' title="bbox 142 2561 498 2566">
     <span class='ocr_line' id='line_1_32' title="bbox 142 2561 498 2566; baseline 0 0"><span class='ocrx_word' id='word_1_269' title='bbox 142 2561 498 2566; x_wconf 95' lang='lat' dir='ltr'> </span> 
     </span>
    </p>
   </div>
   <div class='ocr_carea' id='block_1_4' title="bbox 263 2630 1838 2689">
    <p class='ocr_par' dir='ltr' id='par_1_10' title="bbox 263 2630 1838 2689">
     <span class='ocr_line' id='line_1_33' title="bbox 263 2630 1838 2689; baseline 0 -15"><span class='ocrx_word' id='word_1_270' title='bbox 263 2635 289 2673; x_wconf 80' lang='lat'><strong>2</strong></span> <span class='ocrx_word' id='word_1_271' title='bbox 323 2631 625 2688; x_wconf 75' lang='lat' dir='ltr'>acyrescitque</span> <span class='ocrx_word' id='word_1_272' title='bbox 648 2630 690 2674; x_wconf 90' lang='lat' dir='ltr'><strong>V</strong></span> <span class='ocrx_word' id='word_1_273' title='bbox 722 2632 1001 2688; x_wconf 76' lang='lat' dir='ltr'>ardescitque</span> <span class='ocrx_word' id='word_1_274' title='bbox 1038 2631 1155 2677; x_wconf 90' lang='lat' dir='ltr'>Don.</span> <span class='ocrx_word' id='word_1_275' title='bbox 1195 2632 1365 2689; x_wconf 84' lang='lat' dir='ltr'>legisse</span> <span class='ocrx_word' id='word_1_276' title='bbox 1403 2632 1452 2675; x_wconf 89' lang='lat' dir='ltr'>in</span> <span class='ocrx_word' id='word_1_277' title='bbox 1492 2645 1675 2675; x_wconf 86' lang='lat' dir='ltr'>cassum</span> <span class='ocrx_word' id='word_1_278' title='bbox 1715 2645 1838 2687; x_wconf 87' lang='lat' dir='ltr'>susp.</span> 
     </span>
    </p>
   </div>
   <div class='ocr_carea' id='block_1_5' title="bbox 144 2689 1841 2924">
    <p class='ocr_par' dir='ltr' id='par_1_11' title="bbox 144 2689 1841 2924">
     <span class='ocr_line' id='line_1_34' title="bbox 145 2689 1841 2747; baseline 0.001 -15"><span class='ocrx_word' id='word_1_279' title='bbox 145 2689 373 2746; x_wconf 86' lang='lat' dir='ltr'>Hoppius.</span> <span class='ocrx_word' id='word_1_280' title='bbox 489 2694 515 2732; x_wconf 86' lang='lat'>5</span> <span class='ocrx_word' id='word_1_281' title='bbox 547 2691 759 2734; x_wconf 74' lang='lat' dir='ltr'>incensas</span> <span class='ocrx_word' id='word_1_282' title='bbox 791 2692 900 2736; x_wconf 85' lang='lat' dir='ltr'>ante</span> <span class='ocrx_word' id='word_1_283' title='bbox 924 2693 1083 2747; x_wconf 79' lang='lat' dir='ltr'>potius</span> <span class='ocrx_word' id='word_1_284' title='bbox 1112 2692 1334 2747; x_wconf 84' lang='lat' dir='ltr'>interpos.</span> <span class='ocrx_word' id='word_1_285' title='bbox 1361 2691 1432 2735; x_wconf 89' lang='lat' dir='ltr'>ed.</span> <span class='ocrx_word' id='word_1_286' title='bbox 1481 2692 1484 2746; x_wconf 92' lang='grc' dir='ltr'>Ι</span> <span class='ocrx_word' id='word_1_287' title='bbox 1532 2695 1769 2735; x_wconf 78' lang='lat' dir='ltr'>revocatur</span> <span class='ocrx_word' id='word_1_288' title='bbox 1799 2690 1841 2733; x_wconf 91' lang='lat' dir='ltr'><strong>V</strong></span> 
     </span>
     <span class='ocr_line' id='line_1_35' title="bbox 144 2748 1840 2796; baseline 0 -4"><span class='ocrx_word' id='word_1_289' title='bbox 144 2749 340 2794; x_wconf 80' lang='lat' dir='ltr'>—abatur</span> <span class='ocrx_word' id='word_1_290' title='bbox 373 2763 456 2792; x_wconf 89' lang='lat' dir='ltr'>nos</span> <span class='ocrx_word' id='word_1_291' title='bbox 489 2754 622 2793; x_wconf 79' lang='lat' dir='ltr'>-atus</span> <span class='ocrx_word' id='word_1_292' title='bbox 653 2749 724 2793; x_wconf 87' lang='lat' dir='ltr'>ed.</span> <span class='ocrx_word' id='word_1_293' title='bbox 859 2755 885 2794; x_wconf 88' lang='grc'><strong>6</strong></span> <span class='ocrx_word' id='word_1_294' title='bbox 916 2756 969 2796; x_wconf 80' lang='lat' dir='ltr'>at</span> <span class='ocrx_word' id='word_1_295' title='bbox 996 2751 1075 2795; x_wconf 82' lang='lat' dir='ltr'>ille</span> <span class='ocrx_word' id='word_1_296' title='bbox 1097 2750 1140 2794; x_wconf 90' lang='lat' dir='ltr'><strong>V</strong></span> <span class='ocrx_word' id='word_1_297' title='bbox 1164 2751 1236 2794; x_wconf 87' lang='lat' dir='ltr'>ed.</span> <span class='ocrx_word' id='word_1_298' title='bbox 1267 2757 1310 2795; x_wconf 86' lang='lat' dir='ltr'>et</span> <span class='ocrx_word' id='word_1_299' title='bbox 1339 2752 1369 2794; x_wconf 82' lang='lat' dir='ltr'>i.</span> <span class='ocrx_word' id='word_1_300' title='bbox 1402 2764 1499 2793; x_wconf 91' lang='lat' dir='ltr'>nos.</span> <span class='ocrx_word' id='word_1_301' title='bbox 1634 2754 1658 2792; x_wconf 81' lang='lat'><strong>7</strong></span> <span class='ocrx_word' id='word_1_302' title='bbox 1698 2751 1764 2793; x_wconf 82' lang='lat' dir='ltr'>ire</span> <span class='ocrx_word' id='word_1_303' title='bbox 1801 2748 1840 2791; x_wconf 89' lang='lat' dir='ltr'><strong>V</strong></span> 
     </span>
     <span class='ocr_line' id='line_1_36' title="bbox 145 2807 1839 2866; baseline 0.001 -16"><span class='ocrx_word' id='word_1_304' title='bbox 145 2809 232 2852; x_wconf 75' lang='lat' dir='ltr'>iret</span> <span class='ocrx_word' id='word_1_305' title='bbox 269 2808 339 2852; x_wconf 93' lang='lat' dir='ltr'>ed.</span> <span class='ocrx_word' id='word_1_306' title='bbox 390 2809 393 2866; x_wconf 91' lang='grc' dir='ltr'>Ι</span> <span class='ocrx_word' id='word_1_307' title='bbox 444 2808 563 2863; x_wconf 77' lang='lat' dir='ltr'>quod</span> <span class='ocrx_word' id='word_1_308' title='bbox 587 2807 628 2851; x_wconf 93' lang='lat' dir='ltr'><strong>V</strong></span> <span class='ocrx_word' id='word_1_309' title='bbox 653 2808 724 2852; x_wconf 89' lang='lat' dir='ltr'>ed.</span> <span class='ocrx_word' id='word_1_310' title='bbox 757 2810 868 2864; x_wconf 79' lang='lat' dir='ltr'>qui?</span> <span class='ocrx_word' id='word_1_311' title='bbox 998 2814 1052 2853; x_wconf 87' lang='grc'>13</span> <span class='ocrx_word' id='word_1_312' title='bbox 1084 2810 1283 2854; x_wconf 72' lang='lat' dir='ltr'>‘noluisse</span> <span class='ocrx_word' id='word_1_313' title='bbox 1315 2810 1413 2855; x_wconf 81' lang='lat' dir='ltr'>ed.¹</span> <span class='ocrx_word' id='word_1_314' title='bbox 1518 2812 1571 2851; x_wconf 84' lang='lat'>15</span> <span class='ocrx_word' id='word_1_315' title='bbox 1603 2810 1722 2865; x_wconf 75' lang='lat' dir='ltr'>reyis</span> <span class='ocrx_word' id='word_1_316' title='bbox 1754 2822 1839 2864; x_wconf 90' lang='lat' dir='ltr'>pro</span> 
     </span>
     <span class='ocr_line' id='line_1_37' title="bbox 145 2866 1840 2924; baseline 0 -14"><span class='ocrx_word' id='word_1_317' title='bbox 145 2868 264 2922; x_wconf 79' lang='lat' dir='ltr'>yeris</span> <span class='ocrx_word' id='word_1_318' title='bbox 286 2866 340 2911; x_wconf 92' lang='lat' dir='ltr'>V.</span> <span class='ocrx_word' id='word_1_319' title='bbox 460 2871 512 2910; x_wconf 90' lang='lat'>18</span> <span class='ocrx_word' id='word_1_320' title='bbox 545 2867 746 2923; x_wconf 75' lang='lat' dir='ltr'>deponas</span> <span class='ocrx_word' id='word_1_321' title='bbox 777 2867 847 2911; x_wconf 88' lang='lat' dir='ltr'>ed.</span> <span class='ocrx_word' id='word_1_322' title='bbox 970 2873 1027 2912; x_wconf 83' lang='lat'>24</span> <span class='ocrx_word' id='word_1_323' title='bbox 1056 2874 1265 2924; x_wconf 79' lang='lat' dir='ltr'>praestat</span> <span class='ocrx_word' id='word_1_324' title='bbox 1294 2868 1344 2911; x_wconf 93' lang='lat' dir='ltr'>in</span> <span class='ocrx_word' id='word_1_325' title='bbox 1375 2867 1464 2911; x_wconf 86' lang='lat' dir='ltr'>fine</span> <span class='ocrx_word' id='word_1_326' title='bbox 1494 2880 1652 2911; x_wconf 87' lang='lat' dir='ltr'>versus</span> <span class='ocrx_word' id='word_1_327' title='bbox 1685 2868 1762 2911; x_wconf 89' lang='lat' dir='ltr'>bat</span> <span class='ocrx_word' id='word_1_328' title='bbox 1790 2867 1840 2910; x_wconf 90' lang='lat' dir='ltr'>in</span> 
     </span>
    </p>
   </div>
   <div class='ocr_carea' id='block_1_6' title="bbox 146 2925 1839 3043">
    <p class='ocr_par' dir='ltr' id='par_1_12' title="bbox 146 2925 1839 3043">
     <span class='ocr_line' id='line_1_38' title="bbox 146 2925 1837 2983; baseline 0.001 -15"><span class='ocrx_word' id='word_1_329' title='bbox 146 2926 377 2981; x_wconf 89' lang='lat' dir='ltr'>principio</span> <span class='ocrx_word' id='word_1_330' title='bbox 422 2926 659 2982; x_wconf 89' lang='lat' dir='ltr'>sequentis</span> <span class='ocrx_word' id='word_1_331' title='bbox 693 2925 737 2969; x_wconf 93' lang='lat' dir='ltr'><strong>V</strong></span> <span class='ocrx_word' id='word_1_332' title='bbox 774 2928 1040 2983; x_wconf 78' lang='lat' dir='ltr'>praestabat</span> <span class='ocrx_word' id='word_1_333' title='bbox 1081 2928 1184 2971; x_wconf 89' lang='lat' dir='ltr'>edF</span> <span class='ocrx_word' id='word_1_334' title='bbox 1227 2929 1321 2972; x_wconf 79' lang='lat' dir='ltr'>-bit</span> <span class='ocrx_word' id='word_1_335' title='bbox 1363 2927 1433 2970; x_wconf 89' lang='lat' dir='ltr'>ed.</span> <span class='ocrx_word' id='word_1_336' title='bbox 1470 2928 1589 2981; x_wconf 86' lang='lat' dir='ltr'>post.</span> <span class='ocrx_word' id='word_1_337' title='bbox 1623 2931 1704 2971; x_wconf 88' lang='lat' dir='ltr'>-at</span> <span class='ocrx_word' id='word_1_338' title='bbox 1741 2941 1837 2970; x_wconf 80' lang='lat' dir='ltr'>nos,</span> 
     </span>
     <span class='ocr_line' id='line_1_39' title="bbox 148 2984 1839 3043; baseline 0.001 -17"><span class='ocrx_word' id='word_1_339' title='bbox 148 2988 203 3027; x_wconf 83' lang='lat'>28</span> <span class='ocrx_word' id='word_1_340' title='bbox 235 2987 502 3041; x_wconf 78' lang='lat' dir='ltr'>expositoris</span> <span class='ocrx_word' id='word_1_341' title='bbox 525 2984 567 3029; x_wconf 93' lang='lat' dir='ltr'><strong>V</strong></span> <span class='ocrx_word' id='word_1_342' title='bbox 591 2985 662 3029; x_wconf 87' lang='lat' dir='ltr'>ed.</span> <span class='ocrx_word' id='word_1_343' title='bbox 696 2999 752 3030; x_wconf 80' lang='lat' dir='ltr'>ex</span> <span class='ocrx_word' id='word_1_344' title='bbox 774 2987 970 3042; x_wconf 82' lang='lat' dir='ltr'>potioris</span> <span class='ocrx_word' id='word_1_345' title='bbox 1000 3000 1097 3031; x_wconf 76' lang='lat' dir='ltr'>nos,</span> <span class='ocrx_word' id='word_1_346' title='bbox 1194 2990 1249 3030; x_wconf 80' lang='lat'>29</span> <span class='ocrx_word' id='word_1_347' title='bbox 1282 2999 1503 3043; x_wconf 76' lang='lat' dir='ltr'>quamque</span> <span class='ocrx_word' id='word_1_348' title='bbox 1526 2985 1569 3029; x_wconf 92' lang='lat' dir='ltr'><strong>V</strong></span> <span class='ocrx_word' id='word_1_349' title='bbox 1599 2999 1736 3041; x_wconf 80' lang='lat' dir='ltr'>quam</span> <span class='ocrx_word' id='word_1_350' title='bbox 1767 2985 1839 3030; x_wconf 91' lang='lat' dir='ltr'>ed.</span> 
     </span>
    </p>
   </div>
  </div>
 </body>
</html>
