2050 3226
806 181 1109 227 AENEmos
1140 181 1182 225 x
1730 185 1838 239 339

148 322 275 371 Idas
302 325 450 383 pater
486 325 531 370 et
552 322 725 383 patria
753 322 957 371 Ismara
992 322 1136 370 mittit
1161 335 1252 382 per
1279 322 1446 371 varios
1474 323 1645 371 sternit
1673 337 1840 372 casus:

150 396 424 460 conpendio
473 411 596 446 usus
646 398 744 457 est,
792 398 852 445 ut
899 395 1059 446 omnis
1109 395 1259 445 simul
1307 397 1514 459 poneret
1565 398 1619 446 et
1671 411 1837 445 eorum

150 472 309 520 exitus
334 469 426 519 sub
450 470 672 534 generali
695 469 1057 535 significatione
1077 469 1329 520 transiret.
1367 470 1576 519 occurrit
1588 470 1840 519 Halaesus

149 543 507 604 Auruncaeque
553 558 755 601 manus,
805 545 936 593 subit
987 547 1031 593 et
1085 544 1339 605 Neptunia
1386 545 1574 604 proles,
1631 545 1841 606 insiynis

59 634 75 664 c
100 630 120 663 5
149 619 416 679 Messapus
453 619 612 678 equis:
649 633 738 667 cur
774 618 863 667 isti
900 619 1205 668 occurrerint
1242 618 1446 681 dicitur,
1483 618 1734 678 expellere,
1765 618 1839 666 in-

151 693 282 755 quit,
326 692 529 741 tendunt
564 707 697 742 nunc
732 693 784 740 hi
819 707 953 742 nunc
987 693 1087 742 illi:
1139 692 1205 741 ad
1248 693 1342 742 hoc
1387 693 1683 743 catervatim
1728 708 1839 741 con·
1857 702 1946 741 355

148 765 521 831 gradiebantur,
537 766 773 830 quoniam
796 767 955 816 altera
977 782 1093 829 pars
1116 766 1370 816 nitebatur
1389 766 1603 816 retinere
1625 767 1843 816 solidum

148 843 332 903 terrae,
372 841 532 890 altera
569 857 630 890 ne
668 841 808 890 fieret
843 840 1150 904 prohibebat.
1211 844 1422 890 certatur
1458 841 1624 890 limine
1651 842 1707 889 in
1734 842 1841 902 ipso

147 913 425 964 Ausoniae:
462 915 585 964 bene
625 914 754 964 dixit
790 914 942 964 limen
979 915 1266 978 provinciae
1303 915 1453 964 finem
1481 916 1635 964 maris
1667 916 1719 964 et
1746 916 1840 963 ini-

0 981 2 1035 l
55 1008 66 1035 ι,
77 1001 120 1034 10
147 989 275 1038 tium
322 991 499 1039 terrae.
585 1004 762 1051 maqno
812 989 1058 1038 discordes
1106 990 1293 1039 aethere
1343 990 1474 1038 venti
1516 989 1709 1050 proelia
1757 1003 1842 1038 ceu

148 1063 321 1112 tollamt
365 1064 547 1112 animis
596 1067 640 1113 et
686 1065 876 1113 viribus
924 1065 1116 1125 aequis:
1164 1063 1258 1126 sic,
1305 1063 1493 1127 inquit,
1540 1062 1619 1112 illi
1672 1063 1840 1126 aequis

148 1137 337 1187 viribus
360 1139 493 1187 inter
522 1154 573 1187 se
604 1137 990 1200 contendebant,
1021 1138 1268 1201 quomodo
1298 1153 1674 1200 nonnumquam
1703 1138 1842 1188 venti

150 1212 315 1261 animo
353 1228 498 1275 pares
537 1214 589 1261 et
625 1213 742 1261 nisu
778 1227 830 1261 se
867 1211 1079 1261 invicem
1117 1214 1362 1261 conantur
1398 1211 1668 1261 excludere.
1742 1226 1842 1261 non

147 1286 246 1346 ipsi
282 1287 408 1334 inter
444 1301 516 1342 se,
555 1300 655 1335 non
698 1287 892 1343 nubila,
939 1301 1039 1334 non
1081 1300 1220 1335 mare
1264 1286 1406 1343 cedit,
1453 1300 1631 1346 anceps
1667 1300 1842 1347 puqna

58 1369 118 1405 ⁴&15
149 1360 256 1417 diu,
295 1363 428 1409 stant
462 1362 644 1410 obnixa
673 1361 840 1409 omnia
870 1363 1062 1409 contra:
1098 1375 1199 1409 non
1228 1359 1326 1409 sibi
1355 1359 1641 1409 cedentibus
1679 1361 1841 1409 ventis

149 1450 207 1483 ea.
253 1449 449 1497 quoque
495 1450 595 1482 non
641 1433 823 1484 cedunt
867 1449 997 1498 quae
1041 1434 1139 1498 ipsi
1182 1434 1381 1483 flatibus
1429 1435 1531 1483 suis
1577 1433 1840 1484 saeviendo

149 1509 524 1572 commoverint,
562 1525 680 1557 nam
718 1508 891 1557 nubila.
930 1524 987 1558 ac
1024 1524 1182 1571 mare,
1221 1509 1340 1556 dum
1371 1508 1698 1557 trudebantur
1727 1508 1841 1557 aliis

148 1585 199 1631 et
237 1598 263 1631 e
302 1582 496 1632 diverso
529 1582 642 1632 aliis
674 1582 1002 1644 sistebantur,
1032 1582 1304 1632 manebant
1332 1599 1432 1632 uno
1462 1582 1516 1631 in
1546 1583 1670 1632 loco.
1722 1583 1942 1631 baut360

148 1657 290 1706 aliter
328 1657 576 1706 Troianae
625 1658 754 1706 acies
803 1659 1023 1717 aciesque
1059 1658 1276 1707 Latinae
1314 1661 1630 1706 concurrunt:
1679 1657 1843 1706 haeret

54 1739 119 1774 180
143 1731 265 1791 pede
296 1745 387 1792 pes
424 1732 696 1791 densusque
733 1732 839 1780 viro
877 1732 978 1780 vir:
1014 1731 1128 1795 ipsa
1165 1734 1242 1780 est
1279 1730 1411 1780 enim
1450 1731 1705 1780 dimicatio
1742 1731 1841 1779 for-

147 1806 268 1866 tior,
318 1821 431 1854 cum
478 1821 579 1855 non
626 1805 923 1867 missilibUS‚
975 1805 1060 1854 sed
1109 1805 1291 1870 gladiis
1339 1821 1415 1854 res
1462 1805 1674 1870 geritur,
1712 1805 1841 1854 hanc

149 1879 420 1928 dimicandi
458 1879 842 1929 obstinationem
879 1897 980 1929 una
1018 1895 1168 1929 causa
1198 1879 1435 1942 faciebat,
1468 1880 1601 1942 quod
1630 1879 1841 1929 victoria

149 1954 371 2016 partium
406 1953 460 2002 in
498 1969 555 2003 eo
594 1954 876 2015 constabat,
914 1956 974 2002 ut
1009 1954 1088 2003 illi
1136 1955 1481 2018 contingerent
1522 1956 1709 2002 terram
1754 1956 1842 2002 aut

148 2027 223 2076 illi
263 2043 373 2076 eam
410 2029 570 2077 teneri
607 2044 708 2077 non
747 2028 978 2078 sinerent.

52 2111 118 2145 {8⁶
267 2101 338 2150 At
377 2105 523 2162 parte
575 2116 632 2150 ex
686 2103 813 2159 alia,
867 2117 966 2163 qua
1017 2117 1144 2152 sama
1195 2102 1411 2151 rotantia
1464 2102 1558 2151 late
1609 2102 1843 2150 intulerat

149 2179 336 2224 torrens
374 2177 669 2236 arbustaque
706 2177 874 2225 diruta
910 2177 1056 2237 ripis,
1095 2175 1326 2226 Arcadas
1362 2177 1576 2225 insuetos
1607 2177 1736 2225 acies
1765 2177 1839 2224 in-

147 2251 277 2309 ferre
320 2250 559 2311 pedestris
606 2254 662 2298 ut
707 2251 830 2299 vidit
876 2251 1050 2299 Pallas
1097 2250 1246 2299 Latio
1295 2251 1415 2299 dare
1460 2254 1594 2312 terqa
1631 2251 1837 2311 sequaci,
1857 2259 1941 2298 365

51 2372 53 2379 ,
149 2339 328 2384 aspera
351 2325 459 2384 quis
488 2327 674 2373 natura
705 2324 795 2372 loci
825 2325 1060 2373 dimittere
1091 2325 1285 2385 quando
1315 2325 1475 2374 suasit
1504 2339 1661 2384 equ03‚
1685 2339 1837 2372 unum

50 2394 54 2410 ³
150 2398 275 2458 quod
311 2399 456 2447 rebus
492 2402 644 2447 restat
680 2400 860 2459 eqeniS,
900 2413 1031 2447 nunc
1061 2413 1225 2459 prece,
1264 2413 1396 2447 nunc
1433 2399 1574 2447 dictis
1617 2399 1840 2447 virtutem

77 2485 121 2518 so
150 2472 366 2520 accendit
388 2474 600 2521 amaris:
622 2474 675 2520 in
700 2473 800 2521 alio
824 2473 988 2521 litoris
1011 2473 1119 2522 loco
1144 2472 1379 2522 describit
1401 2474 1587 2521 exitum
1609 2471 1838 2520 habuisse

269 2647 294 2687 3
337 2645 552 2689 transiret
589 2643 631 2687 V
677 2644 914 2688 transisset
956 2642 999 2687 R
1049 2643 1313 2700 (supplente
1354 2645 1408 2699 r).
1460 2642 1465 2699 Ι
1520 2643 1754 2687 haelaesus
1798 2641 1839 2684 R

43 2690 49 2737 l
149 2703 353 2748 helaesus
397 2718 433 2746 r.
576 2708 604 2747 4
649 2703 777 2747 subet
812 2702 910 2746 VR.
1054 2708 1080 2747 5
1133 2704 1413 2749 occurrerint
1456 2701 1542 2744 VR
1594 2706 1722 2746 -rent
1766 2701 1837 2744 ed.

153 2766 178 2805 6
208 2763 276 2806 hii
298 2761 396 2805 VR.
508 2766 532 2806 7
565 2763 781 2819 quoniam
804 2761 889 2804 VR
919 2762 1038 2818 quod
1069 2762 1140 2807 ed.
1248 2766 1272 2804 9
1306 2763 1443 2805 limen
1465 2759 1551 2803 VR
1581 2762 1736 2805 limine
1766 2760 1824 2804 ed

152 2834 265 2865 corr.
290 2820 362 2866 ed.
386 2823 506 2877 post.
615 2825 669 2865 18
701 2821 945 2866 manebant
967 2820 1051 2865 VR
1079 2835 1173 2866 non
1203 2822 1417 2866 cedebant
1447 2819 1518 2864 ed.
1636 2823 1688 2863 19
1720 2821 1840 2864 acies

152 2893 240 2924 om.
264 2879 320 2924 V.
412 2884 469 2924 20
492 2881 729 2937 densisque
751 2879 835 2922 VR
867 2893 980 2924 corr.
1013 2895 1048 2923 r.
1083 2880 1088 2939 Ι
1124 2885 1188 2926 est
1219 2894 1306 2924 om.
1332 2879 1403 2923 ed.
1503 2883 1560 2922 24
1591 2880 1733 2923 teneri
1755 2877 1839 2922 VR

150 2943 333 2996 tanyere
371 2939 441 2984 ed.
565 2944 620 2983 25
663 2945 712 2983 at
746 2944 882 2995 parte
912 2939 954 2982 R
995 2944 1068 2984 eat
1097 2953 1148 2996 p.
1172 2939 1227 2984 V.
1357 2943 1412 2982 26
1451 2938 1746 2994 arbustasque
1782 2938 1835 2981 R.

154 3002 207 3040 27
241 2998 359 3054 lacio
381 2998 435 3042 V.
487 2998 493 3057 1
543 2999 650 3044 dari
679 2999 732 3042 R.

1489 3085 1573 3127 22*
