2050 3226
217 133 325 186 312
682 130 915 175 DONATI
946 131 1227 176 INTERPR.
1253 131 1431 176 VERG.

216 285 332 331 av0,
372 271 506 334 quod
543 273 672 319 esset
707 271 897 319 Venere
936 273 1095 319 matre
1126 271 1434 334 progenitus.
1491 271 1665 320 dehinc
1697 270 1905 319 subiecit

217 345 340 407 quid
375 347 566 406 peteret
602 345 683 394 vel
722 345 842 407 quid
879 347 987 408 ipse
1025 345 1198 393 ferret:
1237 345 1433 394 facilius
1473 346 1603 393 enim
1647 345 1905 408 postulata

214 418 437 481 inpetrat
483 419 571 481 qui
620 434 670 467 se
717 420 936 467 ostendit
985 419 1154 467 oblata
1191 418 1534 468 vicissitudine
1572 419 1905 482 profuturum.

215 492 296 540 hic
333 492 723 556 intellegendum
762 495 811 541 et
849 493 1062 556 petitum
1101 509 1132 540 a
1170 492 1423 541 Tarchone
1465 494 1706 541 auxilium
1745 495 1794 541 et
1830 493 1904 540 in-

214 566 374 615 vicem
413 567 474 615 ab
514 567 682 615 Aenea
720 568 1038 629 promissum,
1085 567 1349 630 petebatur
1387 567 1518 615 enim
1555 567 1803 628 Tarchon,
1848 569 1908 614 ut

217 643 391 689 contra
422 641 645 688 Turnum
678 643 727 688 et
750 640 1046 689 Mezentium
1078 641 1307 703 specialis
1329 641 1555 700 inimicos
1580 657 1694 690 suos
1719 640 1907 688 auxilia

214 717 555 778 praerogaret,
597 731 694 776 quo
733 715 786 762 in
825 715 957 763 facto
990 714 1300 763 considerare
1332 715 1504 764 debuit
1535 715 1627 764 sibi
1659 731 1708 763 30
1739 714 1907 777 potius

217 788 452 836 daturum
506 805 658 851 quam
713 789 860 837 alteri
913 791 963 837 et
1016 789 1354 851 arripiendum
1407 804 1511 838 esse
1571 791 1792 851 tempus,
1849 791 1910 836 ut

159 898 164 901 -
216 862 444 911 Troianis
483 863 824 911 laborantibus
866 865 916 912 et
955 863 1334 911 defenderentur
1372 863 1616 925 Tyrrheni
1654 866 1705 911 et
1750 863 1909 911 securi

215 938 268 984 in
335 939 589 999 posterum
651 936 990 986 redderentur.
1087 937 1357 985 Mezentius
1423 952 1561 985 arma
1625 953 1751 999 quae
1814 936 1910 984 sibi

216 1011 466 1059 conciliet:
529 1012 822 1060 ostendebat
883 1012 1095 1074 quantos
1157 1011 1253 1060 sibi
1322 1013 1628 1059 armatorum
1696 1011 1907 1073 populos

215 1085 485 1133 Mezentius
516 1085 759 1149 iungeret,
796 1087 855 1133 ut
891 1086 986 1134 hoc
1024 1086 1157 1134 facto
1191 1086 1468 1134 adverteret
1499 1086 1651 1134 etiam
1683 1101 1734 1133 se
1764 1100 1908 1146 posse

217 1159 434 1222 opprimi
470 1158 709 1207 violentia
747 1160 1098 1222 plurimorum,
1139 1160 1182 1207 si
1219 1159 1419 1207 Rutulis
1459 1162 1631 1207 contra
1670 1159 1908 1207 Troianos

217 1233 438 1282 obtinere
485 1233 807 1298 contingeret.
898 1234 1217 1295 violentaque
1266 1235 1469 1297 pectora
1515 1233 1669 1281 Turni
1718 1232 1910 1281 edocet:
2049 1292 2050 1296 Ἰ

218 1307 553 1356 consideraret
602 1324 799 1370 quoque
850 1308 1006 1356 Turni
1055 1323 1318 1369 personam
1364 1309 1659 1368 violentam,
1704 1307 1798 1355 hoc
1837 1309 1912 1355 est
1944 1319 1984 1352 15
2049 1301 2050 1307 ’

217 1397 344 1444 quae
396 1381 520 1429 nihil
572 1382 816 1446 cogitaret
865 1382 1089 1444 nihilque
1139 1384 1405 1444 respiceret
1454 1382 1552 1430 nisi
1603 1381 1735 1444 quod
1784 1382 1912 1429 03301
2049 1370 2050 1377 ¹

218 1455 399 1518 quietis
450 1456 596 1504 rebus
649 1458 698 1504 et
746 1456 956 1519 placidis
1006 1455 1283 1504 inimicum:
1336 1455 1468 1518 quod
1516 1457 1682 1518 ipsum
1728 1454 1911 1517 apertis

215 1530 411 1578 firmare
449 1530 727 1578 rationibus
767 1531 947 1592 potuit.
1025 1546 1142 1577 nam
1188 1530 1277 1592 qui
1315 1531 1682 1591 Tyrrhenorum
1720 1529 1913 1577 hostem

216 1603 517 1652 Mezentium
568 1607 852 1667 susceperat
904 1604 1179 1667 fugientem
1231 1604 1522 1652 inimicitias
1585 1605 1732 1652 etiam
1797 1618 1912 1651 suas

217 1678 382 1726 fuerat
412 1695 470 1726 ex
502 1681 674 1740 aperto
708 1679 974 1727 confessus.
1027 1678 1257 1726 humanis
1291 1694 1419 1740 quae
1452 1679 1519 1726 sit
1548 1678 1728 1725 fiducia
1766 1677 1912 1724 rebus
1945 1689 1988 1723 2⁰

218 1753 471 1800 admonet:
522 1756 637 1815 post
674 1755 886 1801 terrores
923 1752 1153 1813 iniectos,
1205 1752 1382 1814 quibus
1421 1768 1506 1800 rex
1544 1767 1643 1799 non
1680 1751 1912 1799 inmerito

219 1828 517 1875 commoveri
548 1826 801 1888 debuerat,
825 1828 1067 1874 humanas
1101 1842 1297 1889 quoque
1329 1826 1645 1874 necessitates
1677 1841 1777 1873 non
1809 1826 1913 1873 sine

217 1902 408 1948 ratione
459 1901 739 1963 proposuit,
790 1918 850 1948 ne
903 1901 1086 1949 diceret
1137 1900 1386 1948 Tarchon:
1437 1900 1628 1949 sufficio
1678 1899 1824 1960 mihi,
1871 1900 1915 1947 si

219 1973 489 2023 Mezentius
529 1975 608 2023 vel
648 1976 845 2023 Turnus
886 1974 1154 2022 emerserit.
1233 1990 1359 2036 quae
1400 1975 1501 2022 sint
1545 1974 1656 2036 ipsa
1694 1974 1914 2021 humana

219 2048 480 2096 dicendum
521 2051 616 2096 est:
657 2050 892 2098 adiuvare
930 2049 1243 2097 laborantem
1282 2065 1340 2095 ex
1379 2049 1582 2097 fortiore
1630 2048 1913 2096 substantia
1946 2058 1988 2091 25

222 2124 373 2184 0111110
415 2122 623 2171 adversa
663 2124 866 2172 alterius
907 2125 956 2170 et
992 2124 1183 2171 incerta
1222 2123 1442 2172 relevare
1483 2123 1755 2185 gloriosum
1793 2136 1912 2181 0330,

219 2197 263 2244 31
316 2197 482 2259 potior
536 2198 582 2244 ei
634 2213 839 2244 manum
900 2198 1128 2261 porrigat
1189 2213 1335 2259 quem
1388 2197 1654 2245 necessitas
1716 2195 1912 2257 premit,

218 2271 312 2319 hac
365 2270 548 2318 fiducia
600 2271 823 2319 homines
878 2271 1066 2332 vivere,
1124 2274 1182 2319 ut
1236 2270 1511 2319 accidentia
1568 2270 1702 2318 mala
1755 2269 1911 2317 felicis

220 2344 393 2406 opibus
446 2347 496 2392 et
545 2344 741 2393 auxiliis
790 2345 1123 2394 subleventur.
1199 2344 1527 2407 inmiscetque
1567 2358 1760 2406 preces:
1799 2345 1915 2406 post

341 2477 363 2514 1
404 2471 524 2527 quod
553 2472 661 2526 post
691 2484 775 2515 avo
807 2485 894 2514 om.
922 2471 992 2514 ed.
1057 2471 1060 2529 Ι
1123 2477 1232 2515 esset
1254 2470 1338 2514 VR
1370 2485 1403 2514 e.
1430 2476 1470 2515 et
1501 2469 1572 2514 ed.
1635 2469 1639 2527 1
1700 2483 1799 2513 vere
1828 2483 1912 2524 pro

230 2531 394 2574 Venere
418 2530 473 2573 V.
594 2534 622 2573 4
654 2531 865 2574 thareone
896 2530 937 2572 R
969 2531 1210 2575 thav-chone
1234 2529 1287 2572 V.
1419 2533 1445 2572 8
1478 2529 1794 2584 arripiendum
1824 2542 1914 2572 sese

219 2589 305 2631 VR
337 2603 427 2634 esse
457 2603 540 2632 nos
573 2603 660 2632 om.
688 2589 758 2632 ed.
898 2594 922 2632 9
956 2590 1246 2644 defenderent
1276 2590 1481 2646 tyrrheni
1503 2587 1586 2630 VR
1632 2588 1914 2644 Tyrrhenum

221 2649 292 2691 ed.
348 2649 697 2703 defenderentur
742 2661 837 2692 1103.
962 2654 1014 2691 11
1065 2653 1262 2704 quantus
1302 2647 1385 2690 VR
1433 2648 1634 2703 populus
1679 2646 1720 2689 V
1770 2661 1912 2702 quan-

220 2713 379 2751 tum--
384 2708 662 2763 populorum
693 2707 763 2750 ed.
895 2712 949 2750 12
982 2713 1023 2752 et
1053 2709 1133 2751 hoe
1162 2708 1285 2761 facto
1309 2706 1362 2749 V.
1495 2711 1548 2749 15
1581 2706 1828 2750 consideret
1858 2705 1913 2747 R.

223 2771 276 2808 17
309 2768 557 2822 inplacidis
580 2766 665 2809 VR
696 2779 809 2810 corr.
837 2766 907 2809 ed.
1057 2771 1109 2809 18
1141 2767 1452 2824 tyrthenorum
1482 2766 1677 2809 hostium
1700 2763 1742 2807 V
1772 2765 1913 2821 191110-

220 2839 383 2868 norum
428 2827 594 2870 hostem
643 2825 691 2868 R.
817 2829 871 2868 19
918 2827 1169 2880 susciperent
1207 2824 1303 2868 VR.
1426 2828 1482 2867 20
1520 2824 1818 2879 humanisque
1857 2821 1912 2864 V.

222 2888 276 2927 23
311 2898 391 2928 nee
422 2885 588 2929 diceret
610 2884 706 2927 VR.
760 2884 763 2941 ξ
813 2884 993 2939 sufficio
1019 2884 1102 2926 VR
1132 2885 1305 2938 sufficit
1336 2883 1407 2928 ed.
1538 2888 1594 2926 24
1626 2896 1739 2938 quae
1770 2883 1829 2925 sit
1858 2882 1912 2924 R.

222 2947 278 2986 26
311 2957 400 2987 0330
426 2943 508 2986 VR
541 2948 603 2987 est
634 2944 705 2987 ed.
829 2947 883 2986 28
915 2944 1061 2996 felicis
1093 2957 1179 2986 om.
1207 2943 1276 2986 ed.
1402 2946 1456 2985 29
1489 2943 1702 2998 opinibus
1731 2941 1785 2984 R.
