2050 3226
716 162 1022 207 AENEIDOS
1045 162 1155 206 VIII
1681 165 1785 218 137

95 305 363 366 utrumque
416 303 655 364 conplexa
703 305 834 352 sunt.
922 312 1064 366 gens,
1111 302 1301 365 inquit,
1347 301 1541 350 eadem:
1580 303 1787 351 dicendo

0 377 10 411 ἵ
93 393 246 426 unam
267 378 467 440 gentem
490 376 777 425 extenuavit
797 377 988 425 metum
1012 376 1101 439 qui
1123 378 1324 439 poterat
1353 375 1567 425 forsitan
1598 377 1788 425 exoriri.

0 435 15 490 fl
95 450 288 500 addidit
325 451 523 499 Daunia
561 451 706 513 quasi
744 450 958 511 abiecta,
988 450 1193 499 humilis
1225 452 1277 498 et
1307 450 1442 498 omni
1470 450 1788 514 ignobilitate

19 543 21 546 ·
95 525 339 589 depressa.
402 540 529 587 quae
567 527 637 573 te:
675 526 726 572 te
766 524 899 588 quod
937 525 1122 587 posuit,
1160 526 1225 586 te,
1266 524 1355 586 qui
1393 524 1459 572 sis
1497 539 1707 588 magnus
1741 527 1791 572 et

43 611 64 645 8
94 599 157 647 ab
197 598 332 647 omni
368 599 544 647 merito
583 598 944 660 memorabilis,
984 598 1173 647 crudeli
1201 598 1333 647 bello
1364 597 1660 661 insequitur,
1691 597 1788 646 duo

24 719 26 723 ,
91 673 227 722 mala
273 673 552 734 coniunxit,
597 672 784 721 bellum
829 672 1020 722 scilicet
1063 673 1308 721 iniustum
1347 674 1399 720 et
1433 671 1791 734 inprobitatem

91 747 327 809 hostium,
358 747 538 810 quibus
569 762 668 794 non
700 747 962 795 suffecerat
991 747 1234 810 iniquitas
1266 746 1404 807 faofi,
1434 763 1606 795 verum
1637 747 1791 795 etiam

93 821 228 884 quod
273 821 703 884 persequebantur
746 822 974 870 insontis.
1060 820 1256 870 crudele
1302 821 1489 868 bellum
1535 823 1611 869 est
1657 820 1791 883 quod

16 886 17 890 ¹
91 911 192 945 non
227 895 365 944 iusta
403 895 702 944 subsistente
739 895 934 944 ratione
964 894 1225 958 indicitur3
1264 894 1475 958 denique
1515 898 1566 944 et
1601 894 1790 944 iustum

14 968 63 1015 'o
92 969 361 1031 aliquando
394 969 577 1018 dicitur
609 972 659 1018 et
687 970 932 1018 iniustum
962 969 1179 1032 perinde.
1237 969 1425 1017 adserit
1453 985 1544 1018 nec
1574 969 1671 1018 sibi
1701 985 1791 1018 nec

93 1043 328 1093 Euandro
375 1060 486 1092 eam
532 1046 732 1108 gentem
777 1044 1039 1093 adversam
1085 1059 1189 1092 esse
1235 1043 1486 1104 debuisse,
1532 1044 1576 1092 si
1621 1043 1790 1107 aequi-

15 1167 17 1171 ,
91 1119 249 1166 tatem
306 1133 427 1182 gens
486 1118 657 1166 eadem
712 1120 894 1166 natura
941 1117 1170 1166 tradente
1220 1118 1525 1180 sumpsisset.
1611 1132 1702 1166 nos
1746 1118 1792 1185 si

87 1193 260 1253 pellat,
300 1193 425 1240 nihil
470 1194 608 1252 afore
646 1193 814 1249 eredit,
856 1193 975 1252 quin
1019 1206 1206 1239 omnem
1256 1192 1554 1251 Hesperiam
1590 1192 1791 1252 penitus

91 1281 187 1314 sua
231 1267 321 1314 sub
367 1267 486 1327 iuya
531 1267 690 1314 mittat
735 1270 779 1314 et
821 1280 958 1314 mare
1004 1266 1132 1325 quod
1176 1280 1334 1327 supra
1380 1269 1538 1314 teneat
1574 1266 1791 1326 quodque

0 1350 61 1405 με
93 1340 252 1388 adluit
287 1341 451 1400 infra:
487 1340 671 1389 idcirco
712 1339 771 1388 de
809 1341 982 1389 nostra
1028 1340 1317 1402 expulsione
1356 1341 1547 1403 cogitat
1584 1340 1679 1389 hoe
1716 1342 1792 1388 est

0 1434 4 1463 ε
91 1430 202 1462 mea
252 1415 302 1462 et
350 1417 464 1476 tua,
502 1416 563 1462 ut
610 1415 746 1462 viam
785 1414 882 1462 sibi
918 1414 972 1462 in
1011 1414 1164 1462 aliam
1201 1415 1388 1463 reseret
1425 1415 1622 1477 partem
1661 1429 1791 1476 quae

0 1492 9 1512 ³¹
90 1504 227 1536 mare
271 1488 487 1536 inferum
532 1504 864 1551 superumque
912 1489 1254 1551 conplectitur.
1340 1488 1514 1536 debuit
1558 1488 1793 1536 Euander

89 1562 168 1611 his
219 1562 404 1611 auditis
454 1578 748 1626 praecavere
797 1579 859 1611 ne
909 1579 1023 1611 cum
1073 1562 1186 1611 aliis
1234 1562 1387 1610 etiam
1424 1563 1532 1624 ipse
1571 1562 1790 1612 serviret.

92 1637 253 1696 accipe
291 1637 448 1698 daque
484 1637 657 1696 fidem.-
694 1652 847 1698 sume,
878 1638 1059 1700 inquit,
1090 1637 1329 1685 auxilium
1363 1638 1413 1685 et
1444 1636 1522 1698 da,
1554 1637 1791 1699 quoniam
1810 1642 1895 1682 150

0 1715 62 1756 ἰο
92 1713 265 1760 contra
311 1727 459 1773 quem
508 1711 752 1759 auxilium
797 1712 913 1774 peto
954 1711 1227 1760 communis
1268 1713 1344 1759 est
1379 1712 1553 1759 hostis.
1623 1712 1793 1774 posset

92 1785 191 1833 dici
220 1785 419 1848 inpares
459 1787 575 1833 sunt
612 1787 743 1834 vires
783 1788 902 1834 tuae
949 1788 1000 1834 et
1043 1802 1144 1833 non
1189 1788 1389 1834 tantum
1434 1786 1558 1833 mihi
1603 1784 1790 1847 poteris

91 1859 324 1921 prodesse
374 1862 619 1922 quantum
670 1875 761 1924 ego
811 1859 920 1908 tibi.
1009 1860 1227 1908 occurrit
1275 1859 1412 1922 prior
1462 1862 1513 1907 et
1559 1860 1634 1907 ait
1678 1862 1794 1907 sunt

91 1933 231 1980 nobis
268 1934 420 1993 fortia
458 1934 577 1981 bello
610 1937 822 1993 pectora,
862 1937 979 1982 sunt
1015 1935 1196 1982 animi:
1241 1934 1404 1982 labori
1442 1934 1574 1981 enim
1611 1933 1790 1981 bellico

93 2009 143 2054 et
182 2008 339 2055 animi
376 2007 537 2056 virtus
577 2009 628 2056 et
665 2008 883 2071 corporis
924 2008 1207 2056 substantia
1252 2008 1531 2057 necessaria
1577 2009 1673 2055 est:
1720 2008 1792 2068 ut,

0 2090 62 2125 45
90 2080 271 2143 inquit,
309 2097 398 2130 vos
437 2082 588 2129 fortes
629 2083 764 2143 estis,
801 2084 876 2130 ita
922 2085 972 2130 et
1017 2098 1121 2130 nos.
1205 2082 1436 2144 probatio
1482 2081 1791 2130 fortitudinis

0 2163 3 2207 ἰ
93 2155 422 2203 Troianorum
459 2155 714 2204 robustius
753 2156 919 2205 fuerat
958 2155 1366 2218 demonstranda,
1404 2157 1533 2204 hanc
1579 2155 1793 2219 protulit

0 2246 8 2306 ².
93 2229 299 2278 dicendo
361 2233 405 2277 et
454 2230 599 2277 rebus
645 2233 860 2289 spectata
905 2231 1155 2278 iuventus:
1208 2230 1404 2294 insigne
1452 2233 1528 2279 est
1573 2230 1791 2290 virtutiS,

0 2316 11 2367 ι,
91 2304 279 2366 inquit,
319 2303 453 2367 quod
491 2303 740 2351 factorum
779 2306 829 2352 et
865 2321 1032 2352 rerum
1071 2304 1305 2367 probavit
1343 2305 1560 2353 effectus.

213 2449 236 2487 1
271 2445 491 2500 conplexa
519 2450 628 2489 swnt
651 2444 693 2487 V
724 2446 955 2490 continent
986 2445 1057 2489 ed.
1180 2450 1209 2489 4
1239 2446 1471 2503 siqnifteat
1500 2446 1608 2501 post
1635 2445 1794 2500 posuit

92 2502 309 2559 interpol.
343 2503 414 2547 ed.
455 2503 460 2562 Ι
502 2505 567 2548 sis
589 2503 632 2547 V
662 2505 729 2548 sic
759 2504 830 2548 ed.
924 2509 950 2548 5
983 2505 1041 2549 ab
1072 2506 1220 2549 omnis
1242 2504 1284 2549 V
1310 2519 1424 2549 corr.
1450 2504 1522 2548 ed.
1615 2507 1641 2547 8
1673 2502 1793 2559 quod

92 2564 200 2618 post
242 2564 379 2607 etiam
421 2576 510 2606 om.
547 2563 618 2607 ed.
671 2563 676 2621 Ι
734 2563 872 2607 crude
906 2562 961 2608 V.
1092 2567 1118 2606 9
1156 2578 1250 2608 ‘non
1287 2565 1412 2608 iusta
1435 2563 1478 2607 V
1509 2564 1686 2607 iniusta
1719 2561 1790 2605 ed.

95 2625 150 2664 13
187 2622 556 2677 pellat—credit
575 2649 631 2655 —
658 2626 713 2665 14
749 2624 1137 2667 mittat—teneat
1169 2623 1213 2667 V
1254 2623 1460 2679 plurales
1503 2622 1661 2678 posuit
1703 2620 1791 2673 ed„

0 2711 10 2725 .-
94 2680 177 2724 sed
208 2681 444 2724 Donatum
477 2681 543 2725 sic
573 2681 744 2738 legisse
783 2683 953 2738 eoyitat
985 2682 1035 2725 in
1069 2682 1457 2738 interpretatione
1490 2681 1744 2725 confirmat.
1783 2680 1788 2737 Ι

0 2736 13 2795 ἓ·
94 2739 255 2793 adfore
284 2738 340 2784 V.
465 2745 519 2784 15
557 2741 816 2785 demonstra
850 2742 1115 2796 expulsione
1145 2743 1312 2798 cogitat
1338 2741 1380 2784 V
1412 2742 1687 2785 demonstrat
1717 2752 1791 2782 ex-

0 2798 11 2862 }
88 2800 346 2854 pulsionem
377 2801 619 2856 coyitatam
643 2800 714 2844 ed.
752 2800 756 2857 1
791 2801 942 2843 hoe—
962 2804 1017 2843 16
1042 2805 1124 2844 tua
1156 2814 1244 2844 om.
1271 2801 1343 2845 ed.
1434 2804 1487 2842 19
1520 2799 1660 2854 deque
1690 2797 1746 2842 V.
1783 2797 1788 2843 Ι

0 2885 15 2907 a
95 2871 182 2913 quo
212 2856 255 2900 V
292 2857 515 2902 lineolam
555 2872 792 2915 superpos.
825 2873 947 2902 man.
971 2858 1015 2902 H
1046 2860 1230 2915 quando
1262 2859 1332 2903 ed.
1464 2863 1518 2901 22
1554 2859 1716 2913 priora
1749 2855 1792 2899 V

0 2919 6 2924 ’
90 2918 222 2971 prior
252 2916 324 2961 ed.
356 2916 552 2961 fortasse
575 2919 712 2974 prior
734 2919 948 2962 Aeneas?
984 2917 990 2975 Ι
1031 2924 1140 2963 swnt
1169 2924 1210 2963 et
1240 2919 1532 2974 repugnante
1562 2918 1711 2961 metro
1734 2915 1791 2959 V.

5 3018 12 3023 .
98 2979 152 3018 26
178 2977 376 3031 protulit
392 2975 435 3020 V
458 2978 630 3033 inpulit
653 2977 725 3021 ed.
819 2981 873 3020 27
900 2982 1136 3033 expectata
1151 2977 1206 3021 V.
1293 2981 1348 3020 28
1374 2982 1416 3020 et
1436 2990 1587 3021 rerum
1611 2989 1701 3019 om.
1719 2974 1790 3019 ed.
