2078 3260
783 182 1087 228 AENEIDOS
1119 182 1204 227 XII
1731 186 1836 240 631

144 324 408 386 pinnarum
453 323 730 371 subsidium
779 321 1072 372 habuisset?
1132 339 1190 371 ex
1236 322 1430 371 duabus
1479 322 1637 386 igitur
1686 339 1838 372 unam

144 397 351 445 celerem
401 395 603 446 demisit
652 413 682 446 a
731 413 924 446 summo
975 397 1171 446 aethere
1216 396 1468 460 Iuppiter3
1513 400 1658 445 tanta
1708 398 1838 446 enim

143 470 406 534 utriusque
458 473 640 520 natura
691 473 895 534 tamque
948 470 1255 520 detestabilis
1306 470 1428 533 fuit,
1480 473 1539 519 ut
1590 471 1838 534 inplendis

142 544 368 594 tristibus
400 544 552 594 etiam
583 561 687 594 una
717 546 976 595 sufficeret.
1033 545 1241 594 celerem
1271 545 1419 607 dixit,
1450 561 1550 594 non
1583 561 1681 607 quo
1714 546 1838 594 alias

92 634 111 666 5
141 619 264 668 isset
299 620 466 683 segnis
506 622 556 668 et
600 620 770 682 tarda,
820 620 906 669 sed
951 622 1009 668 ut
1047 619 1180 682 quod
1229 622 1338 669 erat
1386 620 1584 668 factura
1634 619 1839 668 celerius

141 694 327 742 faceret
375 695 425 741 et
472 693 699 756 inpleret.
751 695 896 755 inque
934 708 1072 742 omen
1108 694 1352 742 Iuturnae
1389 707 1637 742 oecwrrere
1675 694 1841 742 iussit:

142 783 300 829 omen,
331 767 582 816 fraternae
607 768 797 817 scilicet
818 768 1006 817 mortis.
1052 768 1142 816 illa
1164 768 1296 817 volat
1317 768 1547 829 celerique
1571 767 1638 816 ad
1660 771 1839 816 terram
1858 777 1943 816 855

141 842 330 890 turbine
366 844 548 902 fertur:
599 842 739 891 volat
777 845 827 891 et
865 843 1011 891 celeri
1048 843 1208 891 fertur
1236 842 1459 904 turbine,
1498 844 1674 905 utpote
1714 858 1839 904 quae

141 915 415 965 ducebatur
452 916 644 965 inmani
682 919 864 965 natura
896 919 947 964 et
975 916 1210 966 iussionis
1241 917 1457 979 inpulsu.
1507 916 1842 979 interponitur

67 1004 110 1035 ιο
140 990 404 1052 parabola,
443 1006 543 1054 qua
582 990 821 1039 orationis
862 991 1172 1040 continuatio
1211 993 1546 1054 rumperetur,
1594 994 1650 1039 ut
1686 990 1839 1039 inter-

139 1064 287 1113 iectio
318 1064 484 1114 media
513 1064 738 1113 taedium
768 1066 976 1129 legentis
1016 1064 1267 1114 excludat:
1307 1080 1406 1113 non
1436 1079 1573 1114 secus
1605 1079 1664 1113 ae
1693 1079 1840 1113 nervo

132 1153 226 1198 per
262 1140 439 1187 nubem
475 1139 677 1200 inpulsa
722 1140 924 1200 saqitt-a,
977 1142 1223 1188 armatam
1268 1140 1403 1188 saevi
1440 1139 1655 1187 Parthus
1693 1153 1841 1199 quam

138 1213 250 1271 felle
278 1214 472 1270 veneni,
507 1214 722 1262 Parthus
751 1215 852 1262 sive
886 1212 1074 1274 Cydon,
1116 1213 1261 1261 telum
1290 1213 1648 1270 inmedicabile,
1688 1213 1838 1270 torsit,

138 1287 349 1335 stridens
380 1290 423 1335 et
445 1287 611 1336 celeris
641 1288 886 1349 incognita
918 1288 1134 1336 transilit
1161 1289 1392 1336 umbras:
1423 1287 1839 1351 quemadmodum

66 1374 107 1407 15
139 1362 267 1410 solet
304 1362 492 1426 sagitta
530 1364 865 1410 transcurrere
904 1361 1058 1411 missa
1092 1361 1268 1410 Parthi
1306 1362 1385 1410 vel
1418 1361 1634 1424 Cydonis
1671 1377 1840 1423 manu,

139 1438 335 1484 armata
371 1451 559 1484 veneno
598 1451 657 1484 ac
696 1437 849 1498 ferr0,
900 1437 1039 1484 cuius
1078 1435 1206 1485 ictus
1246 1438 1321 1484 est
1358 1434 1740 1498 inmedicabiliS,
1791 1438 1841 1484 et

138 1509 267 1558 nulli
290 1509 398 1558 visa
430 1510 633 1559 celerius
666 1511 911 1573 pervenit:
952 1511 1065 1558 talis
1088 1524 1138 1558 se
1168 1513 1278 1558 sata
1310 1514 1443 1558 noete
1473 1510 1600 1567 tulit,
1641 1511 1734 1559 hoc
1766 1513 1842 1559 est
1857 1515 1944 1556 860

137 1586 374 1648 generata
396 1600 485 1647 per
515 1584 758 1645 tenebraS‚
783 1588 1031 1644 terrasque
1054 1585 1238 1644 petivit.
1278 1588 1539 1644 postquam
1563 1585 1691 1632 acies
1713 1585 1841 1633 videt

136 1658 327 1706 Iliacas
350 1662 491 1719 atque
513 1660 715 1720 aqmina
740 1660 920 1716 Turni,
954 1659 1087 1707 alitis
1110 1659 1165 1706 in
1180 1673 1372 1719 parvae
1394 1660 1607 1707 subitam
1631 1659 1841 1707 coniecta

64 1745 107 1777 20
135 1733 370 1794 ftquram,
419 1747 543 1793 quae
588 1733 832 1795 quondam
877 1733 931 1781 in
979 1733 1131 1781 bustis
1177 1736 1266 1781 aut
1310 1733 1602 1781 culminibus
1641 1733 1840 1781 desertis

136 1810 270 1854 noete
306 1807 478 1854 sedens
515 1821 678 1855 serum
717 1808 848 1855 canit
885 1808 1151 1868 inportuna
1183 1821 1276 1867 per
1313 1808 1538 1855 umbras:
1578 1806 1666 1855 ubi
1703 1806 1841 1856 venit

138 1880 202 1928 ad
240 1880 404 1928 locum
441 1880 495 1928 in
535 1897 632 1944 quo
672 1882 938 1945 gerebatur
975 1882 1106 1930 inter
1137 1880 1339 1929 Aenean
1376 1881 1698 1943 Turnumque
1739 1897 1839 1929 cer·

137 1957 303 2003 tamen
342 1956 392 2002 et
423 1958 631 2018 uterque
663 1955 906 2004 exercitus
938 1954 1132 2016 aderat,
1171 1957 1372 2019 repente
1402 1955 1455 2003 in
1487 1955 1621 2004 alitis
1653 1971 1837 2018 parvae

137 2029 350 2077 formam
388 2044 494 2078 sese
533 2031 799 2091 convertit,
851 2031 930 2078 cui
980 2045 1086 2078 mos
1135 2031 1211 2078 est
1256 2031 1344 2078 aut
1381 2030 1433 2077 in
1470 2029 1630 2079 bustis
1670 2029 1837 2079 sedere

62 2115 106 2148 25
138 2118 225 2165 per
246 2105 442 2152 noctem
466 2106 556 2151 aut
586 2105 637 2152 in
662 2104 866 2153 desertis
892 2103 1191 2152 culminibus
1217 2103 1436 2152 feraliter
1459 2119 1648 2152 canere.
1687 2105 1836 2152 huius

138 2176 316 2226 ominis
342 2178 502 2226 solent
525 2193 630 2227 esse
653 2177 784 2226 bubo
812 2179 892 2226 vel
923 2179 1122 2239 noctua,
1154 2194 1283 2240 quae
1315 2195 1415 2227 non
1447 2178 1544 2227 nisi
1574 2178 1837 2227 funereum

137 2252 520 2314 luctuosumque
567 2252 865 2316 significant.
936 2253 1064 2300 hane
1100 2266 1244 2300 versa
1280 2253 1334 2300 in
1372 2253 1549 2312 faeiem
1590 2253 1749 2300 Turni
1786 2267 1837 2301 se
1854 2257 1939 2298 865

133 2326 284 2385 pestis
321 2327 379 2373 ob
418 2340 508 2374 ora
536 2328 721 2386 fertque
758 2328 996 2387 refertque
1033 2340 1217 2375 sonans
1256 2327 1551 2387 clipeumque
1594 2327 1837 2375 everberat

139 2399 257 2447 alis:
294 2400 348 2447 in
379 2399 528 2448 huius
560 2400 694 2449 alitis
725 2400 938 2464 figuram
969 2400 1122 2463 pestis
1154 2400 1245 2448 illa
1277 2416 1512 2449 conversa
1548 2416 1645 2448 non
1679 2415 1835 2449 cessa-

63 2485 106 2517 30
137 2473 225 2522 bat
264 2475 379 2522 ante
421 2474 599 2522 faciem
638 2474 795 2522 Turni
833 2475 1046 2523 transire
1094 2477 1144 2522 et
1183 2475 1288 2523 eius
1329 2474 1539 2536 clipeum
1582 2475 1675 2523 alis
1715 2476 1834 2522 stre-

258 2589 284 2628 2
319 2585 496 2629 dimisit
523 2584 579 2629 V.
702 2591 728 2629 4
760 2598 854 2630 non
885 2599 972 2642 quo
1003 2587 1100 2631 alia
1131 2588 1173 2631 ei
1203 2587 1281 2631 sed
1310 2588 1459 2643 seqnis
1489 2592 1531 2630 et
1562 2586 1699 2630 tarda
1729 2591 1837 2630 sunt

137 2648 230 2700 qud
268 2649 366 2689 erat
398 2643 441 2686 V
477 2658 572 2688 ncm
614 2646 734 2701 quod
776 2644 847 2688 ed.
890 2645 1013 2689 aliae
1050 2651 1193 2690 essent
1229 2659 1385 2702 seynes
1423 2645 1510 2689 edI
1553 2646 1656 2689 alae
1693 2650 1837 2689 essent

136 2717 290 2760 seqnes
329 2703 431 2747 edF
473 2708 515 2747 et
552 2704 690 2748 tarda
730 2718 818 2747 om.
855 2704 926 2748 ed.
966 2705 1046 2749 sed
1075 2710 1127 2748 ut
1156 2705 1276 2761 quod
1308 2705 1378 2748 ed.
1516 2709 1570 2746 10
1606 2704 1835 2760 parabola

136 2762 429 2818 (plerumque
452 2763 605 2817 -bula)
630 2762 685 2807 V.
722 2763 726 2821 Ι
760 2764 959 2808 rationis
982 2763 1023 2807 V
1059 2763 1147 2808 edI
1164 2776 1278 2808 corr.
1306 2763 1421 2807 edF.
1510 2768 1563 2807 16
1589 2768 1772 2807 armata
1793 2762 1835 2805 V

136 2823 281 2866 tincta
305 2822 376 2866 ed.
406 2821 410 2880 Ι
446 2821 569 2876 ferro
592 2821 634 2865 V
664 2822 698 2876 f.
723 2823 904 2867 ntunita
935 2822 1007 2867 ed.
1102 2827 1156 2866 17
1189 2824 1259 2867 vis
1288 2836 1343 2866 ac
1366 2822 1407 2865 V
1430 2823 1532 2866 visa
1555 2836 1611 2866 ae
1634 2822 1706 2866 ed.
1735 2822 1834 2866 visa

137 2894 233 2925 nos.
271 2881 276 2939 Ι
310 2886 438 2926 noete
469 2894 562 2924 non
586 2881 656 2925 N·
680 2882 871 2936 propter
893 2881 1085 2938 interpr.
1174 2885 1227 2924 19
1259 2883 1461 2926 coniecta
1486 2880 1528 2925 V
1552 2882 1735 2925 collecta
1761 2880 1833 2924 ed.

138 2943 192 2981 22
224 2945 267 2985 et
302 2941 509 2985 Turnum
541 2939 612 2984 ed.
704 2944 761 2983 24
791 2940 942 2994 forma
966 2940 1008 2984 V
1032 2955 1146 2985 corr.
1173 2940 1244 2984 ed.
1337 2945 1392 2984 26
1425 2942 1572 2984 omnis
1595 2940 1635 2983 V
1668 2941 1835 2985 ominis

138 2997 208 3043 ed.
245 2998 250 3056 Ι
284 3000 393 3044 solet
424 2999 493 3043 ed.
589 3003 643 3043 27
677 3001 838 3056 sepesti
866 3013 1030 3056 sopora
1053 2999 1108 3045 V.
1199 3003 1254 3043 30
1285 3000 1583 3056 strepentibus
1607 2998 1648 3042 V
1681 3001 1728 3044 vi
1760 2999 1831 3043 ed.
