2078 3260
233 195 343 248 630
706 192 939 238 DONATI
970 192 1251 238 INTERPR.
1276 193 1454 238 VERG.

228 337 340 381 vota
388 334 598 382 vocavit:
660 334 794 397 quod
846 334 1041 381 locutus
1098 335 1195 394 est,
1255 332 1445 394 inquit,
1506 333 1772 397 deprecans
1826 349 1926 383 non

227 407 528 456 frustratum
559 410 659 470 est3
697 424 815 456 nam
845 422 959 454 mox
990 405 1037 454 ei
1068 406 1233 455 adfuit
1263 406 1344 455 dei
1365 409 1639 469 praesentis
1672 407 1926 457 auxilium.

228 481 350 530 dicit
380 481 651 544 quomodo:
683 495 891 542 namque
922 481 1009 528 diu
1040 480 1230 529 luctaris
1262 481 1476 540 lentoque
1505 483 1558 529 iu
1588 483 1738 542 stirpe
1766 497 1927 531 mora-

227 559 304 604 tus
327 556 515 604 viribus
537 556 657 603 haut
685 555 802 602 ullis
826 555 982 603 valuit
1010 555 1279 603 discludere
1300 569 1493 603 morsus
1514 557 1701 604 roboris
1715 555 1925 605 Aeneas.

228 630 345 678 dum
375 630 548 677 nititur
579 643 691 677 acer
722 632 765 677 et
797 629 964 685 instat,
1003 643 1180 676 rursus
1214 630 1269 677 iu
1300 630 1505 690 auriqae
1532 631 1710 690 faciem
1738 634 1928 679 mutata
1982 641 2002 674 5

226 704 423 752 Metisci
454 704 704 762 procurrit
731 704 971 764 fratrique
1010 716 1171 750 ensem
1208 703 1300 751 dea
1329 704 1541 752 Daunia
1569 705 1750 753 reddit:
1787 720 1926 768 prae-

177 807 182 810 ·
227 778 413 826 stitisse
452 777 646 839 aliquid
684 777 913 826 Faunum
952 776 1119 826 Turno
1159 793 1248 840 pro
1282 777 1524 827 desiderio
1566 778 1928 842 deprecationis

226 852 418 915 posuit,
457 853 673 899 ceterum
706 890 716 899 .
751 891 760 900 .
794 887 807 900 .

531 925 685 974 Deest
721 924 1070 988 interpretatio
1108 939 1265 988 usque
1308 924 1371 973 ad
1410 943 1455 972 v.
1499 927 1622 974 846.

382 1037 393 1047 .
420 1037 430 1047 .
454 1015 553 1048 uno
587 1002 737 1062 atque
761 999 934 1048 eodem
956 1001 1131 1062 partu:
1171 1015 1321 1061 quam
1355 999 1663 1048 detestabilis
1694 999 1929 1048 nascendi
1961 1012 2003 1045 ιο

226 1073 449 1122 condicio
490 1090 619 1137 quae
658 1074 842 1137 triplex
878 1075 1068 1122 malum
1116 1075 1267 1122 semel
1307 1073 1481 1122 effudit
1519 1077 1570 1122 et
1608 1073 1768 1123 omnis
1808 1073 1927 1123 diris

226 1148 473 1212 anguibus
527 1149 712 1209 vinxit,
766 1147 996 1197 omnibus
1047 1147 1152 1196 alas
1203 1147 1456 1209 attribuit,
1509 1150 1567 1195 ut
1614 1148 1668 1196 in
1719 1148 1929 1196 exitium

223 1223 483 1270 hominum
523 1225 573 1270 et
611 1222 944 1271 substantiam
981 1222 1191 1270 nocendi
1229 1222 1469 1270 haberent
1507 1224 1556 1270 et
1594 1223 1774 1271 celeres
1819 1239 1927 1285 per-

225 1298 419 1359 gerent!
458 1297 549 1344 hae
579 1297 717 1345 Iovis
748 1297 815 1344 ad
845 1298 1045 1344 solium:
1082 1312 1182 1344 non
1220 1298 1344 1357 tres,
1384 1297 1470 1344 sed
1502 1297 1653 1359 duae3
1695 1296 1929 1360 Megaera.

120 1378 207 1417 850
225 1371 357 1418 enim
403 1371 613 1419 inmissa
658 1387 758 1418 non
801 1371 911 1419 fuit.
966 1371 1192 1429 saevique
1228 1371 1284 1418 iu
1322 1372 1488 1418 limine
1523 1371 1652 1432 reqis
1690 1374 1930 1431 apparent
1961 1383 2002 1417 15

226 1448 498 1506 acuuntque
534 1448 713 1492 metum
749 1445 1036 1493 mortalibus
1068 1446 1248 1505 aeqriS,
1290 1446 1334 1492 si
1366 1445 1559 1505 quaudo
1592 1446 1736 1493 letum
1773 1445 1927 1493 horri-

223 1520 372 1578 ficum
408 1520 691 1579 morbosque
722 1519 865 1567 deum
902 1533 988 1566 rex
1017 1520 1215 1566 molitur
1243 1520 1443 1567 meritas
1475 1523 1561 1567 aut
1591 1520 1710 1567 bello
1741 1520 1929 1567 territat

223 1594 386 1641 urbis:
434 1608 639 1642 saevum
675 1609 844 1657 regem
875 1593 1022 1654 dixit,
1062 1609 1160 1642 non
1193 1608 1385 1655 semper
1424 1609 1649 1654 saevum,
1689 1592 1775 1641 sed
1805 1595 1926 1641 tunc

225 1683 334 1715 cum
377 1683 434 1715 ex
474 1668 645 1729 aliqua
691 1682 841 1716 causa
889 1669 1239 1716 commovetur.
1292 1667 1419 1715 istae
1466 1683 1582 1730 ergo
1635 1667 1699 1715 ad
1745 1667 1926 1715 solium

226 1742 491 1790 observant
528 1741 660 1805 regis
701 1745 751 1790 et
788 1741 986 1802 limina,
1035 1743 1094 1789 ut
1129 1741 1355 1789 homines
1399 1743 1639 1802 terreant,
1688 1740 1926 1789 iniectum
1957 1753 2001 1785 20

225 1818 414 1864 metum
453 1815 644 1864 faciant
680 1815 910 1864 terrendo
950 1816 1168 1878 peiorem
1208 1830 1263 1863 eo
1303 1816 1524 1878 tempore
1565 1831 1665 1878 quo
1698 1815 1927 1878 Iuppiter

224 1890 506 1938 hominibus
539 1892 628 1938 aut
657 1889 854 1938 morbos
879 1892 1027 1953 parat
1059 1891 1149 1938 aut
1179 1891 1391 1937 mortem
1423 1891 1511 1938 aut
1541 1890 1677 1938 urbis
1703 1889 1927 1953 exagitat

224 1963 368 2012 bello.
438 1966 640 2012 meritas
687 1964 876 2027 inquit,
927 1966 987 2012 ut
1033 1964 1315 2012 ostenderet
1359 1963 1529 2013 Iovem
1574 1980 1674 2012 non
1723 1979 1925 2012 saevum

226 2053 351 2099 esse,
392 2038 478 2086 sed
516 2039 731 2100 iustum3
768 2038 870 2086 illis
911 2040 1042 2086 enim
1071 2039 1194 2086 haec
1224 2038 1440 2086 inmittit
1471 2037 1560 2100 qui
1589 2037 1924 2100 delinquendo

224 2112 509 2160 meruerint.
549 2113 726 2160 harum
755 2127 911 2160 uriam
950 2113 1145 2160 celerem
1175 2112 1375 2159 demittit
1413 2113 1475 2160 ab
1516 2113 1701 2160 aethere
1737 2126 1924 2159 summo
1956 2125 1998 2159 25

224 2184 524 2247 [Iuppiter].·
566 2202 673 2234 ecce
713 2202 813 2234 non
853 2189 929 2234 est
966 2186 1270 2248 superfluum
1318 2187 1451 2249 quod
1496 2187 1547 2233 in
1594 2185 1924 2248 descriptione

223 2260 435 2309 istarum
486 2260 678 2308 alarum
729 2262 1129 2309 commemoratio
1176 2260 1310 2309 facta
1358 2262 1453 2308 est:
1508 2276 1624 2308 nam
1676 2259 1922 2322 quomodo

225 2336 392 2397 posset
431 2333 629 2382 demitti
667 2349 725 2382 ex
765 2335 867 2383 alto
908 2335 1104 2382 aethere
1137 2337 1226 2382 aut
1255 2335 1511 2396 pervenire
1543 2334 1787 2395 celeriter,
1826 2333 1924 2381 nisi

345 2480 369 2518 2
411 2476 686 2531 depreseritz's
719 2474 761 2517 V
800 2475 874 2519 dei
906 2477 1162 2530 praesentis
1200 2489 1282 2519 nos
1322 2476 1605 2531 deprecantis
1640 2474 1727 2519 edI
1766 2476 1922 2531 depre-

225 2536 351 2579 canti
383 2535 500 2578 edF.
613 2538 638 2578 8
671 2539 864 2578 ceterum
895 2534 999 2577 finis
1033 2534 1134 2578 folii
1167 2540 1252 2578 224
1277 2534 1353 2577 Bb
1387 2533 1597 2590 sequitur
1627 2533 1707 2578 fol.
1733 2538 1818 2577 233
1850 2533 1922 2577 in-

226 2594 403 2650 cipiens
437 2593 493 2651 (A
504 2595 546 2649 a)
580 2592 638 2636 ab
670 2607 764 2637 urio
795 2598 928 2648 atque
960 2594 1108 2637 eodem
1131 2600 1278 2649 partu
1301 2593 1342 2637 V
1373 2593 1544 2637 lemma
1575 2593 1791 2649 praefixit
1819 2593 1920 2636 edF

224 2653 300 2708 (de
345 2653 506 2696 ordine
550 2652 908 2708 quaternionum
947 2652 1053 2696 vide
1096 2652 1465 2708 praefationem).
1599 2657 1652 2695 12
1694 2653 1846 2696 virioeit
1878 2651 1921 2693 V

223 2713 379 2756 iwnaeit
418 2712 489 2755 ed
596 2716 652 2755 14
683 2713 793 2755 haec
822 2725 906 2766 pro
937 2712 1021 2755 hae
1046 2711 1098 2754 V.
1149 2712 1152 2769 Ι
1203 2726 1376 2756 mecera
1407 2711 1461 2755 V.
1564 2716 1617 2754 15
1649 2712 1855 2755 inmensa
1878 2709 1921 2752 V

224 2772 443 2815 immensa
478 2770 548 2814 ed.
581 2773 633 2814 iu
664 2784 818 2814 mensa
857 2770 927 2813 ed.
960 2771 1096 2824 post„
1130 2771 1263 2825 quasi
1299 2771 1357 2814 de
1388 2770 1507 2814 Iovis
1538 2783 1699 2814 mensa
1731 2770 1918 2825 agatur!

224 2831 417 2874 inmissa
447 2843 551 2873 nos:
584 2829 856 2873 Tartaream
881 2829 1147 2884 Megaeram
1173 2829 1328 2873 Don.
1315 2845 1365 2872 in
1388 2829 1633 2872 Tartarum
1660 2828 1918 2884 relegatam

224 2890 375 2944 putat.
499 2894 555 2932 20
585 2902 708 2945 reyes
731 2887 773 2931 V
798 2888 868 2931 ed.
901 2889 1020 2944 reqis
1050 2902 1147 2931 nos,
1271 2893 1325 2932 21
1353 2890 1509 2944 peiore
1545 2888 1614 2932 ed.
1646 2889 1766 2942 post.
1816 2888 1819 2944 ἶ
1870 2900 1920 2931 eo

227 2961 314 2990 om.
350 2948 421 2991 ed.
454 2948 575 3003 post.
669 2951 724 2990 25
758 2947 952 2991 demittit
974 2946 1016 2990 V
1047 2947 1226 2991 demisit
1249 2947 1387 3003 Verg.
1413 2947 1536 2991 libri.
1629 2951 1684 2990 26
1708 2947 1919 3001 Iuppiter

226 3005 437 3050 lemmati
470 3006 633 3050 addidi
663 3005 786 3050 infra
817 3019 901 3061 pro
933 3005 1152 3050 lemmate
1185 3006 1371 3061 scripsit
1399 3005 1453 3050 V.
1576 3009 1632 3048 28
1665 3005 1835 3051 dimitti
1861 3003 1917 3049 V.
