2078 3260
133 1026 175 1057 10

132 1395 174 1428 15

131 1766 175 1798 20

131 2136 175 2169 25

132 2507 177 2538 80

841 202 1145 250 AENEIDos
1175 201 1263 246 ΧΠ
1789 206 1897 260 589

206 346 377 406 inqens
402 345 557 393 barba
578 344 757 392 reluxit
778 343 1087 403 nidoremque
1113 344 1340 392 ambusta
1362 343 1514 391 dedit:
1544 343 1672 392 duae
1699 345 1902 393 fuerunt

208 419 510 480 occasioneS,
548 434 651 466 una
689 419 820 481 ignis
859 418 1048 480 sumpti
1085 433 1144 466 ex
1181 432 1292 479 ara,
1330 417 1491 466 altera
1529 417 1649 480 quia
1688 420 1903 467 occurrit

207 494 359 542 facies
409 508 536 555 quae
582 492 766 540 barbae
812 492 985 540 fomite
1032 493 1290 554 exceptum
1339 491 1555 540 nutriret
1602 492 1901 541 incendium.

205 581 353 628 super
396 567 502 626 ipse
546 570 737 615 secutus
783 566 1048 614 caesariem
1098 566 1239 614 laeva
1287 567 1470 615 turbati
1514 566 1713 627 corripit
1755 567 1903 615 hostis

205 642 517 701 inpressoque
559 655 688 702 yenu
725 641 884 688 nitens
929 644 1086 688 terrae
1130 640 1347 701 adplicat
1389 641 1573 700 ipsum,
1627 639 1699 688 sic
1745 641 1903 701 riyido

206 715 337 764 latus
360 729 471 764 ense
493 716 630 776 ferit:
659 717 990 778 posteaquam
1011 714 1212 763 flamma
1238 714 1464 763 turbavit
1485 714 1735 763 hominem
1759 714 1902 778 eique

206 790 393 852 eripuit
431 791 709 852 aspectum,
760 787 1017 838 advolavit
1068 788 1154 837 ine
1206 788 1538 852 inplicuitque
1586 789 1690 837 eius
1738 803 1902 837 comas

205 863 352 912 laeva
390 865 441 912 et
476 865 639 912 nitens
678 880 807 927 genu
846 863 1134 925 superatum
1173 862 1236 910 ad
1266 866 1454 911 terram
1482 878 1641 926 usque
1671 863 1906 926 perduxit

204 938 539 1000 inpressitque
570 937 719 986 lateri
756 938 862 985 eius
893 935 1114 1001 rigidum
1148 936 1371 1000 gladium
1400 937 1493 986 hoc
1532 938 1608 985 est
1637 937 1761 986 satis
1793 953 1904 986 acu-

205 1013 327 1060 tum.
390 1012 675 1060 Podalirius
712 1009 912 1067 Alsum,
951 1014 1202 1071 pastorem
1241 1011 1501 1072 primaque
1546 1012 1650 1060 acie
1680 1026 1773 1073 per
1810 1012 1906 1060 tela
1921 1021 2007 1062 305

204 1089 442 1142 ruentem,
476 1100 587 1134 ense
618 1099 819 1146 sequens
850 1085 982 1133 nudo
1012 1086 1383 1145 superinminet,
1414 1086 1496 1133 ille
1525 1086 1684 1134 securi
1711 1086 1906 1134 adversi

204 1160 417 1208 mediam
453 1161 662 1220 frontem
705 1162 1012 1218 mentumque
1055 1159 1255 1207 reducta
1297 1159 1482 1208 dissicit
1520 1162 1564 1207 et
1599 1174 1772 1220 sparso
1812 1160 1906 1208 late

204 1235 335 1295 riqat
383 1249 527 1282 arma
573 1248 765 1282 cruore:
809 1231 1092 1282 Podalirius
1140 1233 1257 1281 dum
1294 1233 1473 1282 Alsum
1509 1236 1761 1296 pastorem
1797 1249 1906 1296 per-

206 1309 455 1370 sequitur,
486 1310 749 1371 propterea
780 1307 913 1371 quod
944 1322 1095 1356 ausus
1128 1309 1257 1356 esset
1286 1309 1340 1355 in
1371 1307 1533 1371 prima
1564 1309 1670 1356 acie
1701 1309 1906 1370 versari,

205 1382 290 1430 ille
329 1399 388 1430 ex
426 1383 633 1431 adverso
664 1382 866 1431 veniens
904 1381 1095 1430 inimici
1132 1382 1211 1430 sui
1247 1381 1464 1430 mediam
1494 1382 1709 1431 frontem
1748 1382 1907 1431 securi

205 1457 451 1518 percussit
487 1459 630 1505 tanto
662 1456 899 1518 pondere,
938 1458 997 1504 ut
1027 1471 1182 1519 usque
1215 1455 1277 1504 ad
1315 1458 1540 1505 mentum
1570 1456 1677 1506 eius
1709 1457 1906 1505 descen-

206 1530 355 1578 deret.
411 1531 545 1594 quod
581 1530 749 1593 ipsum
779 1530 971 1578 factum
1010 1533 1086 1578 est
1124 1532 1230 1579 arte
1269 1529 1512 1592 ferientis,
1552 1532 1641 1594 qui
1679 1534 1795 1593 post
1831 1532 1903 1578 in-

204 1604 392 1653 flictam
415 1605 615 1654 caedem
636 1603 835 1652 reduxit
851 1603 1125 1666 dexteram3
1148 1605 1350 1653 veniens
1374 1604 1505 1652 enim
1521 1606 1706 1654 securis
1728 1605 1907 1654 intth

204 1680 408 1743 plagam
455 1682 506 1727 et
550 1679 758 1727 reducta
796 1678 1070 1743 geminavit
1117 1678 1250 1740 quod
1295 1679 1492 1727 fecerat.
1553 1681 1668 1742 post
1710 1681 1906 1728 tantam

206 1755 371 1802 autem
417 1753 520 1802 vim
569 1754 859 1802 consecutus
910 1753 1112 1816 sanguis
1163 1753 1293 1801 caesi
1340 1768 1479 1801 arma
1527 1753 1761 1816 perfudit.
1822 1754 1906 1802 olli

205 1828 335 1875 dura
384 1829 518 1886 quies
568 1828 729 1876 oeulos
779 1830 822 1875 et
870 1829 1060 1887 ferreus
1097 1830 1235 1888 urqet
1282 1841 1502 1883 somnus,
1553 1828 1608 1875 in
1658 1831 1906 1876 aeternam
1922 1836 2008 1876 310

205 1901 479 1949 conduntur
518 1902 708 1950 lwmina
746 1904 929 1949 noctem
938 1919 956 1960 ‚·
1006 1903 1081 1949 est
1126 1901 1258 1948 enim
1304 1903 1445 1963 quies
1492 1901 1594 1949 alia
1639 1918 1739 1951 non
1782 1902 1906 1950 dura

207 1978 256 2023 et
286 1991 385 2023 non
417 1975 604 2024 ferreus
637 1991 837 2024 somnus
870 1977 917 2023 et
949 1991 1046 2023 nox
1077 1990 1176 2022 non
1209 1976 1437 2036 aeterna,
1477 1975 1657 2038 quibus
1692 1978 1906 2025 utuntur

208 2049 271 2098 ad
308 2052 504 2113 tempus
546 2050 633 2113 qui
672 2051 885 2098 salutem
922 2050 1221 2098 incolumem
1258 2049 1487 2098 retinent.

324 2122 395 2171 At
408 2125 528 2184 pius
551 2121 748 2172 Aeneas
774 2124 994 2171 dextram
1026 2123 1247 2171 tendebat
1274 2124 1507 2172 inermem
1535 2124 1720 2172 nudato
1752 2125 1906 2185 capite

207 2200 349 2257 atque
386 2212 500 2246 suos
539 2198 747 2246 clamore
784 2198 1010 2245 vocabat:
1049 2213 1162 2245 cum
1198 2196 1278 2245 illi
1313 2198 1436 2247 haec
1473 2214 1573 2246 non
1612 2198 1716 2247 sine
1756 2199 1903 2247 sacri-

206 2272 328 2335 legii
356 2271 560 2320 crimine
591 2273 834 2336 gererent,
858 2271 1102 2319 Troianae
1126 2287 1240 2320 vero
1264 2274 1431 2334 partes
1454 2272 1716 2321 resistendi
1740 2271 1904 2320 studio

207 2345 523 2407 ducerentur,
562 2347 762 2395 emersit
798 2345 931 2393 idem
968 2345 1075 2408 ipse
1113 2345 1307 2395 Aeneas
1346 2348 1457 2409 pius
1495 2346 1548 2394 id
1587 2349 1663 2394 est
1701 2347 1906 2394 deorum

208 2420 369 2469 cultor
406 2420 539 2468 nudo
579 2420 742 2482 capite
782 2421 934 2481 atque
976 2419 1152 2468 inermi
1190 2419 1385 2482 dextra,
1434 2423 1492 2468 ut
1530 2422 1906 2484 cognosceretur

208 2510 238 2541 a
269 2495 372 2542 suis
412 2495 500 2541 aut
530 2509 591 2541 ne
620 2494 727 2556 ipse
759 2510 957 2556 quoque
987 2496 1155 2543 reatus
1186 2494 1435 2558 particeps
1467 2497 1615 2555 esset,
1655 2495 1699 2543 si
1730 2495 1907 2543 fuisset

208 2570 445 2616 armatus.
521 2569 715 2616 locutus
755 2569 830 2616 est
868 2569 1037 2616 autem
1086 2567 1149 2617 ad
1187 2584 1302 2617 suos
1343 2569 1556 2616 clamore
1593 2584 1797 2632 magn0‚
1843 2585 1904 2616 ne

208 2642 364 2690 secuti
400 2642 621 2690 hostium
660 2641 1054 2706 desperationem
1090 2642 1190 2705 ipsi
1229 2658 1423 2705 quoque
1468 2643 1717 2706 sacrilegii
1756 2643 1904 2692 scele-

330 2787 352 2826 1
385 2783 543 2827 incens
566 2782 620 2825 V.
706 2787 731 2825 2
764 2785 876 2838 quia
898 2782 940 2826 V
964 2784 1084 2840 quod
1108 2783 1179 2828 ed.
1268 2788 1322 2827 10
1352 2785 1524 2828 salsum
1547 2783 1601 2827 V.
1689 2787 1741 2827 11
1776 2789 1905 2828 tuen-

209 2847 294 2886 tem
337 2842 408 2885 ed.
547 2846 600 2884 12
645 2842 836 2887 discidit
877 2842 949 2886 ed.
1088 2847 1141 2887 13
1183 2844 1470 2898 persequitur
1504 2842 1546 2885 V
1587 2844 1791 2898 sequitur
1832 2843 1902 2887 ed.

212 2905 265 2944 15
297 2901 371 2944 illi
393 2900 435 2944 V
461 2914 573 2945 corr.
601 2901 672 2945 ed.
769 2906 822 2945 16
855 2902 1135 2946 descenderet
1157 2901 1198 2945 V
1230 2902 1501 2946 distenderet
1532 2901 1603 2945 ed.
1693 2905 1748 2945 22
1780 2903 1905 2946 elau-

209 2959 383 3004 duntur
415 2960 484 3003 ed.
579 2965 635 3004 24
666 2961 747 3016 qui
777 2961 937 3017 inepte
967 2962 1196 3016 transpos.
1224 2961 1294 3005 ed.
1333 2962 1337 3018 Ι
1372 2962 1563 3005 salutem
1587 2960 1629 3003 V
1659 2962 1801 3006 vitam
1832 2961 1904 3006 ed.

210 3019 257 3061 et
287 3020 517 3076 tranepos.
643 3024 697 3063 32
730 3020 827 3076 ipse
850 3019 892 3063 V
917 3033 1030 3064 corr.
1057 3020 1127 3064 ed.
