2050 3226
83 1004 125 1036 10

84 1373 124 1406 15

84 1746 127 1778 20

84 2115 126 2148 25

799 176 1103 223 AENEmos
1135 177 1200 221 1x
1740 181 1849 235 249

276 320 486 368 Victores
517 318 712 379 praeda
750 319 926 367 Rutuli
963 318 1224 379 spoliisque
1255 318 1421 378 potiti:
1467 317 1678 367 victores
1727 318 1852 367 dixit
1867 329 1954 369 450

156 392 532 444 obtrectationis
558 408 707 442 causa
734 392 822 456 qui
845 386 1086 456 putarent
1109 407 1160 440 se
1187 391 1379 454 aliquid
1403 409 1639 456 magnum
1664 393 1852 454 fecisse,

157 468 277 531 quia
321 469 532 516 trecenti
577 467 860 516 occiderant
906 466 1051 528 duos,
1099 482 1211 516 cum
1250 469 1300 514 et
1339 466 1437 514 duo
1484 468 1588 514 iam
1625 466 1725 529 ipsi
1762 468 1851 515 tris

156 541 494 606 peremissent.
557 542 768 605 denique
794 540 957 605 qualis
983 540 1195 590 victoria
1218 539 1318 589 fuit
1342 557 1493 604 quam
1517 540 1854 603 sequebantur

155 618 389 665 lacrimae
439 614 781 679 perditorum?
837 616 971 679 quod
1018 614 1184 678 ipsum
1235 618 1291 663 ut
1340 615 1567 677 satiaret,
1619 613 1691 664 ait
1739 615 1854 663 Vul-

155 694 334 740 centem
373 691 653 739 exanimum
683 691 849 749 flentes
888 691 942 738 in
973 692 1137 739 castra
1166 690 1411 750 ferebant:
1448 690 1501 737 in
1533 691 1698 739 castra
1730 689 1855 737 dixit

155 765 243 813 ubi
287 780 403 827 pars
456 765 557 813 alia
607 763 817 828 degebat
868 763 1111 814 exercitus
1158 764 1248 826 qui
1287 763 1528 812 Troianos
1580 762 1854 813 obsederat.

155 838 351 902 spoliis,
388 840 580 902 inquit,
618 837 790 901 potiti:
830 841 880 887 et
916 840 1010 888 hoc
1047 838 1291 901 notabile3
1338 838 1686 902 gloriabantur
1724 837 1856 886 enim

155 930 244 977 pro
295 929 478 978 magno
531 914 874 974 aestimantes,
927 912 1046 976 quia
1095 915 1383 976 receperant
1432 929 1491 961 ea
1542 929 1668 976 quae
1720 913 1855 962 solus

155 987 390 1051 portabat
407 987 671 1051 Euryalus
710 987 1060 1051 intellegamus
1086 987 1324 1050 praedam
1347 986 1499 1036 fuisse
1522 988 1573 1035 in
1598 983 1854 1050 speciebus

157 1078 280 1126 quas
334 1062 522 1111 tulerat
574 1062 751 1124 Nisus,
810 1063 970 1125 spolia
1025 1077 1141 1110 vero
1198 1061 1380 1124 quibus
1435 1061 1542 1125 ipse
1597 1065 1648 1110 et
1700 1061 1854 1110 Nisus

155 1138 356 1185 fuerant
393 1137 560 1185 induti
598 1137 678 1185 vel
726 1137 921 1186 armati.
1012 1150 1099 1184 nec
1150 1136 1311 1184 minor
1363 1137 1418 1183 in
1471 1137 1646 1184 castris
1700 1136 1855 1184 luctus

155 1212 423 1260 Rhamnete
445 1214 630 1271 reperto
655 1211 867 1272 exanyui
897 1213 942 1258 et
968 1211 1148 1271 primis
1177 1225 1282 1258 una
1314 1213 1378 1258 tot
1408 1211 1551 1258 caede
1572 1211 1854 1271 peremptis,

155 1285 461 1347 Serranoque
490 1285 777 1345 Numaque:
817 1288 996 1334 auctus
1036 1286 1112 1333 est
1151 1299 1323 1333 eorum
1354 1284 1521 1334 luctus
1553 1301 1611 1333 ex
1643 1285 1857 1334 aliorum

156 1359 389 1410 caedibus
427 1361 637 1423 repertis
674 1359 728 1407 in
767 1360 966 1420 castris,
1007 1374 1130 1422 quos
1170 1358 1356 1421 primos
1396 1361 1446 1407 et
1483 1360 1723 1421 plurimos
1756 1375 1856 1408 una

156 1434 306 1483 simul
367 1433 626 1483 calamitas
689 1436 948 1483 straverat.
1052 1434 1223 1494 inqens
1285 1448 1549 1482 concursus
1614 1434 1681 1482 ad
1744 1434 1857 1494 ipsa

156 1523 380 1569 corpora,
421 1509 502 1558 vel
533 1509 651 1571 quia
682 1508 946 1557 videbatur
976 1507 1309 1571 plurimorum
1348 1508 1591 1556 acerbitas
1624 1509 1857 1556 funerum
1873 1517 1959 1557 455

155 1583 234 1632 vel
297 1584 416 1645 quia
477 1583 713 1632 volebant
772 1598 916 1631 nosse
978 1598 1103 1644 quos
1167 1584 1442 1644 quantosve
1508 1582 1854 1645 perdidissent.

156 1658 356 1706 tantum
396 1659 564 1706 autem
600 1657 842 1705 momenti
879 1656 1030 1706 unius
1071 1656 1236 1705 clades
1276 1656 1546 1718 inflixerat,
1588 1659 1647 1705 ut
1685 1672 1853 1706 omnes

156 1732 306 1780 simul
329 1731 521 1780 turbati
543 1731 634 1780 uni
655 1735 853 1781 tantum
878 1747 1057 1780 causae
1087 1732 1376 1779 tenerentur
1397 1730 1594 1780 intenti.
1656 1732 1856 1779 semine-

156 1807 316 1865 cisque
353 1807 484 1855 viros
523 1806 778 1866 tepidaque
815 1809 1049 1854 recentem
1087 1806 1230 1854 caede
1262 1806 1418 1854 locum
1457 1809 1501 1853 et
1530 1806 1703 1866 plenos
1741 1820 1855 1866 spu-

155 1881 338 1928 mantis
383 1882 623 1942 sanquine
668 1882 823 1929 rivos:
873 1881 1030 1929 scelus
1070 1881 1124 1928 in
1162 1879 1350 1929 recenti
1389 1879 1662 1929 admissum
1701 1897 1761 1927 ex
1799 1896 1855 1929 eo

157 1953 481 2019 colligebant,
522 1954 656 2018 quod
695 1955 925 2003 nonnulli
956 1954 1118 2003 adhuc
1158 1954 1380 2017 aliquam
1419 1957 1613 2018 partem
1652 1953 1855 2018 spiritus

156 2028 438 2077 retinebant
484 2031 534 2077 et
572 2045 825 2078 caesorum
874 2030 1079 2093 sanguis
1118 2029 1339 2078 nondum
1379 2028 1615 2078 amiserat
1655 2044 1856 2092 spumas

156 2105 388 2166 terraque
418 2102 530 2165 ipsa
561 2103 789 2152 nonnihil
819 2105 998 2153 caloris
1023 2121 1082 2151 ex
1114 2103 1303 2152 cruoris
1336 2103 1572 2152 effusione
1603 2103 1855 2152 reddebat.

157 2177 286 2225 unde
339 2179 500 2242 magis
557 2177 834 2241 agebantur
884 2178 1128 2240 dolentes,
1184 2177 1325 2240 quia,
1381 2179 1423 2226 si
1476 2177 1686 2227 adversa
1742 2179 1855 2226 illos

157 2252 360 2300 fortuna
409 2268 508 2301 non
558 2251 852 2314 inpedisset‚
907 2253 1034 2300 nihil
1089 2252 1370 2301 emersisset
1423 2252 1669 2301 eiusmodi
1725 2251 1858 2315 quod

157 2327 454 2391 plangerent
500 2327 588 2374 aut
633 2327 875 2390 lugerent.
954 2330 1222 2388 aynoscunt
1266 2327 1424 2386 spolia
1471 2328 1596 2374 inter
1642 2341 1692 2375 se
1726 2327 1857 2387 yale-

159 2415 331 2460 amque
360 2401 586 2449 nitentem
617 2401 844 2460 Messapi
883 2404 925 2449 et
953 2401 1102 2449 multo
1135 2401 1370 2461 phaleras
1408 2401 1585 2449 sudore
1619 2404 1857 2460 receptas:

279 2532 304 2571 3
336 2528 427 2572 duo
451 2527 493 2569 V
524 2542 579 2572 ac
603 2529 762 2584 potius
791 2529 907 2572 alter
938 2527 1131 2572 duorum
1164 2527 1271 2570 add.
1298 2527 1370 2571 ed.
1493 2532 1518 2571 5
1555 2528 1785 2571 sauciaret
1815 2525 1856 2569 V

160 2600 273 2630 corr.
306 2587 377 2630 ed.
472 2592 496 2630 7
530 2588 716 2644 deyebat
738 2586 780 2630 V
812 2591 910 2632 erat
940 2587 1011 2630 ed.
1049 2586 1053 2644 Ι
1094 2587 1322 2631 obsiderat
1343 2586 1398 2631 V.
1494 2590 1518 2629 9
1550 2587 1858 2630 existimantes

160 2646 231 2690 ed.
290 2645 295 2703 Ι
347 2653 677 2702 praeceperant
714 2646 755 2689 V
801 2651 1063 2702 receperant
1107 2660 1190 2690 nos
1238 2645 1293 2689 cf.
1336 2650 1422 2690 458
1469 2650 1738 2700 acceperunt
1784 2644 1855 2689 ed.

163 2710 213 2748 11
259 2706 427 2749 tulerat
465 2707 611 2750 Nisus
644 2705 686 2748 V
720 2706 791 2750 ed.
836 2705 1007 2749 falsum
1050 2719 1150 2750 esse
1192 2707 1347 2761 patet,
1396 2705 1507 2760 quia
1550 2704 1690 2747 Nisus
1738 2703 1858 2747 nihil

159 2764 333 2808 tulerat
370 2765 445 2820 (cf.
481 2768 584 2819 378)
625 2767 672 2808 et
702 2766 798 2821 ipse
829 2764 1086 2820 Euryalum
1117 2766 1331 2820 respicit,
1364 2765 1520 2820 potest
1552 2763 1724 2807 Donati
1755 2763 1857 2818 lap-

161 2837 238 2866 sus
282 2837 402 2876 esse;
447 2824 487 2867 si
529 2823 705 2879 minus,
746 2825 894 2868 Nisus
926 2823 1176 2868 delendum
1216 2826 1298 2868 est.
1427 2828 1480 2866 14
1519 2836 1765 2878 seranoque
1799 2822 1854 2867 V.

165 2886 218 2926 18
249 2896 377 2927 nosse
400 2882 442 2926 V
472 2885 587 2928 scire
619 2883 690 2927 ed.
788 2887 844 2926 20
875 2884 1107 2928 unitatum
1129 2882 1172 2926 V
1203 2884 1517 2927 calamitatum
1549 2881 1619 2925 ed.
1665 2881 1668 2939 Ι
1716 2896 1857 2927 causa

162 2941 233 2984 ed.
356 2947 411 2985 22
450 2944 619 2987 recenti
648 2942 691 2986 V
722 2944 773 2987 in
803 2957 840 2986 r.
874 2956 957 2986 nos
998 2942 1056 2985 cf.
1090 2946 1131 2996 8,
1159 2946 1242 2985 106
1276 2944 1323 2986 et
1356 2945 1395 2995 9,
1423 2944 1507 2985 389
1547 2946 1744 2995 recenter
1783 2941 1855 2985 ed.

163 3004 219 3043 24
250 3014 435 3056 spumas
458 3001 499 3045 V
531 3003 718 3046 colorem
750 3001 821 3046 ed.
944 3006 1000 3046 26
1037 3002 1323 3059 angebantur
1358 3000 1444 3054 ed„
1478 2999 1560 3044 sed
1596 3000 1653 3045 cf.
1689 3006 1729 3056 6,
1758 3004 1855 3044 159.
