2050 3226
226 133 333 186 208
700 131 934 176 DONATI
963 131 1244 176 INTERPR.
1268 131 1448 177 VERG.
1704 109 1726 138 ⁸

224 286 429 319 mecum.
504 270 770 320 videbatur
819 271 949 320 enim
1000 272 1058 319 de
1108 273 1320 320 victoria
1369 287 1571 321 securus
1621 273 1918 336 persuadere

223 345 467 394 universis
516 345 602 407 qui
647 345 936 394 societatem
989 345 1205 394 faciendi
1257 345 1422 394 fuerat
1475 346 1743 397 subituruS.
1819 363 1919 396 nou

225 420 380 467 armis
415 419 535 467 mihi
568 419 790 476 Vulcani,
829 434 928 468 uon
965 420 1096 467 mille
1134 420 1319 468 carinis
1350 423 1419 468 est
1447 434 1569 480 opus
1598 422 1653 468 in
1686 422 1920 470 Teucros:

225 508 334 541 ecce
373 493 592 542 ostendit
627 510 728 542 non
764 509 947 558 magno
986 493 1155 541 labore
1194 508 1316 556 opus
1356 509 1483 556 esse,
1521 498 1579 543 ut
1610 497 1918 558 superentur.

223 582 344 628 non,
378 568 567 630 inquit,
598 567 781 616 faciam
812 568 945 629 quod
977 566 1172 628 Graeci,
1202 569 1262 616 ut
1290 567 1427 616 mille
1457 569 1664 617 navium
1695 568 1919 618 subsidia
1971 582 1992 615 5

225 656 525 703 conponam,
564 657 663 689 non
702 643 943 690 exercitus
981 643 1151 690 tantos
1191 641 1435 690 adducam
1473 645 1687 705 quantos
1726 643 1803 690 illi
1840 645 1919 692 tot

223 715 433 764 navibus
486 718 729 764 vexerunt
780 717 834 763 in
882 716 1141 764 interitum
1187 715 1379 764 Troiae.
1456 732 1556 764 non
1604 716 1755 765 armis
1794 717 1919 765 mihi

222 789 459 838 Vulcani:
505 805 596 838 nec
643 805 825 852 quaero
873 805 1011 838 arma
1059 789 1297 850 Vulcani,
1346 790 1427 838 hic
1477 790 1792 854 exprobratio
1844 794 1919 840 est

172 888 175 891 ·
221 863 378 926 ipsius
417 865 571 927 regis,
619 865 764 927 quasi
802 863 1081 912 diffidentia
1119 864 1323 914 virtutis
1370 864 1548 913 fuisset
1594 865 1821 913 effectum
1859 867 1920 914 ut

224 953 364 985 arma
399 937 478 984 illi
516 937 765 986 Vulcania
802 939 1111 1000 pararentur.
1182 938 1371 986 addant
1407 952 1458 986 se
1489 939 1717 998 protinus
1755 953 1918 988 omues
1950 953 1993 986 ιο

122 1018 205 1058 150
221 1012 423 1059 Etrusci
460 1012 634 1068 socios,
674 1013 896 1060 tenebras
935 1015 977 1059 et
1005 1012 1184 1059 inertia
1213 1014 1353 1073 furta
1381 1012 1603 1060 Palladii
1641 1014 1793 1061 caesis
1826 1013 1919 1062 late

223 1086 499 1134 custodibus
549 1086 679 1134 arcis
731 1100 793 1134 ue
845 1087 1044 1134 timeant
1092 1100 1178 1134 uec
1224 1087 1333 1145 equi
1380 1100 1523 1134 caeca
1568 1087 1827 1134 condemur
1864 1088 1919 1134 iu

223 1160 356 1207 alvo:
394 1159 631 1222 deprimit
669 1159 836 1208 omnia
873 1176 962 1223 pro
1004 1159 1249 1222 qualitate
1286 1159 1547 1221 materiae,
1587 1162 1646 1208 ut
1683 1175 1919 1223 pavorem

222 1249 425 1282 suorum
447 1235 645 1296 penitus
669 1236 878 1298 tergeat.
923 1250 1013 1282 nec
1037 1234 1360 1295 arbitremini,
1382 1235 1566 1297 inquit,
1590 1249 1694 1283 esse
1719 1234 1917 1282 difficile

223 1323 456 1370 superare
503 1307 764 1356 Troianos:
816 1324 905 1372 ego
954 1323 1091 1356 arma
1136 1307 1353 1356 Vulcani
1395 1308 1628 1356 manibus
1675 1307 1919 1357 fabricata
1951 1321 1993 1355 15

221 1397 311 1430 nec
350 1398 536 1444 quaero
593 1398 683 1430 nec
735 1383 887 1431 timeo
945 1398 1035 1430 nec
1083 1382 1218 1430 mille
1268 1382 1479 1431 navibus
1530 1382 1594 1430 ad
1643 1381 1919 1447 longinqua

221 1455 523 1504 tendendum
562 1459 636 1504 est
680 1456 818 1504 mihi.
887 1455 1093 1506 veniant
1138 1456 1358 1518 Etrusci,
1406 1472 1519 1504 cum
1565 1456 1758 1518 volent,
1806 1472 1918 1505 con-

222 1533 492 1594 gregentur
539 1531 780 1591 universi,
822 1530 884 1578 ad
935 1546 1105 1578 eorum
1155 1531 1575 1594 expugnationem
1624 1531 1766 1578 nulla
1816 1530 1919 1578 doli

220 1606 581 1666 temptamenta
625 1604 910 1667 perquiram
953 1621 1042 1653 nec
1087 1604 1271 1652 faciam
1317 1604 1450 1666 quod
1494 1604 1677 1653 inertes
1729 1602 1918 1670 Graeci,

221 1677 435 1726 Palladii
465 1678 770 1741 praesidium
800 1694 899 1726 non
922 1678 1124 1739 vocabO,
1155 1693 1255 1725 non
1287 1679 1393 1726 eius
1422 1678 1649 1726 custodes
1682 1678 1916 1739 occidam,
1948 1691 1992 1724 20

221 1768 322 1800 non
359 1752 613 1801 fabricabo
653 1769 860 1814 equum,
899 1768 999 1800 non
1039 1754 1143 1800 eius
1175 1754 1318 1800 utero
1353 1754 1569 1801 armatos
1601 1751 1916 1814 abscondam,
1995 1742 2002 1769 ³

220 1826 346 1873 nihil
375 1825 671 1875 insidiarum
700 1829 951 1888 metuant,
990 1825 1232 1889 superabo
1263 1826 1353 1875 hos
1387 1827 1493 1875 sola
1524 1827 1733 1887 virtute,
1773 1841 1915 1890 supe-

219 1900 341 1948 rabo
379 1917 468 1962 per
506 1901 689 1962 lucem,
735 1916 835 1948 non
872 1916 951 1948 me
988 1900 1237 1949 iuvabunt
1272 1899 1476 1948 illorum
1523 1900 1784 1949 ebrietates
1829 1902 1917 1948 aut

219 1974 450 2022 tenebrae
489 1990 579 2022 nec
618 1975 814 2036 capiam
844 1975 961 2022 vino
994 1975 1212 2037 sepultos
1245 1976 1334 2022 aut
1365 1989 1551 2022 somno.
1615 1975 1716 2022 luce
1738 1974 1916 2034 palam

222 2051 401 2096 certum
451 2052 519 2096 est
562 2049 666 2109 iqui
712 2049 1013 2096 circumdare
1060 2063 1250 2096 muros:
1304 2063 1395 2112 ego
1441 2051 1609 2111 potius
1655 2048 1913 2112 vigilantis
1946 2059 1989 2092 25

222 2122 508 2186 adgrediar,
554 2121 782 2170 mactabo
823 2138 1003 2186 gnaros
1051 2122 1191 2170 exitii
1230 2121 1328 2183 sui,
1375 2123 1509 2171 solus
1554 2122 1679 2170 mihi
1727 2121 1912 2171 auxilio

220 2197 351 2260 ignis
402 2198 477 2244 est
525 2197 852 2258 necessarius3
906 2196 976 2245 sic
1026 2197 1156 2244 enim
1204 2195 1401 2245 inbellis
1452 2197 1619 2244 necari
1669 2196 1914 2258 convenit,

221 2285 344 2332 quos
390 2269 612 2318 bellandi
656 2286 778 2318 usus
825 2272 875 2318 et
919 2270 1164 2319 fortitudo
1212 2271 1440 2318 deseruit.
1501 2271 1621 2318 haut
1664 2271 1759 2318 sibi
1805 2284 1914 2318 cum

120 2352 202 2392 155
219 2344 420 2392 Danais
464 2358 567 2392 rem
610 2344 728 2403 faxo
776 2348 819 2392 et
857 2346 990 2404 pube
1035 2345 1246 2405 Pelasya
1296 2358 1396 2392 esse
1440 2344 1624 2403 ferant,
1677 2344 1914 2391 decimum

221 2432 338 2478 quos
369 2418 556 2466 distulit
585 2418 764 2466 Hector
793 2419 848 2465 in
879 2433 1090 2466 amiwm:
1129 2434 1238 2467 ecce
1269 2418 1350 2466 hic
1383 2433 1579 2480 quoque
1613 2415 1912 2466 Graecorum
1944 2429 1988 2461 30

220 2492 482 2540 victoriam
503 2493 678 2540 tenuat
701 2494 898 2554 sumpto
931 2508 961 2540 a
983 2493 1206 2555 tempore
1239 2494 1531 2556 argumento
1562 2491 1684 2540 dans
1718 2490 1914 2539 crimini

222 2566 352 2629 quod
390 2567 506 2629 post
544 2568 814 2628 apparatus
854 2566 1057 2615 navium
1101 2567 1238 2614 mille
1284 2568 1495 2628 postque
1540 2564 1799 2613 innumera
1837 2566 1911 2612 in-

339 2711 364 2749 2
397 2707 621 2751 wniversis
643 2706 686 2750 V
715 2707 939 2751 militibus
970 2707 1040 2751 ed.
1135 2711 1161 2751 8
1192 2707 1265 2751 hic
1287 2705 1330 2749 V
1359 2707 1468 2750 haec
1500 2705 1571 2749 ed.
1609 2705 1613 2763 Ι
1649 2706 1912 2761 exprobatio

220 2763 262 2807 V
286 2765 356 2809 ed.
391 2779 503 2809 corr.
539 2766 610 2809 ed.
642 2767 761 2821 post.
886 2771 939 2810 11
973 2768 1060 2810 late
1083 2765 1125 2810 V
1155 2778 1355 2810 summae
1386 2764 1456 2808 ed.
1582 2769 1634 2807 12
1675 2777 1756 2808 uec
1784 2765 1912 2808 time-

220 2829 303 2869 ant
334 2824 404 2868 ed.
450 2824 454 2882 Ι
502 2825 740 2870 condimur
762 2823 818 2867 V.
913 2830 967 2868 14
998 2830 1168 2882 teryeat
1190 2825 1232 2867 V
1263 2829 1407 2881 teryat
1438 2823 1510 2867 ed.
1541 2828 1663 2880 teyat
1693 2823 1764 2867 ed.
1789 2825 1909 2878 post.

223 2887 275 2925 17
308 2897 410 2927 cum
440 2885 588 2928 volent
618 2897 707 2928 om.
733 2883 803 2927 ed.
927 2889 983 2927 24
1014 2899 1095 2928 ‘nec
1118 2883 1161 2927 V
1189 2897 1284 2928 ‘nou
1316 2883 1386 2927 ed.
1502 2887 1558 2926 26
1588 2883 1912 2939 quaros—sui

219 2943 392 2986 temere
416 2945 530 2987 mut.
549 2943 619 2987 ed.
707 2947 761 2986 29
786 2942 996 2997 ferautV
1017 2948 1178 3000 putent
1203 2943 1274 2987 ed.
1361 2946 1413 2985 31
1439 2943 1630 2986 victoria
1646 2940 1687 2984 V
1706 2955 1818 2984 corr.
1837 2940 1908 2985 ed.
