2050 3226
129 773 185 814 55

219 183 252 237 2
256 183 326 237 98
688 180 923 226 DONATI
953 180 1234 226 INTERPR.
1259 179 1440 226 VERG.

217 320 485 385 abditaque
509 321 761 371 silvarum.
807 322 982 382 positis
1003 321 1243 382 iuqlorius
1266 323 1420 371 armis
1443 323 1595 384 exiqet
1614 323 1691 371 hic
1715 336 1911 371 aevum:

217 397 268 444 et
306 396 423 459 quia
459 394 711 445 invidetur
755 395 935 444 virtuti
973 396 1078 443 eius
1117 396 1167 443 et
1208 395 1420 459 gloriae,
1467 396 1562 445 erit
1598 397 1700 445 illic
1738 398 1912 460 procul

218 485 248 518 a
285 469 416 518 bello
457 469 720 530 discretus,
758 470 865 518 illic
903 485 1045 518 omne
1085 485 1262 518 aevum
1300 470 1406 518 sine
1446 471 1760 520 dimicatione
1799 486 1910 520 con-

217 546 380 593 sumet
417 545 488 606 et,
527 545 572 592 si
608 545 772 592 minus
805 542 996 592 accidet
1026 559 1086 590 ex
1116 558 1266 592 causa
1295 543 1497 594 virtutis
1527 545 1911 608 triumphorum,

217 618 312 667 erit
342 621 510 667 tamen
539 619 594 666 in
625 619 728 667 otio
752 617 992 666 solacium
1014 617 1142 665 dolis
1166 619 1217 666 et
1240 618 1656 667 aemulationibus
1681 619 1911 668 caruisse.

215 707 399 754 maana
429 692 615 741 dicione
651 693 807 739 iubeto
850 690 1091 752 Gartlzayo
1113 695 1310 751 premat
1338 691 1638 749 Ausoniam,
1677 693 1750 741 nil
1779 693 1912 741 urbi-

218 767 308 815 bus
337 767 451 814 iude
481 766 686 814 obstabit
717 766 905 827 Tyriis:
936 765 1193 814 ostendere
1225 766 1386 815 voluit
1415 783 1505 830 per
1534 767 1737 815 Aenean
1769 781 1912 830 posse

216 840 395 903 perimi
434 839 808 903 Carthaginem,
855 839 898 888 si
936 839 1183 888 obtineret
1219 840 1445 903 Italiam,
1492 840 1596 889 sine
1641 842 1750 903 ipso
1796 856 1911 890 vero

154 929 157 932 ’
216 930 316 962 11011
365 929 522 976 posse.
601 913 645 962 si
693 914 786 962 hoc
835 913 934 974 vis,
983 914 1172 979 inquit,
1219 916 1371 976 atque
1415 915 1509 964 hoc
1546 915 1648 964 tuis
1688 915 1911 964 sensibus

215 989 427 1051 placuit,
478 989 581 1036 iam
631 987 747 1035 iube
797 990 855 1036 ut
910 987 1160 1052 Carthago
1210 988 1523 1051 praeferatur
1559 989 1763 1050 Italiae,
1813 1005 1912 1038 non

217 1062 425 1111 obsistet
462 1061 667 1111 urbibus
699 1062 865 1124 Tyriis
897 1062 1030 1111 filius
1061 1078 1220 1124 meus,
1253 1062 1296 1110 si
1327 1064 1478 1111 semel
1508 1078 1648 1111 arma
1677 1065 1912 1126 posuerit.

218 1135 534 1201 Carthaginis
573 1152 753 1185 nomen
794 1136 984 1184 abiecte
1022 1136 1447 1199 pronuntiandum
1485 1153 1575 1200 pro
1614 1153 1827 1200 persona
1864 1140 1915 1186 et

217 1210 419 1260 adfectu
463 1211 735 1273 loquentis,
781 1210 961 1259 Italiae
1009 1227 1125 1260 vero
1166 1226 1280 1259 cum
1318 1211 1487 1273 laude3
1535 1211 1745 1260 alteram
1783 1210 1915 1259 enim

217 1284 479 1348 depressit,
554 1301 707 1347 quam
775 1285 1036 1349 indignam
1106 1285 1417 1334 iudicaverat
1474 1301 1652 1349 regno,
1706 1286 1915 1334 alteram

217 1359 420 1421 extulit,
459 1358 539 1407 cui
569 1361 865 1422 perpetuum
897 1358 1062 1407 deberi
1093 1359 1355 1422 imperium
1385 1361 1496 1422 ipso
1521 1359 1640 1408 Iove
1670 1359 1913 1408 referente

217 1433 472 1482 didicerat.
547 1433 663 1481 hinc
695 1433 914 1482 ostendit
945 1434 1062 1496 quia
1094 1435 1253 1482 omnis
1279 1449 1432 1483 causa
1456 1434 1684 1482 odiorum
1706 1433 1912 1482 Iunonis

215 1510 421 1570 propter
469 1509 660 1556 statum
700 1506 1018 1571 Carthaginis
1069 1508 1234 1557 fuerat
1283 1510 1533 1571 suscepta,
1571 1523 1671 1556 non
1709 1510 1915 1570 propter

217 1582 547 1630 Troianorum
597 1583 686 1630 aut
734 1581 891 1644 ipsius
942 1582 1138 1630 Aeneae
1191 1581 1411 1645 aliquam
1462 1583 1682 1644 culpam,
1730 1582 1815 1630 sed
1852 1598 1913 1630 ne

216 1658 502 1704 nasceretur
532 1671 591 1704 ex
623 1655 852 1704 Troianis
885 1657 972 1719 qui
1002 1656 1222 1705 fatorum
1255 1656 1495 1720 suffragio
1519 1658 1681 1718 ipsam
1707 1654 1912 1704 Cartha-

215 1732 385 1794 ginem
423 1729 665 1794 perderet.
743 1730 861 1790 quid
891 1733 1076 1789 pestem
1115 1731 1316 1778 evadere
1355 1731 1465 1779 belli
1509 1731 1634 1778 iuvit
1679 1733 1722 1778 et
1758 1728 1914 1790 Arqo-

217 1805 333 1852 ticos
370 1804 583 1852 medium
619 1805 805 1865 fuyisse
834 1818 929 1864 per
966 1805 1095 1864 iquis
1133 1807 1287 1865 totque
1330 1805 1486 1852 maris
1530 1807 1790 1863 vastaeque
1837 1818 1913 1852 ex-

215 1879 394 1926 hausta
439 1879 666 1938 pericula
717 1881 895 1934 terrae,
937 1878 1054 1926 dum
1106 1879 1312 1926 Latium
1374 1879 1550 1926 Teucri
1608 1878 1915 1938 recidivaque

216 1952 460 2013 Perqa‘ma
498 1953 774 2012 quaeruut?
858 1952 979 2015 quid
1023 1952 1216 2015 profuit
1267 1954 1482 2001 evasisse
1527 1951 1735 2014 bellum,
1782 1951 1914 2014 quod

215 2026 384 2074 florem
424 2026 667 2074 Troianae
705 2026 978 2075 iuventutis
1018 2025 1258 2075 extinxit?
1325 2026 1445 2088 quid
1490 2027 1707 2074 medium
1753 2030 1913 2075 trans-

215 2099 313 2148 isse
360 2116 449 2162 per
493 2099 750 2149 flammas?
836 2100 1091 2149 honestius
1139 2100 1329 2149 dictum
1368 2103 1444 2149 est
1483 2116 1632 2163 quam
1672 2100 1715 2149 si
1762 2116 1911 2162 pone-

217 2176 355 2222 retur
391 2190 479 2236 per
516 2174 703 2223 medias
742 2175 982 2223 flammas.
1037 2174 1255 2223 medium
1294 2176 1531 2223 transisse
1571 2190 1659 2236 per
1688 2174 1913 2222 flammas

217 2249 346 2296 hanc
395 2247 544 2295 habet
593 2248 975 2311 proprietatem,
1031 2250 1151 2311 quia
1204 2249 1423 2298 vallatus
1477 2248 1736 2308 incendiis,
1801 2264 1914 2296 cum

220 2322 390 2370 ardere
429 2324 619 2385 posset,
659 2323 830 2371 evasit.
910 2323 1103 2371 addidit
1141 2323 1346 2372 tertium
1383 2323 1532 2371 maris
1574 2337 1632 2370 ac
1669 2324 1914 2370 terrarum

217 2398 477 2445 vastarum
525 2397 618 2444 hoc
668 2399 743 2444 est
793 2397 1101 2445 desertarum
1151 2396 1458 2458 discrimina,
1511 2413 1637 2459 quae
1676 2396 1910 2444 inferiora

340 2528 362 2566 1
396 2523 556 2567 abdita
585 2528 628 2567 et
658 2522 730 2566 ed.
865 2527 889 2566 2
922 2524 1130 2568 invident
1160 2523 1230 2567 ed.
1365 2528 1393 2566 4
1424 2523 1598 2567 aceedit
1619 2522 1704 2566 VR
1746 2523 1915 2567 accidit

219 2582 290 2626 ed.
325 2582 425 2626 -det
453 2596 550 2625 nos.
673 2586 698 2625 5
731 2582 849 2626 dolis
880 2587 921 2626 et
954 2581 1036 2625 VR
1067 2583 1238 2627 doloris
1266 2587 1399 2626 tauta
1430 2582 1501 2627 ed.
1547 2582 1551 2640 Ι
1595 2582 1913 2626 aemulationis

218 2640 303 2684 VR
327 2642 489 2685 -uibus
519 2654 603 2684 nos
635 2640 692 2684 cf.
718 2646 775 2684 44
807 2655 891 2685 ·ue
922 2641 994 2684 ed.
1103 2646 1127 2684 6
1154 2646 1367 2698 praemat
1389 2641 1485 2686 VR.
1603 2646 1626 2684 7
1655 2655 1785 2696 posse
1808 2655 1911 2696 per-

218 2701 301 2744 imi
347 2700 388 2743 R
427 2714 476 2756 p.
514 2701 658 2756 primi
695 2699 737 2743 V
776 2702 925 2755 premi
963 2714 1097 2756 posse
1144 2701 1214 2744 ed.
1375 2703 1399 2742 9
1440 2705 1572 2755 atque
1595 2699 1679 2743 VR
1718 2705 1801 2744 aut
1839 2699 1910 2743 ed.

220 2764 273 2802 11
308 2760 469 2803 obsiste
499 2760 704 2804 turribus
727 2758 812 2802 VR
844 2773 956 2802 corr.
984 2760 1054 2803 ed.
1196 2764 1249 2803 13
1282 2760 1440 2814 effectu
1470 2759 1525 2803 R.
1665 2763 1719 2801 14
1762 2759 1911 2815 indiq-

217 2832 329 2862 uum
375 2818 431 2861 V.
580 2822 634 2861 19
680 2818 811 2872 fatur
849 2817 934 2861 VR
980 2821 1180 2869 fatorum
1227 2818 1298 2862 ed.
1449 2822 1503 2862 20
1550 2819 1768 2862 areolicos
1813 2817 1908 2860 VR.

219 2881 272 2919 21
314 2879 462 2934 iquem
502 2877 574 2921 ed.
625 2876 630 2935 Ι
679 2882 887 2933 vasteque
918 2877 1015 2920 VR.
1139 2883 1194 2921 22
1230 2883 1344 2922 terre
1374 2876 1427 2919 V.
1553 2881 1606 2920 23
1640 2881 1832 2933 querunt
1856 2876 1909 2921 V.

220 2940 276 2978 24
309 2938 501 2993 extiuyit
531 2936 584 2979 R.
708 2941 762 2980 27
796 2950 897 2980 cum
921 2938 1081 2981 ardere
1106 2938 1253 2993 possit
1275 2936 1359 2979 VR
1390 2950 1426 2980 0.
1452 2950 1493 2980 a.
1513 2941 1667 2992 posset
1696 2948 1778 2979 nos
1810 2949 1911 2979 cum

219 2995 491 3049 difficultate
522 2995 593 3039 ed.
718 2999 772 3039 29
804 3000 1030 3040 vestarum
1059 2996 1113 3039 R.

1945 1001 1988 1034 1⁰

1946 1369 1987 1403 15

1945 1741 1988 1775 20

1945 2109 1986 2143 25
