2050 3226
812 134 1117 180 AENEIees
1147 135 1190 178 x
1738 138 1847 192 315

86 310 91 315 ι
156 276 317 328 tribus
371 278 573 339 poetam
624 274 846 324 iudicare
902 277 1200 325 convenerat
1253 275 1499 338 quomode
1552 275 1719 324 sedere
1766 276 1847 324 de-

156 351 403 400 buissent:
433 349 625 398 medius
657 351 790 397 enim
820 349 1014 398 Aeneas
1047 349 1212 398 fuerat
1242 349 1642 411 constituendus,
1673 352 1847 412 utpote

157 425 244 487 qui
282 426 411 474 esset
448 423 646 472 duobus
677 425 865 487 potior,
913 423 1114 472 secundi
1151 423 1320 472 meriti
1351 423 1552 472 sinistro
1583 424 1732 472 lateri
1763 424 1846 472 ad-

0 538 2 553 ,
154 499 416 561 plicandus
461 497 653 559 Pallae,
700 497 938 560 quoniam
982 498 1114 562 regis
1159 497 1292 546 filius
1338 498 1438 546 fuit
1476 499 1527 546 et
1564 498 1670 546 eius
1709 499 1847 546 cuius

53 575 57 602 ³
95 600 97 603 ·
155 576 355 622 tantum
377 571 669 621 beneficium
698 571 964 620 videbatur
995 571 1237 633 extitisse,
1267 573 1445 621 tertius
1478 571 1678 620 dextere
1702 572 1850 620 lateri

17 636 45 654 ’
155 646 489 710 deputandus,
530 647 617 709 qui
655 647 764 694 erat
802 646 993 695 duobus
1033 645 1252 695 inferior.
1305 648 1622 709 quaerentem
1652 645 1851 694 induxit

153 721 436 770 Pallantem
482 720 754 783 superflua,
795 737 920 783 quae
965 721 1077 783 ipsa
1122 721 1211 768 ille
1249 722 1472 784 tempere
1512 720 1573 769 ab
1611 720 1703 768 illa
1740 737 1848 783 per-

155 811 299 856 sona,
339 795 382 843 si
419 793 604 843 maturi
642 795 857 843 heminis
897 794 1142 843 adfuisset
1179 795 1415 856 intentio,
1447 810 1547 842 nen
1579 794 1850 843 debuerant

154 870 343 932 quaeri.
419 869 631 932 denique
670 870 836 917 noluit
874 869 1268 932 conprehendere
1306 868 1504 918 Aeneae
1542 884 1850 931 responsum,

151 946 210 992 ut
264 944 545 992 ostenderet
598 960 711 990 eum
759 945 954 1007 magnis
1006 946 1058 992 et
1104 943 1394 992 necessariis
1445 943 1848 1007 cogitationibuS‚

152 1033 251 1066 nen
290 1018 563 1080 puerilibus
604 1018 844 1080 quaesitis
884 1018 1039 1066 fuisse
1080 1018 1374 1066 districtum.

270 1092 478 1140 Pandite
527 1107 659 1140 nunc
695 1092 958 1148 Helicona,
1010 1092 1148 1148 eleae,
1201 1095 1465 1151 cantusque
1509 1094 1689 1139 movete
1726 1105 1850 1151 quae

151 1181 330 1214 manus
376 1167 561 1214 interea
609 1166 783 1214 Tuscis
829 1167 1076 1214 comitetur
1122 1167 1184 1214 ab
1223 1166 1323 1214 eris
1361 1165 1567 1213 Aenean
1607 1169 1850 1226 armetque
1867 1175 1951 1216 165

152 1244 282 1288 rates
301 1240 565 1301 pelayoque
586 1235 814 1288 vehaturt·
843 1241 1094 1289 invocatio
1126 1241 1226 1288 ista
1255 1242 1393 1288 tenet
1416 1255 1662 1288 summam
1685 1255 1850 1287 rerum

152 1318 202 1363 et
239 1315 453 1377 speciem
491 1314 868 1377 propositionis,
908 1331 970 1363 ne
1010 1314 1149 1362 aliud
1194 1314 1351 1362 lector
1400 1329 1599 1376 sperare
1650 1313 1851 1362 deberet

152 1404 303 1450 quam
340 1388 426 1438 isti
465 1389 721 1437 continent
749 1404 934 1437 versus.
987 1389 1209 1436 dicturus
1241 1390 1316 1437 est
1347 1388 1478 1436 enim
1511 1404 1639 1451 quae
1670 1404 1848 1436 manus

150 1464 242 1510 hec
292 1465 366 1510 est
417 1464 506 1526 qui
554 1462 732 1525 pepuli
781 1463 862 1511 vel
914 1463 1091 1525 quanti
1141 1478 1253 1511 cum
1298 1462 1468 1511 Aenea
1530 1478 1588 1510 ex
1639 1463 1848 1511 Tusciae

150 1536 380 1586 litoribus
441 1537 803 1601 navigaverint.
888 1538 1142 1585 Massicus
1204 1541 1375 1585 aerata
1432 1538 1661 1597 princeps
1721 1540 1850 1584 secat

151 1625 363 1670 aequora
404 1612 565 1672 Tiqri:
603 1613 653 1660 et
699 1627 798 1673 que
837 1612 1035 1659 nemine
1074 1613 1339 1660 vocaretur
1384 1610 1511 1659 dixit
1548 1611 1637 1672 qui
1676 1611 1849 1659 ductor

151 1686 316 1734 fuerat
352 1685 494 1734 navis
542 1687 592 1733 et
637 1686 807 1734 eadem
860 1701 986 1748 quae
1026 1685 1272 1734 diceretur
1311 1687 1361 1734 et
1399 1686 1563 1748 qualis
1603 1687 1731 1734 esset
1769 1701 1847 1732 ex-

151 1759 343 1822 pressit.
406 1761 495 1808 sub
535 1774 626 1819 quo
664 1760 796 1807 mille
833 1774 1013 1808 manus
1050 1761 1306 1807 iuvenum.-
1343 1776 1443 1809 nen
1482 1760 1618 1808 mille
1655 1775 1848 1820 manue,

151 1837 210 1882 ut
247 1834 372 1882 fiant
403 1835 661 1898 quingenti
694 1833 940 1895 hemines,
979 1833 1065 1882 sed
1096 1849 1296 1894 manus,
1329 1835 1422 1883 hec
1453 1838 1529 1881 est
1557 1833 1847 1894 multitude,

150 1909 404 1956 hominum
441 1908 589 1956 mille.
669 1909 752 1967 qui
800 1909 993 1956 moenia
1046 1907 1183 1956 Clusi
1232 1909 1406 1968 quique
1453 1909 1623 1956 urbem
1670 1908 1849 1968 liquere

154 1982 326 2038 Cosa3‚
375 1983 483 2041 quis
526 1983 623 2030 tela
668 1983 872 2044 sayittae
913 1984 1161 2043 yerytique
1207 1983 1331 2030 leves
1376 1983 1559 2030 umeris
1606 1985 1650 2030 et
1694 1982 1849 2041 letifer

151 2071 322 2104 arcus:
359 2056 561 2104 nemina
600 2057 864 2105 civitatum
902 2056 1071 2119 posuit
1110 2059 1160 2105 et
1197 2072 1379 2120 genera
1418 2072 1683 2105 armerum.
1744 2071 1848 2104 una
1867 2065 1951 2104 170

149 2133 314 2178 torvus
352 2129 507 2186 Abas,
547 2131 661 2178 kuic
707 2134 856 2178 totum
886 2132 1163 2192 insiynibus
1193 2132 1348 2179 armis
1380 2145 1553 2192 aymen
1592 2134 1634 2178 et
1673 2133 1847 2178 aurato
1885 2155 1894 2164 ·

147 2205 365 2265 fulyebat
401 2203 631 2263 Apolline
661 2205 874 2264 puppis:
910 2204 1046 2253 Abas
1085 2203 1360 2269 navigabat
1395 2205 1449 2252 in
1481 2205 1582 2253 alia
1614 2206 1847 2252 auratum

149 2279 363 2327 habente
402 2278 652 2341 Apollinis
694 2279 1030 2327 simulacrum.
1084 2281 1284 2328 torvum
1325 2280 1545 2341 accipere
1583 2293 1846 2341 possumus

271 2381 293 2418 1
322 2380 438 2431 pota
468 2376 676 2420 iudicare
700 2375 742 2418 V
765 2381 896 2431 potes
925 2376 1134 2420 iudicare
1156 2375 1199 2419 R
1223 2377 1377 2432 potiar
1406 2376 1611 2420 iudicari
1641 2375 1711 2419 ed.
1740 2387 1847 2430 pee-

150 2440 244 2479 tam
267 2436 474 2479 iudicare
503 2449 601 2478 noe.
639 2435 643 2494 Ι
678 2435 832 2479 redere
854 2436 1110 2480 debuissent
1133 2434 1218 2478 VR
1247 2449 1294 2478 s·
1330 2440 1398 2479 -et
1428 2435 1499 2478 ed.
1594 2439 1618 2477 3
1650 2435 1846 2478 sinixtro

150 2494 283 2538 lateri
321 2495 624 2551 appellandus
654 2493 739 2537 VR
781 2495 936 2539 dextro
975 2495 1002 2538 l.
1036 2495 1335 2551 apponendus
1366 2493 1437 2538 ed..
1476 2494 1554 2550 (ad
1589 2494 1752 2549 appell.
1787 2492 1844 2536 cf.

152 2556 192 2606 9,
219 2555 334 2610 171).
435 2558 463 2596 4
487 2555 618 2598 cuius
649 2567 735 2597 om.
763 2553 835 2598 ed.
936 2557 962 2596 5
994 2554 1176 2599 dextero
1200 2553 1285 2597 VR
1315 2555 1501 2598 sinistre
1533 2553 1604 2597 ed.
1705 2556 1729 2595 7
1762 2553 1847 2596 illa

150 2611 235 2656 VR
265 2614 368 2669 ipsa
400 2613 470 2657 ed.
567 2617 620 2656 10
652 2614 831 2670 maynis
862 2618 904 2657 et
933 2613 975 2656 R
1005 2614 1151 2670 mayis
1181 2618 1224 2657 et
1250 2612 1291 2656 V
1322 2615 1468 2669 mayis
1499 2612 1667 2655 emisse
1700 2616 1743 2656 et
1773 2611 1845 2654 ed.

154 2675 206 2715 11
246 2672 506 2716 destrictum
536 2671 622 2715 VR
666 2672 794 2716 distr.
837 2672 907 2715 ed.
1043 2677 1097 2715 12
1142 2673 1373 2717 chelicena
1403 2672 1444 2714 R
1482 2672 1713 2715 caelicona
1745 2669 1799 2713 V.
1837 2670 1842 2728 Ι

151 2731 259 2775 daee
284 2730 378 2775 VR.
480 2736 535 2775 14
566 2736 726 2776 veatur
748 2730 833 2774 VR
865 2745 977 2775 cerr.
1003 2746 1038 2775 r.
1141 2735 1196 2775 15
1227 2745 1309 2776 nec
1338 2731 1471 2775 aliud
1493 2729 1578 2773 VR
1610 2729 1681 2773 ed.
1714 2743 1771 2773 ne
1801 2744 1844 2772 a.

151 2803 234 2833 nes
267 2789 323 2834 cf.
351 2795 449 2834 152.
545 2795 597 2833 17
624 2804 766 2835 aenea
790 2791 1051 2835 exiustitiae
1067 2790 1109 2833 V
1133 2804 1297 2835 aeneae
1319 2791 1523 2834 iustitiae
1547 2789 1586 2831 R
1612 2790 1769 2832 Aenea
1791 2801 1848 2832 ex

157 2849 346 2893 Tusciae
380 2849 451 2893 ed.
575 2854 630 2893 18
663 2855 791 2894 erata
815 2848 911 2893 VR.
1035 2854 1091 2892 24
1123 2851 1353 2906 corytique
1376 2847 1472 2891 VR.
1522 2849 1525 2903 ξ
1574 2847 1753 2901 laetifer
1789 2847 1843 2891 R.

153 2911 208 2950 26
241 2909 381 2952 abbas
410 2908 452 2952 R
487 2908 627 2964 (infra
657 2910 813 2963 recte).
936 2912 990 2951 27
1025 2910 1169 2964 pupis
1198 2908 1294 2951 VR.
1418 2911 1473 2950 28
1505 2907 1738 2951 habentem
1761 2905 1846 2949 VR

151 2966 319 3011 habens
354 2967 424 3011 ed.
462 2968 466 3025 1
502 2968 759 3023 appellenis
789 2967 1116 3012 simulachrum
1142 2967 1194 3011 V.
