2050 3226
69 991 111 1024 10

68 1366 109 1398 15

66 1735 109 1768 80

66 2105 109 2138 25

0 2467 110 2510 ssso

793 167 1096 214 AENEmos
1127 167 1192 212 x1
1732 171 1841 226 457

143 308 255 358 istis
295 310 346 358 et
382 308 508 359 velle
547 309 598 357 et
643 310 862 358 statuere
902 324 1055 371 quam
1099 323 1233 357 nunc
1279 307 1462 371 cupitis
1509 307 1725 359 definire.
1802 313 1847 359 et

142 384 309 443 fuerat
342 383 516 431 melius
545 397 644 431 non
675 386 882 443 tempore
912 383 1002 432 tali
1031 397 1193 444 eoyere
1223 382 1499 439 concilium,
1540 397 1650 430 ewm
1678 398 1845 432 muros

144 457 335 506 adsidet
369 457 542 505 hostis:
580 473 638 505 ex
675 457 821 506 istius
859 472 1072 520 persona
1103 455 1192 505 dat
1220 456 1505 505 hominibus
1544 459 1694 518 poeta
1732 473 1844 506 con-

145 531 312 580 silium
343 530 477 593 quod
507 530 560 578 in
591 531 737 580 rebus
763 530 927 580 dubiis
960 532 1248 594 asperisque
1278 532 1530 580 sectentur
1561 529 1842 593 adseritque

144 605 281 668 quod
317 620 490 654 revera
526 604 840 667 probandum
879 607 975 667 est,
1014 605 1223 655 vitanda
1262 620 1367 654 esse
1407 606 1678 666 antequam
1707 606 1842 654 veni-

145 681 235 728 ant
263 679 399 727 mala
431 694 581 743 quam
615 678 919 742 expectanda
944 680 1064 728 dum
1087 681 1311 742 serpant3
1343 678 1463 742 quid
1487 679 1620 727 enim
1648 679 1844 741 melius,

144 752 265 817 quid
294 752 469 815 tutius,
501 753 622 815 quid
652 756 819 816 potest
847 753 1053 817 reperiri
1082 754 1419 817 praestantius
1453 769 1606 816 quam
1632 755 1691 802 ut
1713 755 1842 802 trac·

141 829 278 877 tatus
318 828 572 876 commode
611 827 978 891 salubriterque
1023 829 1292 878 volvantur
1338 831 1388 876 et
1433 828 1642 892 integris
1683 827 1844 876 adhuc

140 901 289 950 rebus
322 903 474 965 atque
504 903 558 950 in
590 918 680 951 suo
714 904 851 951 statu
881 903 1198 951 manentibus
1230 901 1583 965 praevideatur
1610 901 1842 964 quemad-

140 975 343 1025 modum
372 973 658 1040 ingruentia
687 977 822 1025 mala
853 977 1163 1025 declinentur
1193 979 1243 1025 et
1272 977 1388 1039 plus
1418 978 1672 1025 metuatur
1703 976 1844 1025 dimi-

142 1051 353 1099 cationis
384 1051 630 1099 incertum
660 1066 814 1113 quam
842 1051 1030 1099 fidatur
1060 1050 1179 1100 solis
1210 1051 1460 1114 prosperis
1491 1049 1674 1099 rebus?
1712 1052 1842 1100 trac-

141 1124 449 1187 tandumque
489 1141 550 1172 ne
582 1127 756 1187 pereat
785 1127 1005 1188 tempus,
1042 1126 1101 1173 ut
1133 1124 1400 1187 prolixiore
1441 1124 1541 1186 die,
1582 1124 1703 1173 dum
1726 1125 1842 1174 suff-

139 1200 349 1262 ragatur
387 1200 548 1247 otium
587 1202 638 1247 et
667 1199 842 1261 procul
880 1202 956 1248 est
993 1199 1175 1260 hostis,
1214 1199 1354 1248 utilis
1395 1198 1555 1248 exitus
1594 1200 1842 1248 tractatus

139 1271 378 1322 inveniat.
433 1274 494 1321 ad
532 1273 654 1321 haec
688 1273 935 1322 noscenda
966 1289 1063 1322 non
1096 1274 1196 1321 fuit
1234 1273 1398 1337 segnis
1429 1271 1663 1334 LatinuS‚
1701 1288 1842 1336 prae-

140 1347 279 1396 venit
309 1348 496 1410 quippe
537 1347 703 1396 omnia
735 1349 885 1411 atque
917 1348 971 1395 in
1001 1348 1124 1410 ipsis
1158 1348 1373 1396 exordiis
1405 1346 1526 1395 belli
1561 1347 1684 1409 quid
1720 1346 1844 1396 mali

140 1421 368 1470 futurum
406 1423 536 1470 esset
574 1421 806 1470 ostendit.
867 1422 1093 1471 homines
1135 1422 1255 1484 quin
1307 1421 1459 1470 etiam
1505 1421 1721 1484 deosque
1770 1425 1842 1470 te-

139 1496 302 1544 status
342 1497 418 1544 est
456 1511 507 1544 se
547 1495 609 1543 ab
649 1511 706 1544 eo
749 1496 930 1545 scelere
971 1496 1105 1557 quod
1143 1496 1411 1559 gerebatur
1449 1496 1688 1557 alienum,
1726 1495 1840 1544 illos

140 1569 299 1618 omnis
340 1570 390 1618 et
428 1569 675 1631 Turnum,
720 1571 773 1619 ni
821 1570 1150 1632 quievissent,
1198 1569 1548 1634 gravissimum
1584 1570 1842 1619 interitum

139 1646 439 1692 secuturum.
517 1644 728 1707 denique
767 1645 819 1692 in
858 1644 985 1693 libro
1034 1645 1246 1706 septimo
1294 1645 1559 1706 conplexus
1608 1646 1684 1692 est
1726 1643 1841 1706 ista,

138 1720 314 1780 utpote
354 1717 443 1782 qui
480 1718 628 1767 sciret
667 1719 788 1782 quid
827 1718 1134 1768 ostenderint
1173 1734 1311 1781 apeS‚
1360 1717 1481 1781 quid
1525 1719 1842 1768 nuntiassent

138 1792 335 1840 infinita
365 1795 621 1856 portenta,
655 1792 776 1856 quid
806 1793 937 1843 vatis
968 1793 1230 1856 Faunique
1265 1808 1502 1855 responsa
1533 1792 1840 1855 cecinissent,

141 1868 384 1930 quantum
422 1867 664 1916 valuisset
702 1867 980 1917 custoditae
1011 1867 1302 1915 beneficium
1331 1866 1469 1929 pacis
1503 1869 1553 1915 et
1581 1866 1725 1930 regni
1763 1867 1842 1916 sui

139 1940 447 2004 temporibus
486 1941 636 2006 longo
668 1956 790 1991 aevo
831 1944 1028 1991 servata
1065 1941 1421 2004 tranquillitas.
1486 1957 1583 1990 vox
1621 1941 1724 1990 eius
1765 1943 1842 1990 est

140 2007 215 2081 (7,
238 2008 371 2080 594)
402 2015 719 2079 „frangimur
748 2016 847 2064 heu
877 2016 997 2065 fatis
1028 2015 1331 2079 ferimurque
1355 2015 1589 2078 procella,
1619 2015 1718 2078 ipsi
1749 2015 1839 2064 has

140 2088 381 2153 sacrilego
430 2090 658 2151 pendetis
701 2090 943 2154 sanguine
982 2105 1190 2152 poenaS‚
1238 2106 1266 2138 o
1305 2090 1496 2151 miseri,
1542 2091 1613 2151 te,
1660 2090 1839 2151 Turne,

140 2163 296 2225 nefas,
319 2165 369 2211 te
400 2163 543 2212 triste
571 2163 794 2212 manebit
825 2165 1125 2227 supplicium
1149 2164 1377 2227 votisque
1402 2164 1518 2212 deos
1543 2163 1838 2213 venerabere

140 2237 292 2299 seris;
330 2252 446 2285 nam
485 2238 611 2285 mihi
647 2240 795 2301 parta
834 2238 973 2301 quies
1014 2239 1273 2300 omnisque
1311 2241 1365 2286 in
1402 2238 1574 2286 limine
1611 2237 1838 2300 portus“.

139 2311 261 2360 haec
291 2314 460 2374 posset
482 2311 693 2361 Latinus
725 2313 908 2360 iterum
935 2328 1334 2374 commemorare,
1365 2313 1408 2361 si
1440 2312 1839 2376 obiurgationem

140 2387 335 2448 tempus
384 2385 690 2448 admitteret3
744 2387 798 2434 in
843 2386 936 2434 hac
983 2387 1115 2434 enim
1160 2387 1422 2435 insultatio
1469 2387 1635 2449 potius
1683 2402 1837 2447 quam

142 2460 458 2509 commonitio
490 2459 656 2523 potuit
688 2459 955 2508 aestimari.
1009 2461 1171 2509 utitur
1199 2461 1312 2509 miti
1343 2462 1393 2509 et
1422 2460 1698 2523 tranquilla
1730 2475 1838 2508 ora-

140 2534 299 2597 tione3
337 2534 652 2597 perturbatos
692 2533 823 2582 enim
852 2534 1188 2584 multitudinis
1221 2534 1413 2584 animos
1449 2550 1546 2582 non
1579 2535 1746 2596 posset
1782 2533 1837 2580 in

142 2623 224 2656 eas
272 2624 395 2672 quas
441 2610 563 2656 tunc
610 2624 809 2671 quoque
859 2624 959 2657 non
1005 2609 1170 2672 potuit
1218 2609 1375 2672 partis
1422 2607 1688 2667 adducere,
1738 2607 1837 2656 nisi

141 2684 361 2744 parentis
408 2684 573 2731 animo
621 2685 671 2730 et
716 2682 1021 2732 sermonibus
1066 2684 1294 2732 uteretur
1331 2698 1421 2745 pro
1462 2697 1613 2731 causa
1652 2681 1834 2730 facien-

263 2813 285 2852 1
319 2814 514 2854 statuere
545 2823 680 2865 quam
703 2807 746 2852 V
771 2809 842 2854 ed.
874 2813 1070 2854 statuere
1092 2823 1186 2854 rem
1208 2814 1280 2865 φῖ)
1313 2808 1391 2865 (ad
1416 2808 1604 2863 definire
1632 2807 1689 2851 cf.
1716 2810 1833 2863 359).

143 2871 169 2910 3
200 2868 374 2912 adsidit
395 2867 449 2912 V.
558 2873 582 2911 6
616 2882 751 2924 quam
774 2867 816 2910 V
846 2881 986 2924 neque
1018 2868 1090 2912 ed.
1203 2872 1256 2911 13
1282 2868 1516 2923 proeulem
1539 2866 1581 2910 V
1613 2880 1726 2910 corr.
1760 2867 1832 2911 ed.

145 2931 200 2970 14
230 2928 373 2984 siquis
395 2927 438 2970 V
463 2941 576 2971 corr.
603 2927 674 2971 ed.
770 2930 824 2970 18
855 2927 1177 2983 inquievissent
1198 2926 1240 2969 V
1270 2928 1323 2970 ni
1353 2941 1425 2983 qu.
1449 2926 1524 2971 ed.
1618 2930 1673 2968 26
1705 2940 1834 2971 vene-

47 3002 50 3004 *
141 2999 295 3030 ravere
318 2985 360 3030 V
385 3000 497 3031 corr.
525 2986 595 3030 ed.
719 2989 775 3030 28
807 2986 1004 3031 latinum
1027 2986 1069 3030 V
1094 3000 1208 3030 corr.
1234 2985 1305 3030 ed.
