2050 3226
185 162 294 215 432
659 159 892 204 DONATI
922 159 987 204 IN
989 159 1203 204 TERPR.
1220 159 1405 205 VERG.

185 315 296 348 cum
333 301 591 362 praesente
631 299 738 363 agit
784 315 1007 360 causam,
1058 300 1115 346 ut
1162 299 1295 362 quod
1338 299 1423 347 ille
1469 298 1781 362 praeferebat
1824 300 1877 347 in

186 389 288 422 sese
334 373 388 422 id
431 374 526 422 iste
564 374 700 422 facta
737 373 939 422 victoris
988 374 1038 420 et
1082 373 1205 420 victi
1250 373 1602 435 conparatione
1650 373 1876 422 deiceret.

185 448 228 496 si
257 464 381 510 una,-
410 447 598 510 inquit,
630 463 716 497 vos
751 447 1021 509 eademque
1054 447 1190 495 aetas
1227 449 1278 495 et
1306 447 1457 496 robur
1481 447 1699 510 corporis
1722 447 1877 496 habu-

183 522 323 582 isset,
371 524 577 585 tropaeo
623 523 711 570 tuo
757 523 969 570 istorum
1013 536 1244 570 numeros
1285 522 1559 571 cumulares
1601 523 1750 584 atque
1789 521 1876 569 ille

183 595 374 645 viveret
419 612 475 645 ac
520 599 608 644 tuo
656 610 853 658 quoque
897 594 1104 643 interitu
1153 596 1499 657 triumpharet.
1575 596 1660 643 sed
1705 595 1878 655 infelix

185 671 395 718 Teucros
434 670 550 730 quid
587 669 807 717 demoror
838 669 1025 716 armis?
1066 669 1173 731 ipse
1210 669 1527 732 reprehendit
1555 668 1878 731 multiloquia

183 759 296 806 sua,
344 760 471 806 quae
511 742 678 791 dolore
726 745 931 807 cogente
975 743 1250 806 urgebatur
1287 744 1557 805 effunderc3
1603 745 1652 792 et
1689 759 1876 804 revera,

155 834 295 866 ‘cum
344 818 397 865 in
434 817 700 879 patheticis
747 817 910 866 brevis
958 832 1062 865 esse
1101 817 1279 866 debeat
1317 833 1475 866 sermo
1518 819 1625 880 ipse
1665 833 1876 880 quoque,

182 908 280 940 non
330 891 467 940 misit
511 891 822 940 brevitatem.
881 892 968 939 sed
1003 890 1187 940 idcirco
1233 891 1432 940 videtur
1476 892 1638 940 multa
1683 891 1877 953 dixisse,

184 965 302 1028 quia
331 967 516 1014 multas
556 966 714 1028 partis
746 966 916 1029 tetigit
945 966 1229 1028 multasque
1260 981 1518 1029 personas,
1559 981 1683 1027 quae
1724 966 1767 1013 si
1805 981 1877 1014 se·

181 1042 442 1102 parentur,
473 1039 755 1087 invenietur
780 1039 982 1088 brevem
1012 1039 1066 1087 in
1098 1041 1310 1104 singulis
1333 1040 1565 1088 habuisse
1590 1055 1877 1088 sermonem.

184 1114 311 1162 dixit
338 1113 521 1176 quippe
547 1129 683 1175 „non
706 1114 848 1176 haec,
882 1130 909 1162 ο
933 1114 1100 1176 Palla,
1133 1114 1338 1163 dederas
1361 1114 1607 1176 promissa
1629 1113 1878 1176 parenti“‚

181 1225 208 1249 ,‚
218 1191 398 1251 tuque,
443 1204 472 1236 ο
520 1188 836 1236 sanctissima
882 1188 1093 1237 coniunx
1103 1187 1130 1211 “
1176 1190 1227 1236 et
1272 1191 1482 1250 „contra
1528 1203 1618 1252 ego
1665 1187 1878 1237 vivendo

181 1262 280 1310 vici
316 1278 428 1310 mea
466 1261 625 1324 fata“,
663 1263 784 1310 item
823 1278 950 1324 „nec
989 1278 1074 1311 vos
1104 1264 1375 1326 arguerim,
1415 1261 1644 1323 Teucri“‚
1680 1277 1878 1310 rursum

180 1336 331 1384 rediit
369 1336 433 1384 ad
477 1337 552 1384 fili
589 1352 852 1399 personam
893 1337 1056 1385 dicens
1097 1338 1256 1400 „quin
1296 1353 1389 1400 ego
1427 1352 1527 1385 non
1567 1336 1665 1385 alio
1706 1335 1879 1400 digner

180 1412 231 1459 te
269 1411 462 1472 funere,
506 1409 704 1473 Palla“,
751 1410 927 1459 dehinc
975 1411 1038 1459 ad
1084 1411 1309 1459 Turnum
1355 1411 1475 1459 fecit
1523 1411 1878 1473 apostropham

181 1486 268 1546 „tu
307 1500 502 1548 quoque
550 1501 680 1533 nunc
726 1486 882 1534 stares
927 1486 1143 1534 inmanis
1183 1488 1388 1534 truncus
1434 1485 1488 1532 in
1528 1485 1701 1545 armis,
1749 1486 1878 1532 esset

180 1575 274 1621 par
313 1561 450 1608 aetas
498 1561 548 1607 et
592 1559 726 1606 idem
771 1560 815 1608 si
859 1559 1013 1608 robur
1059 1559 1121 1608 ab
1169 1561 1335 1621 annis,
1382 1558 1597 1607 Turne“.
1674 1558 1877 1606 tandem

180 1633 338 1696 igitur
373 1634 621 1681 intellexit
668 1633 857 1682 diutius
905 1649 955 1682 se
1002 1634 1177 1698 vagari
1222 1649 1322 1681 non
1361 1633 1536 1680 debere
1574 1649 1663 1695 per
1701 1632 1877 1692 multa,

181 1723 242 1755 ne
264 1709 433 1756 tantos
458 1710 508 1755 et
532 1708 711 1756 electos
748 1723 805 1755 ex
839 1707 1068 1756 omnibus
1099 1709 1319 1756 numeris
1346 1708 1479 1756 viros
1510 1709 1662 1769 atque
1694 1707 1878 1754 ultioni

183 1797 300 1830 suae
339 1783 642 1830 necessarios
681 1782 927 1844 superfluo
960 1798 1212 1830 morarum
1243 1782 1406 1844 spatio
1438 1781 1685 1829 retineret.
1741 1779 1877 1843 quid,

181 1855 368 1917 inquit,
409 1856 570 1904 adhuc
610 1856 837 1904 demoror
875 1857 1114 1918 Teucros,
1154 1857 1298 1918 quasi
1329 1855 1677 1903 infelicitatem
1714 1870 1878 1902 meam

183 1931 250 1978 sit
286 1930 489 1977 illorum
519 1930 746 1978 levatura
776 1929 1092 1992 praesentia?
1124 1932 1338 1993 pergant
1367 1930 1533 1992 potius
1569 1931 1619 1977 et
1647 1930 1878 1991 repetant

184 2019 344 2064 arma,
393 2004 485 2052 hoc
533 2006 606 2051 est
653 2004 812 2053 dicere
852 2005 972 2067 quid
1017 2004 1098 2052 hic
1143 2005 1288 2053 vacui
1337 2002 1682 2052 remorantur?
1745 2005 1875 2063 eant,

184 2077 419 2127 dimicent
458 2079 508 2125 et
546 2078 812 2126 orbitatem
851 2095 1013 2127 meam
1043 2078 1234 2126 ultione
1274 2079 1589 2140 conpensent.
1642 2077 1803 2124 vadite
1836 2080 1878 2124 et

181 2152 298 2199 haec
333 2165 565 2199 memores
602 2153 704 2212 reyi
749 2154 988 2202 mandata
1034 2154 1231 2212 referte:
1280 2152 1448 2201 vadite
1485 2153 1579 2200 hoc
1617 2151 1724 2199 loco
1763 2151 1875 2198 hor·

181 2226 338 2274 tantis
386 2228 462 2274 est
513 2226 680 2287 potius
729 2243 882 2288 quam
927 2227 1166 2288 iubentis3
1221 2229 1270 2274 et
1322 2227 1562 2274 mandata
1613 2240 1723 2272 mea
1768 2225 1876 2287 regi

181 2300 417 2363 perferte:
449 2300 575 2360 quod
604 2301 754 2347 vitam
784 2315 946 2349 moror
976 2302 1189 2349 invisam
1212 2301 1439 2349 Pallante
1462 2302 1730 2360 perempto,
1764 2299 1875 2346 dex-

182 2378 286 2422 tera
324 2388 477 2422 causa
515 2376 601 2421 tua
639 2377 726 2429 est,
770 2375 994 2422 Turnum
1029 2378 1267 2436 ynatoque
1291 2375 1518 2435 patrique
1556 2387 1702 2433 qnam
1741 2373 1874 2420 debe-

181 2463 233 2495 re
263 2449 398 2496 vides
427 2448 635 2495 meritis:
667 2447 800 2510 quod
832 2448 945 2497 vivo
978 2451 1093 2511 post
1123 2449 1367 2497 Pallantis
1399 2449 1622 2507 mortem,
1662 2446 1769 2494 sola
1801 2449 1876 2494 est

304 2565 325 2602 1
372 2574 474 2604 cum
509 2560 693 2615 preayit
727 2558 768 2602 V
807 2560 874 2603 ita
907 2561 1090 2617 peragit
1129 2560 1199 2603 ed.
1243 2574 1345 2604 cum
1377 2563 1614 2615 praesente
1653 2559 1750 2615 ayit
1791 2571 1874 2600 nos

183 2618 238 2662 cf.
273 2623 342 2662 53.
459 2623 484 2661 2
517 2619 720 2673 deficeret
750 2618 864 2661 edF.
982 2623 1007 2660 5
1039 2625 1116 2663 tuo
1139 2619 1182 2663 V
1213 2619 1267 2662 de
1297 2624 1326 2662 t.
1361 2619 1432 2662 ed.
1547 2621 1572 2660 8
1597 2618 1810 2673 pateticis
1833 2616 1875 2658 V

176 2679 385 2734 parentis
411 2677 452 2720 H
475 2683 612 2733 patre
636 2677 706 2720 ed.
756 2677 760 2735 Ι
811 2678 965 2721 debiat
986 2678 1028 2721 V
1053 2679 1226 2722 deberet
1248 2678 1318 2721 ed.
1420 2681 1474 2720 10
1505 2681 1777 2731 separantur
1802 2675 1872 2718 ed.

185 2741 238 2779 13
278 2742 330 2780 ta
365 2751 536 2793 quoque
576 2739 735 2793 (supra
766 2737 917 2792 tuque)
942 2736 996 2780 V.
1121 2742 1175 2780 14
1208 2750 1441 2793 affluerem
1473 2738 1630 2791 (supra
1660 2736 1793 2789 -rim)
1817 2734 1871 2778 V.

185 2800 239 2838 18
286 2797 338 2839 in
383 2797 521 2840 annis
575 2796 645 2839 ed.
783 2800 838 2838 22
886 2809 1001 2850 quae
1046 2797 1087 2839 si
1129 2796 1170 2839 V
1216 2797 1326 2851 quia
1370 2797 1411 2839 si
1463 2794 1534 2838 ed.
1590 2795 1723 2850 quasi
1775 2807 1870 2837 nos.

186 2860 241 2898 24
273 2855 391 2910 qaod
415 2854 456 2898 V
488 2856 599 2910 quid
630 2868 742 2898 corr.
769 2855 841 2898 ed.
956 2859 1010 2897 30
1042 2856 1162 2899 vidis
1185 2856 1356 2899 meritis
1380 2853 1421 2896 V
1443 2854 1615 2898 meritis
1639 2866 1667 2895 a
1690 2852 1872 2895 Donato

186 2929 290 2957 cum
320 2918 543 2970 ynatoqae
569 2915 782 2969 patrique
813 2913 946 2969 iungi
977 2913 1167 2969 interpr.
1199 2914 1354 2968 docet,
1388 2913 1448 2956 ad
1480 2925 1674 2967 sequens
1703 2911 1873 2955 lemma

184 2973 329 3016 traxit
361 2972 476 3018 edF.
525 2973 529 3030 Ι
579 2973 721 3018 solam
754 2987 843 3017 esse
874 2986 1058 3016 eausam
1083 2973 1123 3015 V
1150 2973 1219 3017 ed.

1910 981 1956 1013 10

1911 1349 1952 1382 15
2025 1366 2028 1370 ·

1909 1722 1953 1754 20

1907 2090 1949 2123 25

1906 2460 1949 2492 30
