2050 3226
770 149 1075 209 AENEmos
1099 149 1187 194 vn
1751 151 1821 205 87

132 290 317 347 vocari,
357 290 556 350 stirpem
595 290 853 338 admisceri
882 289 1169 350 Remmiam,
1209 302 1260 337 se
1299 289 1466 336 limine
1494 289 1640 348 pelli:
1676 289 1824 338 huius

133 363 530 412 comminationis
564 364 759 412 Turnus
798 362 1076 426 exponebat
1106 378 1280 412 causas
1313 364 1363 410 et
1394 362 1576 412 doloris
1608 363 1825 426 indigni-

131 440 289 486 tatem
336 438 483 487 claris
529 437 732 487 vocibus
779 437 1080 498 testabatur,
1129 436 1262 500 quod
1309 436 1489 485 Teucri
1533 439 1827 485 vocarentur

129 513 184 559 in
220 528 430 576 regnum
467 514 519 561 et
554 511 765 576 Phrygii
807 511 1134 576 iungerentur
1170 510 1374 572 Italiae,
1422 526 1472 559 se
1512 510 1702 559 scilicet
1747 527 1826 559 ex-

131 586 269 635 cluso
301 602 359 634 ex
389 585 555 651 regiae
587 586 762 634 domus
794 585 979 634 limine.
1029 585 1229 649 singula
1256 601 1493 648 magnam
1523 584 1626 633 vim
1655 587 1828 633 tenent

128 660 436 722 intellectus3
473 676 591 708 nam
612 660 825 708 Teucros
857 661 907 708 et
937 659 1211 724 Phrygiam
1241 659 1450 722 stirpem
1479 675 1570 722 pro
1603 658 1826 708 convicio

128 733 323 797 posuit,
375 734 430 781 in
484 750 639 798 regna
686 733 858 783 vocari
910 735 1003 782 hoc
1042 736 1118 782 est
1166 734 1219 782 in
1267 734 1503 782 honorem
1554 734 1824 781 maximum

31 811 33 813 ’
127 809 530 872 potestatemque
567 808 812 873 regnandi
851 823 908 857 ac
951 824 1040 872 per
1075 809 1170 856 hoc
1206 807 1453 856 inmeritis
1486 806 1666 856 deferri
1696 822 1827 856 sum-

127 898 262 931 mam
314 899 483 930 rerum
536 884 587 931 et
643 882 1030 931 fortissimorum
1091 882 1261 946 generi
1319 881 1517 930 misceri
1576 882 1828 930 maculam

126 955 481 1021 Phrygiorum,
520 957 608 1005 sed
639 956 874 1005 videlicet
909 957 1068 1005 multo
1099 956 1354 1004 meliorem
1386 972 1562 1020 genere
1595 971 1653 1004 ac
1683 956 1826 1004 forti-

126 1030 322 1092 tudine,
360 1032 463 1079 iam
502 1047 740 1095 generum
777 1031 930 1095 regis,
967 1030 1072 1078 iam
1109 1031 1256 1092 pleno
1298 1030 1510 1079 adsensu
1542 1031 1828 1093 susceptum

126 1121 184 1153 ex
221 1104 331 1167 ipso
369 1106 538 1169 regiae
578 1104 752 1153 domus
791 1105 962 1152 limine
995 1104 1145 1153 cludi.
1214 1108 1316 1152 tum
1354 1119 1559 1164 quoram
1598 1105 1827 1152 attonitae
1844 1114 1930 1154 580

126 1179 320 1227 Baccho
359 1193 561 1227 nemora
600 1180 717 1227 avia
753 1182 934 1227 matres
971 1179 1214 1227 insultant
1254 1179 1430 1227 thiasis
1476 1178 1651 1238 (neque
1698 1179 1827 1226 enim

127 1253 226 1301 leve
263 1267 438 1301 nomen
474 1251 736 1314 Amatae).·
782 1252 934 1301 etiam
972 1253 1090 1301 illae
1131 1269 1257 1315 quae
1297 1268 1411 1300 cum
1448 1253 1634 1301 Amata
1672 1252 1824 1315 petie-

124 1328 240 1375 rant
290 1327 442 1376 silvas
492 1328 734 1375 venerant
780 1328 1151 1389 perseverantes
1199 1327 1254 1374 in
1303 1327 1495 1389 furore3
1549 1327 1643 1375 hoc
1694 1328 1825 1374 enim

125 1400 356 1465 exigebat
383 1402 586 1465 reginae
617 1400 867 1463 meritum,
898 1403 958 1449 ut
986 1401 1040 1449 in
1065 1417 1218 1450 causa
1240 1401 1373 1449 filiae
1397 1401 1566 1449 mariti
1600 1401 1825 1449 studium

125 1476 521 1538 sententiamque
560 1478 832 1538 superaret.
908 1476 1124 1536 undique
1171 1476 1349 1524 collecti
1396 1478 1587 1523 coeunt:
1636 1474 1823 1523 aduna-

122 1548 309 1598 bantur
354 1549 550 1598 collecti
595 1565 652 1598 ex
692 1550 898 1598 diversis
938 1551 989 1597 et
1026 1549 1256 1613 plurimis
1302 1549 1439 1598 locis,
1515 1549 1825 1608 Martemque

121 1624 358 1685 fatriyant:
419 1626 469 1672 et
523 1623 750 1672 ardorem
803 1640 1004 1687 pugnae
1056 1624 1177 1672 totis
1240 1623 1431 1672 nisibus
1487 1623 1824 1672 cumulabant.

122 1698 249 1745 ilicet
298 1698 565 1758 infandam
614 1698 774 1746 cuncti
823 1701 991 1746 contra
1040 1699 1207 1746 omina
1253 1698 1452 1754 bellam,
1502 1701 1671 1746 contra
1715 1698 1827 1757 fata

123 1771 266 1819 deum
286 1786 519 1832 perverso
541 1773 744 1820 numine
760 1776 992 1832 poscunt:
1022 1772 1314 1820 nitebantur
1337 1787 1506 1821 omnes
1531 1771 1824 1833 abrumpere

123 1846 291 1893 omnia
338 1845 591 1910 sacrilegis
637 1846 887 1895 mentibus
936 1863 1062 1909 quae
1114 1846 1378 1895 constabat
1425 1846 1592 1895 divino
1639 1845 1825 1894 iudicio

123 1921 275 1981 atque
308 1919 515 1968 arbitrio
548 1935 652 1969 esse
683 1921 897 1968 firmata.
959 1922 1132 1969 contra
1164 1922 1347 1982 omina,
1377 1921 1565 1982 inquit,
1598 1922 1649 1968 et
1679 1919 1826 1968 deum

121 1993 253 2041 fata:
301 1996 474 2042 contra
513 1995 681 2043 omina
718 1997 925 2058 propter
971 2010 1088 2057 apes
1140 1997 1190 2043 et
1234 1994 1452 2043 incendii
1491 1993 1826 2043 denuntiatio-

121 2083 256 2129 nem,
296 2067 428 2130 quod
468 2084 525 2116 ex
564 2068 727 2130 capite
766 2068 1006 2117 Laviniae
1047 2069 1309 2117 constabat
1358 2069 1605 2130 extitisse3
1653 2071 1827 2117 contra

121 2141 249 2203 fata,
289 2142 383 2190 hoc
422 2144 499 2190 est
536 2145 711 2190 contra
743 2142 948 2190 deorum
979 2144 1252 2192 sententias
1291 2146 1343 2191 et
1373 2143 1535 2191 Fauni
1573 2157 1827 2205 responsa,

121 2231 356 2278 perverso
387 2216 590 2264 numine
622 2216 806 2265 bellum
832 2217 1148 2280 adpetebant,
1179 2218 1232 2265 in
1256 2232 1543 2279 perversum
1570 2217 1827 2265 trahentes

127 2289 334 2338 deorum
379 2289 641 2352 iudicium,
687 2292 748 2338 ut
791 2290 923 2338 bello
971 2292 1301 2340 excludendos
1349 2291 1603 2339 crederent
1643 2292 1730 2352 qui
1775 2291 1826 2337 in

124 2362 329 2412 Italiam
368 2364 590 2412 fatorum
628 2364 764 2413 ducti
802 2365 996 2414 ratione
1036 2367 1382 2414 convenerant.
1444 2366 1660 2413 certatim
1697 2365 1826 2424 reyis
1844 2371 1929 2411 585

119 2438 435 2486 circumstant
471 2442 591 2486 tecta
629 2439 829 2487 Latini:
868 2439 1011 2488 obliti
1049 2440 1232 2503 regalis
1271 2440 1578 2488 reverentiae
1618 2440 1819 2487 domum

118 2510 290 2559 Latini
328 2511 688 2574 adspectabant
727 2513 972 2562 violenter
1011 2516 1061 2562 et
1099 2514 1284 2562 circum
1323 2529 1455 2575 eam,
1495 2529 1645 2574 quam
1686 2511 1822 2560 omni

117 2586 359 2649 religione
391 2586 620 2634 venerari
651 2589 971 2650 convenerat,
1011 2590 1061 2635 et
1090 2589 1400 2636 tumultuoso
1434 2590 1681 2636 conventu
1708 2601 1821 2649 gra·

117 2660 247 2707 viter
278 2659 674 2723 perstrepebant.
736 2661 816 2708 ille
850 2662 978 2709 velut
1008 2662 1177 2722 pelayi
1221 2676 1369 2722 rupes
1406 2662 1590 2709 inmota
1630 2660 1820 2715 resistit,

237 2790 290 2829 12
323 2786 468 2830 cludit
489 2785 532 2830 V
563 2787 748 2831 excludi
783 2786 854 2831 ed.
980 2791 1034 2831 13
1067 2789 1242 2845 thyasis
1274 2788 1344 2831 ed.
1469 2791 1522 2829 21
1557 2786 1823 2841 abrumpere

121 2846 277 2889 omnia
299 2844 341 2888 V
367 2845 457 2888 edI
487 2847 643 2890 omina
674 2846 733 2889 ed
749 2845 814 2888 F1
845 2847 1000 2891 onmia
1032 2847 1104 2890 ed.
1128 2850 1246 2902 post.
1360 2850 1415 2889 30
1446 2846 1626 2889 domum
1658 2845 1824 2888 Latini

119 2903 444 3006 ζῖἰθέἑοτιὲῑᾶαηι
466 2903 508 2947 V
539 2906 590 2949 in
621 2905 750 2950 domo
782 2906 839 2950 L.
873 2906 1094 2951 astabant
1126 2906 1196 2949 ed.
1322 2909 1376 2948 32
1410 2910 1450 2948 et
1483 2905 1756 2948 tumultuoso
1781 2903 1822 2947 V
