2050 3226
790 168 1093 217 AENEmos
1123 168 1167 213 x
1717 173 1826 227 399

128 312 183 359 in
205 310 428 360 vulneris
460 308 723 358 atrocitate
746 311 1071 373 persenserat,
1095 309 1262 358 luctus
1288 325 1503 373 quoque,
1528 309 1648 373 quia
1671 311 1827 359 talem

128 384 413 448 perdiderat
449 383 624 432 filium.
687 387 828 444 atque
865 385 942 432 hic
971 382 1179 432 Aenean
1207 398 1392 445 mayna
1430 387 1501 432 ter
1536 398 1648 432 voce
1684 399 1824 433 voca-

128 460 221 507 vit:
259 457 432 507 debuit
467 473 567 506 non
606 474 876 521 provocare
917 474 1031 506 eum
1069 458 1208 507 cuius
1238 459 1480 507 virtutem
1517 460 1739 507 senserat
1776 460 1826 506 et

127 533 303 582 timere
352 532 521 595 potius
576 547 725 594 quem
775 532 998 595 exemplo
1053 547 1144 580 suo
1197 531 1500 595 probaverat
1552 531 1826 593 fortiorem,

129 607 217 656 sed
265 622 354 656 cur
400 608 647 655 metueret
695 608 775 655 cui
824 607 999 669 aequis
1047 607 1180 655 votis
1231 609 1319 655 aut
1363 606 1557 655 vincere
1604 605 1824 669 optabile

127 681 229 729 fuit
277 682 367 729 aut
410 679 605 743 perire?
668 680 870 730 vocavit
917 681 1077 745 igitur
1123 681 1327 729 Aenean
1375 696 1561 745 magna
1610 696 1728 729 voce
1775 682 1827 729 et

126 755 277 804 tertio
326 755 420 804 hoc
469 753 589 803 fecit
633 755 733 803 tria
781 757 1064 804 monstrans
1116 755 1260 819 signa
1305 754 1638 804 constantiae:
1690 754 1826 818 quod

127 829 261 877 enim
305 828 496 892 primus
544 843 649 878 sese
693 830 926 893 ingessit,
973 829 1108 891 quod
1153 829 1289 878 clara
1338 844 1456 878 voce
1504 830 1823 892 provocantis

128 904 370 966 expressit
415 902 700 964 audaciam,
748 903 883 966 quod
919 903 1068 951 tertio
1107 903 1201 952 hoc
1238 902 1379 964 fecit,
1429 902 1648 953 ostendit
1684 918 1823 967 mag·

0 979 1 982 ’
54 989 98 1022 ιο
125 992 244 1026 nam
281 978 335 1025 in
373 992 426 1026 se
465 980 580 1041 post
617 978 801 1027 vulnus
843 978 1100 1040 acceptum
1139 978 1294 1026 animi
1331 992 1672 1040 perseverasse
1711 993 1824 1026 con-

127 1052 366 1100 stantiam
397 1067 486 1100 nec
518 1051 579 1101 de
610 1054 712 1101 suis
739 1051 931 1115 aliquid
955 1050 1213 1100 conatibus
1239 1051 1565 1101 deminutum.
1627 1049 1824 1100 Aeneas

127 1127 325 1186 agnovit
360 1127 489 1174 enim
531 1126 777 1187 laetasque
820 1129 1080 1186 precatur:
1130 1141 1247 1174 mox
1291 1128 1350 1174 ut
1394 1125 1587 1175 Aeneas
1634 1125 1823 1174 Mezen-

125 1199 256 1247 tium
292 1200 423 1249 vidit
460 1199 740 1249 venientem
778 1202 830 1249 et
866 1215 1038 1248 vocem
1082 1200 1267 1248 totiens
1312 1200 1574 1249 clamantis
1615 1200 1824 1261 audivit,

125 1273 376 1322 intellexit
436 1290 564 1336 quae
627 1289 777 1323 causa
838 1273 1050 1322 debilem
1108 1275 1391 1323 revocasset
1452 1273 1516 1323 ad
1569 1289 1824 1336 campumt,

53 1358 96 1393 15
127 1347 317 1397 sciebat
354 1347 487 1396 enim
525 1347 694 1397 dolore
731 1347 917 1411 perditi
959 1347 1035 1396 fili
1071 1348 1267 1397 hostem
1305 1349 1472 1398 venire
1512 1349 1823 1411 conpulsum,

127 1438 257 1484 quae
305 1437 384 1470 res
432 1423 677 1471 attulerat
721 1423 1113 1487 gratulationem
1157 1421 1449 1485 maximam,
1497 1425 1559 1471 ut
1606 1423 1660 1470 in
1711 1438 1824 1471 con·

126 1511 299 1560 gressu
344 1496 603 1559 perficeret
647 1496 783 1560 quod
830 1496 1199 1560 inpedientibus
1239 1497 1470 1560 plurimis
1509 1497 1670 1560 primo
1710 1511 1822 1545 con-

126 1570 262 1633 plere
293 1586 395 1620 non
425 1571 610 1633 potuit.
671 1570 867 1620 remisit
895 1573 1064 1620 tamen
1097 1572 1250 1620 etiam
1278 1570 1387 1634 ipse
1417 1586 1731 1634 responsum,
1761 1587 1822 1619 ne

124 1645 356 1693 timorem
394 1645 617 1708 aliquem
655 1644 853 1694 silentio
903 1647 1196 1694 testaretur:
1249 1646 1320 1694 sic
1361 1649 1506 1706 pater
1553 1645 1636 1694 ille
1680 1645 1825 1693 dewm
1841 1654 1927 1695 875

53 1730 97 1764 ιο
124 1719 301 1779 faciat,
341 1719 412 1768 sic
449 1719 580 1768 altus
609 1717 808 1780 Apoll0,
869 1720 1082 1781 incipias
1120 1720 1338 1779 conferre
1374 1734 1603 1768 manwm:
1639 1718 1823 1768 idcirco

127 1793 202 1841 ait
236 1793 448 1856 incipias
487 1793 709 1842 conferre
747 1810 973 1855 manum,
1024 1793 1144 1857 quia
1189 1794 1347 1843 hastis
1387 1809 1540 1856 supra
1578 1795 1824 1842 certatum

128 1870 203 1915 est
241 1869 293 1916 et
328 1867 443 1916 inde
482 1867 751 1916 videbatur
789 1868 1028 1929 evasisse,
1068 1869 1188 1931 quia
1226 1867 1556 1930 plurimorum
1593 1867 1823 1916 defensus

128 1941 314 1989 auxilio
355 1943 604 1990 certamen
641 1943 932 1992 vulneratus
972 1943 1236 2006 effugerat,
1276 1941 1536 1991 accedente
1575 1941 1728 1991 etiam
1766 1957 1822 1990 eo

9 2050 17 2070 Ἴ.
127 2016 248 2077 quia
297 2015 574 2078 apparebat
622 2032 738 2064 eum
787 2032 887 2065 non
936 2017 1252 2065 conlaturum
1299 2031 1504 2065 manum
1554 2016 1642 2079 qui
1695 2032 1822 2078 equo

10 2082 17 2097 '¹
53 2099 96 2134 85
125 2088 296 2152 potius
332 2089 528 2151 fideret,
566 2105 667 2138 non
696 2090 904 2153 pedibus
941 2090 1058 2140 suis.
1118 2094 1310 2139 tantwm
1348 2091 1524 2150 effatus
1562 2094 1607 2139 et
1641 2091 1822 2150 infesta

125 2163 256 2212 subit
303 2164 475 2212 obvius
523 2164 689 2213 hasta:
737 2180 973 2229 magnam
1023 2164 1178 2213 animi
1227 2180 1286 2213 ac
1335 2165 1538 2214 virtutis
1587 2164 1823 2213 fiduciam

125 2240 374 2286 monstrat
426 2237 514 2301 qui
565 2237 619 2285 in
671 2238 864 2287 hostem
917 2239 1106 2301 primus
1167 2239 1271 2288 tela
1324 2239 1594 2288 contendit.
1690 2238 1821 2301 quod

125 2310 318 2360 Aeneas
365 2327 466 2360 non
520 2311 773 2361 dubitavit
824 2313 1055 2375 perficere
1100 2328 1310 2378 pergens
1365 2313 1540 2362 obvius
1596 2328 1709 2361 cum
1746 2311 1819 2369 in,-

0 2427 1 2434 ,
125 2385 252 2434 festo
291 2387 399 2434 ictu
435 2387 632 2447 hastae,
678 2402 740 2435 ne
777 2386 963 2435 habens
1001 2387 1134 2435 tanti
1171 2387 1289 2451 equi
1327 2387 1602 2436 subsidium
1639 2388 1819 2435 iterum

0 2522 1 2527 1
54 2469 97 2503 ω
126 2461 404 2508 verteretur
439 2461 493 2508 in
532 2460 719 2524 fugam.
795 2460 877 2508 ille
914 2464 1096 2518 autem,
1135 2461 1189 2510 id
1227 2464 1304 2510 est
1339 2461 1633 2521 Mezentius,
1673 2459 1819 2508 dixit:

126 2534 244 2592 qnid
291 2548 367 2582 me
416 2538 593 2595 erepte,
646 2534 950 2591 saevissime,
999 2538 1115 2584 nato
1164 2536 1347 2584 terres?
1418 2536 1535 2584 haec
1583 2535 1666 2582 via
1714 2534 1820 2582 sola

246 2694 270 2732 1
305 2690 454 2735 luctus
482 2703 655 2747 quoque
677 2689 720 2733 V
751 2695 793 2735 et
822 2690 851 2734 l.
884 2690 956 2734 ed.
1001 2690 1006 2748 Ι
1050 2704 1143 2747 qna
1165 2691 1208 2735 V
1238 2692 1350 2748 quia
1381 2704 1494 2734 corr.
1528 2690 1598 2734 ed.
1702 2694 1730 2733 4
1761 2690 1820 2734 ti-

125 2749 238 2792 meri
259 2748 302 2791 V
334 2762 448 2793 corr.
482 2749 553 2793 ed.
677 2753 702 2792 7
733 2750 866 2794 tertio
890 2748 928 2793 V
960 2754 1028 2795 ter
1059 2750 1130 2794 ed.
1178 2750 1183 2809 1
1233 2752 1397 2795 tria—
1422 2754 1447 2793 9
1478 2750 1588 2803 fecit
1624 2762 1711 2792 om.
1746 2748 1817 2792 ed.

128 2811 182 2850 12
216 2809 334 2852 enim
357 2807 399 2850 V
430 2822 531 2853 eum
563 2808 635 2852 ed.
758 2813 812 2852 16
851 2809 903 2852 in
939 2822 1180 2867 conyressu
1210 2809 1252 2853 V
1283 2809 1354 2853 ed.
1396 2822 1457 2852 an
1494 2810 1559 2852 II
1582 2821 1821 2864 conyressu

126 2865 157 2909 i.
183 2878 220 2911 e.
252 2867 447 2912 secumdo
478 2881 513 2912 c.
546 2867 597 2911 in
627 2867 882 2923 archetypo
914 2867 1034 2912 fuit?
1157 2873 1210 2911 17
1246 2868 1462 2924 plurimis
1489 2867 1530 2910 V
1560 2868 1716 2912 „tultis
1746 2867 1817 2911 ed.

42 2944 45 2945 ⁷
127 2927 184 2967 20
214 2925 332 2979 facit
352 2925 407 2970 V.
500 2930 556 2970 25
582 2927 778 2983 pedibus
807 2927 904 2972 suis
926 2926 969 2970 V
999 2928 1097 2972 suis
1118 2928 1294 2973 viribus
1317 2927 1388 2971 ed.
1482 2931 1537 2970 26
1570 2940 1739 2983 mayna
1762 2925 1817 2970 V.

129 2987 185 3026 30
216 2984 335 3030 dixit
358 2984 400 3028 V
430 2986 584 3041 inquit
613 2986 683 3031 ed.
