2078 3260
784 170 1089 216 AENEIDos
1119 170 1206 216 ΧΠ
1733 176 1839 230 621

147 315 412 363 venientem
447 314 684 375 prospicit
727 314 928 369 hosteim
977 312 1154 360 incessi
1200 325 1389 368 mur08,
1437 312 1567 373 iynis
1614 313 1680 362 ad
1725 316 1845 362 tecta

148 389 334 445 volare,
365 403 611 448 nusquam
642 388 770 436 acies
800 389 968 435 contra
997 386 1233 443 Rutula-3,
1269 385 1411 434 nulla
1440 387 1641 448 aymina
1673 387 1845 436 Turni.

149 463 393 525 quantum
429 463 548 510 huic
587 461 723 510 dedit
771 459 1096 510 verecundiae
1141 462 1192 509 et
1229 459 1475 508 cautelae!
1527 459 1723 524 regina,
1774 463 1845 509 in-

149 535 284 598 quit,
323 551 435 585 cum
473 553 499 584 e
537 536 681 585 tectis
714 535 817 584 suis
848 534 1093 583 bellorum
1125 534 1437 597 opperiretur
1470 537 1699 583 eventus:
1739 551 1847 584 ecce

97 623 118 655 5
149 611 395 659 curiosam
433 611 619 659 fecerat
665 610 828 658 metus
879 611 931 656 et
977 608 1092 656 inde
1131 607 1390 671 spectabat
1435 607 1557 672 quid
1594 611 1848 673 gereretur

146 683 201 732 in
231 699 406 748 campo
437 684 526 732 ubi
555 684 668 747 ipsa
698 683 912 746 spectari
933 699 1034 731 non
1062 684 1252 745 posset,
1282 699 1384 732 non
1411 681 1509 732 ivit
1538 683 1603 731 ad
1634 683 1847 731 alienam

148 757 371 820 domum,
403 759 488 808 sed
521 774 614 807 sua
643 760 778 807 tecta
809 757 1107 806 conscendit.
1159 772 1299 806 amor
1337 771 1447 805 eam
1476 757 1629 805 talem
1661 758 1848 806 fecerat

147 832 319 896 generi
356 835 406 881 et
455 835 627 881 contra
664 832 869 880 Aenean
919 831 1071 880 semel
1119 833 1350 894 suscepta
1398 832 1657 880 sententia.
1735 847 1847 880 cum

147 907 305 970 igitur
351 909 572 956 cerneret
620 906 787 955 venire
834 905 898 954 ad
942 905 1115 954 urbem
1159 905 1393 954 hostilem
1441 922 1667 967 manum,
1718 921 1848 968 quae

74 996 117 1028 10
148 981 396 1030 malorum
433 981 607 1044 procul
638 980 789 1028 dubio
828 980 1029 1028 initium
1058 980 1230 1041 ferret,
1271 979 1500 1028 accedere
1531 981 1684 1028 etiam
1715 980 1849 1042 quod

147 1055 481 1116 pulsabantur
509 1057 661 1116 muri,
694 1054 828 1118 quod
850 1054 1057 1103 volabat
1085 1054 1215 1118 ignis
1245 1053 1299 1101 in
1328 1056 1486 1115 tecta,
1518 1054 1654 1116 quod
1679 1054 1847 1104 nullus

148 1128 377 1178 defensor
432 1129 626 1190 aderat,
681 1128 803 1192 quid
856 1127 995 1176 dabit
1050 1127 1332 1176 coniectura
1381 1129 1624 1178 metuenti
1679 1144 1849 1178 casum

148 1203 306 1251 Turni
343 1203 442 1252 nisi
480 1204 616 1266 quod
652 1203 821 1266 potuit
868 1203 1112 1250 moritura
1157 1201 1373 1251 sentire?
1428 1202 1669 1265 quicquid
1717 1203 1849 1251 enim

147 1278 416 1326 metuimus
447 1277 556 1325 fieri
585 1278 638 1326 in
667 1277 870 1326 incerffis
893 1277 987 1325 hoc
1018 1276 1171 1325 etiam
1200 1277 1328 1325 falso
1360 1276 1615 1326 sentimus.
1663 1277 1848 1326 idcirco

74 1367 116 1400 1⁵
148 1351 223 1400 ait
258 1352 432 1412 infelix
463 1366 663 1413 puqnae
700 1352 923 1399 iuvenem
967 1351 1021 1398 in
1071 1352 1329 1399 certamine
1375 1351 1525 1399 credit
1568 1352 1850 1400 extinctum.-

146 1425 396 1474 infelicem
418 1427 543 1474 mire
566 1426 734 1489 posuit
765 1441 894 1488 quae
915 1427 1022 1472 tam
1045 1425 1144 1473 cito
1170 1441 1298 1487 quae
1322 1424 1541 1473 nondum
1565 1425 1851 1475 acciderant

148 1502 369 1548 extrema
401 1500 557 1548 Turni
587 1499 821 1548 sensisset
853 1515 1080 1561 quaeque
1112 1502 1243 1548 esset
1270 1499 1514 1547 moritura
1544 1499 1660 1548 vivo
1685 1500 1848 1549 adhuc

148 1590 205 1622 eo
238 1589 385 1637 quem
415 1574 656 1638 diIigebat
685 1575 744 1622 ut
770 1574 943 1622 mater.
999 1576 1042 1621 et
1063 1574 1218 1621 subito
1240 1577 1445 1621 mentem
1467 1575 1664 1622 twrbata
1687 1575 1848 1623 dolore

147 1662 198 1696 se
248 1662 451 1696 causam
500 1649 680 1697 clamat
728 1649 1000 1708 crimenque
1049 1651 1285 1707 caputque
1333 1648 1599 1696 malorwm:
1651 1648 1846 1698 subitus
1864 1659 1950 1699 600

74 1738 117 1770 so
148 1722 290 1771 dolor
328 1738 440 1770 cum
478 1722 546 1771 sit
583 1722 760 1772 solitus
810 1721 962 1770 etiam
1001 1722 1223 1784 quietam
1260 1721 1485 1783 turbare,
1539 1724 1649 1770 tum
1686 1723 1847 1787 magis

147 1796 408 1845 confundit
446 1812 616 1845 sensus
657 1811 782 1859 quos
835 1811 1100 1859 suspensos
1139 1795 1396 1845 invenerit.
1470 1795 1586 1844 inde
1623 1797 1735 1859 plus
1774 1798 1846 1844 in·

147 1870 268 1918 felix
305 1870 446 1919 inani
484 1870 767 1919 coniectura
814 1870 1053 1932 conpulsa
1098 1873 1173 1919 est
1218 1873 1268 1918 et
1304 1869 1358 1917 in
1402 1869 1662 1932 repentino
1699 1871 1847 1932 malo,

149 1945 411 1992 accedente
439 1961 496 1993 eo
522 1944 655 2007 quod
677 1944 865 1993 femina
888 1960 1030 1993 sexus
1062 1946 1142 1992 sui
1171 1945 1377 1993 levitate
1407 1944 1612 1993 turbata
1642 1945 1847 1994 circum-

148 2020 374 2080 spectum
423 2019 686 2067 consilium
731 2018 911 2066 habere
961 2034 1061 2066 non
1107 2019 1288 2081 potuit.
1365 2019 1615 2067 clamabat
1652 2035 1704 2068 se
1743 2035 1846 2068 esse

74 2107 117 2140 25
148 2093 394 2140 malorum
443 2094 665 2140 omnium
710 2095 864 2155 caput
902 2109 1028 2155 quae
1075 2093 1199 2140 nihil
1249 2093 1454 2153 fecerat,
1504 2095 1678 2156 utpote
1718 2110 1847 2157 quae

148 2167 331 2215 marito
370 2167 608 2215 incolumi
647 2167 706 2215 de
744 2167 878 2215 filiae
916 2167 1108 2229 nuptiis
1145 2167 1364 2216 iudicare
1401 2182 1502 2215 non
1536 2167 1723 2231 potuit,
1763 2168 1847 2216 sed

147 2242 349 2289 tantum
386 2256 476 2303 pro
515 2242 671 2289 Turni
708 2241 934 2303 partibus
974 2240 1085 2289 nisa
1123 2244 1296 2290 contra
1331 2241 1502 2290 mariti
1532 2243 1845 2290 sententiam.

148 2316 340 2363 interea
370 2331 484 2363 mox
516 2331 618 2364 sese
652 2315 717 2363 ad
747 2314 902 2362 animi
933 2314 1010 2363 sui
1041 2315 1289 2364 destinata
1319 2315 1567 2365 convertit
1599 2320 1649 2364 et
1680 2319 1847 2365 secuta

150 2392 225 2438 est
249 2388 383 2451 quod
406 2389 584 2437 habuit
606 2391 974 2452 praeparatum.
1005 2389 1293 2452 prodiderat
1315 2389 1446 2438 enim
1470 2389 1847 2452 dispositionem

75 2476 119 2508 so
150 2478 315 2523 suam,
378 2478 491 2511 cum
550 2463 777 2525 inparem
834 2462 1058 2512 iudicans
1113 2480 1259 2527 quem
1319 2463 1553 2526 cupiebat
1612 2481 1848 2528 generum

269 2577 295 2616 5
329 2576 594 2630 expectabat
625 2574 666 2617 V
698 2575 771 2618 ed.
893 2580 919 2618 6
954 2580 1187 2632 expectare
1217 2576 1259 2619 V
1290 2577 1362 2620 ed.
1486 2581 1540 2619 11
1569 2576 1848 2632 pulsabatur

151 2634 267 2678 mori
298 2633 339 2675 V
376 2634 630 2689 putabatur
668 2635 783 2678 mori
822 2633 892 2678 ed.
1016 2639 1071 2678 12
1110 2635 1240 2680 dabit
1269 2635 1311 2679 V
1343 2635 1413 2679 ed.
1450 2636 1584 2679 habet
1621 2635 1692 2679 ed.
1725 2637 1845 2690 post.

150 2693 323 2736 dabat?
360 2693 364 2749 ξ
400 2693 628 2736 metuendi
659 2693 730 2736 ed.
824 2697 880 2736 20
912 2694 1110 2750 quietam
1133 2694 1175 2737 V
1200 2695 1288 2738 edI
1318 2700 1507 2739 mentem
1539 2695 1622 2738 aut
1652 2693 1847 2738 audien-

153 2752 263 2794 dum
296 2753 367 2795 est
399 2765 455 2795 ex
485 2751 706 2796 lemmate
738 2753 820 2795 aut
851 2752 1025 2797 excidit
1055 2755 1255 2810 quietum
1287 2753 1402 2797 edF.
1534 2758 1588 2796 21
1629 2755 1737 2809 post
1774 2754 1847 2797 in-

150 2810 265 2864 felix
307 2811 423 2853 mihi
467 2810 655 2866 quidem
698 2811 819 2867 quod
860 2812 1088 2856 excidisse
1129 2813 1316 2856 videtur
1358 2811 1414 2855 cf.
1455 2817 1496 2865 3,
1529 2816 1600 2866 50,
1641 2814 1845 2856 ceterum

150 2869 297 2912 totius
321 2869 414 2913 loci
439 2870 674 2914 sententia
698 2871 1043 2915 contortissima
1068 2874 1151 2915 est.
1229 2876 1285 2914 23
1310 2871 1484 2915 accedit
1506 2872 1577 2915 ed.
1655 2876 1710 2914 26
1734 2871 1847 2926 liliis

151 2930 328 2983 nuptiis
352 2928 393 2972 V
417 2943 531 2972 corr.
557 2929 628 2972 ed.
751 2934 806 2972 27
840 2935 974 2975 τινι-πο
999 2931 1213 2987 partibus
1238 2930 1277 2973 V
1303 2945 1415 2974 corr.
1442 2930 1514 2974 ed.
1633 2934 1689 2974 28
1719 2944 1845 2975 secu-

152 2992 248 3031 tum
280 2987 351 3031 ed.
476 2992 531 3031 30
563 3002 663 3033 eum
686 2988 728 3032 V
753 2989 824 3032 ed.
857 3003 958 3034 cum
989 3004 1086 3034 nos.
