2050 3226
243 149 351 204 556
715 148 948 194 DONATI
977 147 1464 194 1NTERPR.VERG.

243 289 334 336 aut
363 288 632 337 exercitum
664 287 847 351 decipit
877 289 965 336 aut
998 288 1275 336 necandum
1303 287 1528 336 hostibus
1560 287 1731 351 aliqua
1761 287 1935 338 fraude

240 362 550 424 transcribit,
598 362 823 425 proditor
861 363 1013 410 etiam
1050 362 1137 410 ille
1179 363 1279 424 est,
1327 361 1514 424 inquit,
1565 364 1654 425 qui
1691 362 1936 411 furentem

241 438 434 499 patitur
462 437 535 485 ire
565 437 619 484 in
649 439 859 485 mortem
889 451 1051 499 neque
1083 452 1195 483 eum
1224 437 1427 485 revocat
1457 435 1521 484 ad
1552 437 1780 485 salutem.
1835 453 1934 499 quo

240 511 401 575 magis
432 510 642 559 Latinus
674 526 812 557 reum
844 525 894 558 se
927 509 1063 573 apud
1101 525 1215 558 suos
1248 509 1458 558 detineri
1486 526 1630 572 posse
1661 510 1936 571 adserebat,

243 586 286 633 si
317 584 528 633 adfinem
560 600 704 632 suum
727 584 1033 646 eundemque
1060 584 1192 632 filiae
1223 583 1510 647 petitorem,
1539 585 1760 647 inparem
1797 585 1935 646 satis,

241 659 508 721 propositis
548 659 732 707 sineret
770 657 1139 707 condicionibus
1177 658 1423 721 inplicari.
1486 674 1602 723 ergo
1639 658 1763 707 Fors
1802 658 1937 707 dicta

164 729 168 732 ’
239 733 426 781 refutet
456 735 506 780 et
534 732 839 794 prodiderim
870 732 1202 780 ostendendae
1236 732 1600 781 benivolentiae
1631 748 1783 782 causa
1819 734 1938 781 sunt

152 1776 208 1814 45

238 806 427 870 posita,
464 807 525 854 ut
562 806 698 869 quod
727 804 940 854 Latinus
971 805 1169 855 dicebat
1199 806 1463 855 adversum
1498 806 1549 855 id
1585 822 1683 854 non
1715 806 1937 870 optantis

241 880 428 941 animo,
468 881 554 928 sed
590 880 835 929 monentis
867 881 1133 942 protulisse
1171 881 1425 930 videretur
1463 882 1611 942 atque
1652 896 1708 929 eo
1745 897 1936 945 genere,

238 957 298 1003 ut
322 954 510 1003 dictum
534 956 624 1016 est,
648 954 1012 1004 demonstraret
1033 954 1424 1003 benivolentiam
1447 970 1606 1016 suam,
1632 971 1743 1003 cum
1768 970 1935 1003 casum

238 1029 414 1077 mortis
445 1030 731 1078 luctuosum
763 1045 821 1077 ac
851 1030 1048 1078 tristem
1079 1029 1231 1077 etiam
1268 1030 1322 1076 in
1352 1029 1461 1091 ipso
1494 1028 1625 1077 dicto
1657 1044 1708 1077 se
1741 1028 1939 1077 doceret

237 1103 457 1151 horrere:
507 1102 715 1165 proinde
753 1103 876 1152 Fors
920 1103 1054 1152 dicta
1098 1103 1304 1165 refutet,
1342 1104 1403 1151 ut
1439 1103 1663 1151 Fortuna
1708 1118 1807 1150 non
1854 1103 1938 1150 ad-

238 1178 461 1225 mitteret
491 1179 542 1225 et
570 1179 825 1226 recusaret
855 1193 995 1225 omen
1022 1177 1165 1238 dicti,
1206 1193 1303 1240 quo
1327 1176 1559 1238 Latinus,
1590 1177 1708 1225 licet
1731 1177 1938 1238 occulte,

240 1250 398 1299 Turni
435 1251 780 1300 nominaverat
823 1253 1046 1300 mortem.
1122 1252 1216 1299 hoc
1255 1253 1306 1299 et
1343 1251 1605 1300 Terentius
1651 1250 1704 1298 in
1743 1251 1938 1299 Andria

241 1320 314 1392 (3,
348 1326 397 1387 3,
431 1319 526 1392 36)
580 1326 751 1388 posuit
804 1325 917 1373 aliis
971 1325 1135 1374 verbis
1190 1340 1496 1388 expressum3
1549 1326 1623 1373 ait
1676 1326 1807 1373 enim
1857 1326 1938 1387 „si

241 1400 460 1460 eveniat,
500 1415 651 1462 quam
689 1398 759 1447 dii
788 1400 1107 1462 prohibeant,
1147 1398 1380 1448 discessio
1391 1398 1434 1461 “,
1473 1400 1613 1462 prius
1646 1399 1843 1462 optavit
1877 1415 1937 1447 ne

242 1474 486 1522 accideret
531 1475 580 1521 et
626 1473 696 1522 sic
737 1474 951 1535 protulit
997 1489 1149 1535 quam
1197 1473 1407 1536 optabat
1443 1490 1504 1522 ne
1543 1473 1694 1522 fieret.
1755 1475 1939 1533 respice

239 1561 318 1595 res
357 1547 475 1596 bello
513 1548 708 1596 varias:
748 1549 937 1610 respice
977 1550 1027 1595 et
1066 1547 1130 1595 ad
1169 1547 1389 1595 animum
1431 1549 1481 1594 et
1519 1548 1583 1595 ad
1622 1547 1790 1595 oculos
1829 1563 1936 1609 per-

238 1621 388 1683 tinet,
438 1621 524 1670 sed
561 1622 643 1670 hic
686 1621 749 1670 ad
795 1621 1016 1670 animum
1065 1622 1248 1682 solum,
1298 1623 1359 1669 ut
1410 1620 1574 1670 varios
1627 1636 1767 1670 casus
1817 1621 1937 1669 belli

239 1698 406 1743 animo
456 1695 790 1744 consideraret
827 1698 877 1744 et
915 1695 1120 1744 cederet.
1182 1696 1407 1743 miserere
1437 1695 1662 1755 parentis
1701 1695 1934 1756 lonyaevi,

241 1784 379 1829 quem
414 1784 547 1817 mmo
582 1772 821 1818 maestum
850 1770 1024 1830 patria
1061 1767 1232 1817 Ardea
1271 1769 1407 1830 lonqe
1445 1769 1643 1817 dividit:
1690 1768 1936 1828 miserere,

238 1843 427 1905 inquit,
459 1844 616 1907 patris
648 1843 747 1905 tui,
778 1860 860 1906 ne,
900 1859 1013 1892 cum
1045 1859 1095 1892 se
1128 1844 1398 1892 adverterit
1430 1843 1659 1891 orbatum
1688 1843 1741 1890 in
1773 1858 1935 1892 senec-

238 1919 346 1966 tute
386 1918 689 1981 perindeque
728 1917 833 1966 sine
870 1920 920 1966 te
958 1919 1128 1966 tutum
1166 1933 1270 1965 esse
1308 1933 1409 1965 non
1447 1932 1614 1979 posse,
1659 1917 1765 1979 ipse
1817 1933 1936 1980 quo—

242 2008 336 2054 que
376 1991 435 2039 de
466 1993 585 2039 fatis
616 1991 808 2040 ultimis
841 1993 1040 2056 cogitet.
1101 1991 1331 2040 miserere
1346 2028 1359 2053 ,
1394 1990 1588 2054 inquit,
1627 2008 1687 2038 ne
1721 1991 1935 2054 decipias

240 2068 456 2128 patrem,
509 2082 569 2113 ne
621 2066 838 2129 decipias
889 2081 1068 2115 senem.
1143 2066 1237 2114 hoc
1285 2065 1453 2127 ipsum
1500 2067 1730 2113 miserere
1786 2081 1936 2127 quam

242 2139 421 2202 optimi
458 2139 615 2201 patris
648 2141 836 2188 dictum
875 2141 970 2188 est!
1021 2141 1229 2188 noverat
1259 2140 1444 2202 quippe
1484 2155 1542 2187 ex
1574 2139 1769 2188 casibus
1809 2139 1937 2187 orbi-

239 2215 361 2262 tatis
405 2228 524 2262 suae
571 2214 691 2275 quid
736 2215 857 2262 mali
902 2216 1031 2263 esset
1074 2213 1277 2276 perdere
1327 2214 1454 2262 filios
1503 2213 1704 2262 iuvenes
1756 2228 1935 2273 senem,

243 2303 364 2350 quos
395 2287 498 2335 iam
529 2302 628 2334 non
651 2291 818 2349 posset
846 2287 899 2335 in
932 2288 1043 2336 aliis
1074 2303 1319 2350 reparare.
1371 2303 1514 2349 quem
1539 2303 1670 2335 nunc
1691 2289 1935 2335 maestum

240 2361 406 2424 patria
443 2360 610 2409 Ardea
647 2362 793 2425 longe
839 2361 1040 2411 dividit:
1090 2363 1322 2422 mortem,
1369 2361 1555 2424 inquit,
1604 2363 1743 2409 tuam
1783 2376 1934 2423 quam

242 2437 463 2499 graviter
499 2436 692 2483 laturus
732 2435 799 2483 sit
838 2453 895 2483 ex
934 2452 989 2483 eo
1042 2437 1286 2496 coniecta,
1327 2435 1446 2497 quia
1494 2434 1627 2497 quod
1670 2434 1934 2482 incolumis

243 2509 357 2558 abes
398 2509 460 2557 ab
500 2525 654 2571 eoque
692 2510 838 2572 longe
887 2509 1127 2558 discretus
1177 2525 1227 2558 es
1267 2524 1424 2571 aequo
1464 2510 1631 2557 animo
1679 2524 1778 2556 non
1824 2510 1933 2570 pot-

243 2585 319 2632 est
356 2584 496 2631 ferre.

363 2728 388 2766 5
424 2724 700 2779 peditionem
731 2722 773 2766 V
804 2725 1042 2779 petitorem
1081 2738 1194 2768 corr.
1228 2724 1299 2767 ed.
1423 2728 1448 2767 6
1487 2724 1652 2767 sineret
1692 2735 1780 2765 om.
1814 2722 1885 2765 ed.
1925 2723 1927 2778 ξ

242 2783 498 2838 implicaret
521 2782 592 2826 ed.
679 2787 734 2826 14
757 2783 998 2827 terrentius
1014 2782 1068 2825 V.
1155 2786 1210 2826 15
1235 2784 1352 2827 alios
1373 2781 1416 2826 V
1441 2795 1554 2826 corr.
1576 2780 1647 2824 ed.
1733 2785 1787 2823 16
1813 2781 1933 2836 quod

243 2842 294 2885 di
317 2841 523 2885 Terentii
546 2841 669 2885 libri.
763 2845 816 2885 17
843 2842 1164 2886 acciderent—
1176 2843 1334 2898 fierent
1355 2840 1398 2884 V
1423 2854 1535 2884 corr.
1561 2840 1632 2884 ed.
1725 2844 1780 2882 27
1813 2840 1932 2895 quod

243 2900 293 2942 in
323 2901 434 2956 quid
465 2913 576 2944 corr.
602 2900 656 2943 V.
706 2901 710 2958 Ι
759 2901 876 2945 male
899 2899 941 2942 V
965 2914 1078 2944 corr.
1105 2901 1175 2945 ed.
1279 2902 1321 2944 si
1349 2901 1531 2944 iuvenes
1552 2898 1596 2942 V
1625 2899 1667 2942 si
1698 2897 1848 2941 delevi
1878 2900 1932 2940 ut

244 2972 327 3013 per
358 2959 548 3016 dittogr.
580 2959 805 3002 insertum
831 2961 1101 3015 praesertim
1123 2961 1153 3003 i.
1181 2972 1205 3003 e
1243 2994 1251 3002 .
1345 2962 1401 3002 30
1432 2960 1512 3015 qui
1534 2956 1576 3000 V
1601 2957 1671 3001 ed.
1697 2959 1806 3013 quia
1833 2970 1928 3000 nos.

1969 970 2012 1002 10

1969 1338 2011 1371 15

1968 1708 2012 1740 20

1967 2076 2010 2108 25

1966 2445 2009 2477 30
