2050 3226
92 1002 135 1034 10

91 1371 134 1405 15

90 1741 134 1775 80

91 2110 134 2144 2⁵

811 172 1117 219 AENEmos
1147 173 1214 218 XI
1753 176 1858 231 541

167 317 227 364 ut
257 330 347 364 nec
377 313 543 363 aditus
566 313 674 362 fieri
704 314 851 362 sociis
881 313 1197 363 venientibus
1218 316 1388 377 posset
1416 329 1508 363 nec
1538 317 1667 363 esset
1696 317 1864 364 tutum

166 389 391 454 rogantis
428 389 665 451 excipere.
719 389 965 450 oriturque
1000 389 1279 437 miserrima
1317 388 1486 436 caedes
1524 388 1864 449 defendentum

168 464 323 513 armis
352 462 385 524 †
416 466 460 510 et
488 463 612 510 duro
642 463 733 510 sub
763 463 932 511 Marte
962 462 1243 511 cadentum:
1280 477 1433 525 quam
1459 463 1697 511 miserum
1728 478 1862 526 spec-

166 538 391 587 taculum
438 536 540 585 fuit
587 536 709 586 civis
764 535 904 585 caedi
954 553 983 585 a
1029 536 1220 586 civibus
1275 536 1399 600 suis,
1449 536 1702 600 prohiberi
1750 538 1862 585 sinu

165 613 383 675 patriae,
423 626 535 659 cum
565 613 672 659 tam
702 626 854 674 grave
886 610 1149 659 discrimen
1183 611 1463 675 ingrueret,
1502 611 1661 660 occidi
1692 611 1755 660 ab
1785 611 1862 660 his

167 685 255 749 qui
292 684 590 734 defensionis
631 686 875 733 auxilium
913 685 1148 747 praebere
1183 684 1478 734 debuerant!
1534 686 1716 734 exclusi
1753 689 1864 733 ante

165 760 327 809 oculos
366 760 801 820 lacrimantwmque
838 773 928 808 ora
968 762 1254 819 parentum.-
1304 759 1492 808 flebant
1536 762 1767 823 parentes
1814 763 1864 807 et

165 833 447 899 gemebant,
491 849 605 882 cum
645 832 868 882 viderent
905 833 1100 882 excludi
1137 833 1319 882 liberos
1357 849 1473 883 suos
1511 836 1562 882 et
1602 850 1632 882 a
1670 833 1862 883 civibus

166 908 333 958 sterni.
403 923 530 968 pars
566 909 620 955 in
655 908 942 968 praecipitis
985 908 1150 967 fossas
1192 911 1392 969 uryentc
1435 909 1588 956 ruina
1631 908 1864 957 volvitur:

166 982 349 1032 exclusi
399 982 462 1030 ab
515 981 746 1046 ingressu
797 985 1059 1045 portarum
1110 981 1315 1045 plurimi
1368 984 1484 1031 ante
1537 982 1864 1047 plangentum

166 1057 334 1106 oculos
371 1059 639 1119 parentum
677 1056 807 1104 altas
856 1055 1316 1119 praecipitabantur
1359 1056 1413 1104 in
1462 1057 1622 1105 fossas
1673 1058 1724 1105 et
1774 1072 1865 1119 per

164 1133 419 1196 ingentem
458 1132 647 1179 metum
683 1130 783 1193 ipsi
821 1129 916 1179 sibi
951 1129 1257 1192 quaerebant
1294 1131 1503 1180 exitium
1542 1131 1678 1193 quod
1716 1131 1863 1179 decli·

164 1222 284 1255 nare
306 1204 608 1254 nitebantur.
649 1205 869 1253 inmissis
891 1219 1018 1264 pars
1045 1219 1189 1253 caeca
1219 1208 1263 1253 et
1292 1206 1477 1253 concita
1502 1206 1660 1266 frenis
1690 1205 1867 1254 arietat
1881 1212 1967 1254 890

164 1281 219 1328 in
250 1283 424 1340 portas
463 1283 505 1327 et
542 1279 692 1327 dwros
729 1279 859 1327 obice
889 1279 1070 1338 postis:
1107 1279 1178 1327 sic
1213 1279 1339 1327 alios
1371 1281 1660 1329 caecaverat
1688 1281 1863 1339 metm,

163 1357 223 1403 ut
253 1369 493 1416 equorum
522 1354 718 1416 impetu
746 1355 1006 1416 tamquam
1037 1352 1162 1402 aries
1196 1353 1566 1402 conliderentur
1593 1354 1647 1401 in
1677 1357 1865 1416 portas,

165 1427 552 1477 claudendarum
577 1430 838 1490 portarum
859 1427 981 1475 haec
1003 1428 1270 1476 necessitas
1294 1428 1394 1476 fuit
1416 1431 1566 1491 atque
1581 1427 1663 1476 hic
1684 1431 1864 1487 metm,

163 1519 226 1551 ne
262 1503 444 1563 hostis,
495 1501 615 1549 dum
653 1500 891 1565 fugientis
939 1503 1255 1564 persequitur
1301 1501 1597 1551 obtinendae
1644 1502 1864 1552 civitatis

164 1591 339 1638 causa,
377 1576 586 1624 liberum
616 1576 856 1639 reperiret
892 1576 1192 1639 ingressum3
1233 1575 1438 1640 aequius
1477 1577 1607 1624 enim
1648 1576 1748 1625 fuit
1785 1593 1863 1626 ex-

164 1650 298 1700 cludi
337 1651 554 1713 aliquos‚
593 1650 835 1712 plurimos
867 1649 1070 1699 liberari
1101 1665 1214 1698 cum
1245 1650 1423 1713 patria.
1480 1666 1646 1712 caeca,
1685 1651 1865 1714 inquit,

163 1741 303 1789 parS,
342 1741 470 1788 quae
508 1740 608 1772 non
646 1724 839 1774 videret
876 1725 1072 1773 clausas
1103 1727 1273 1787 portas
1314 1726 1365 1773 et
1398 1724 1611 1773 aliorum
1648 1726 1702 1773 in
1740 1726 1863 1787 ipsis

163 1800 320 1863 portis
371 1798 590 1848 exitium.
665 1800 805 1859 ipsae
849 1798 908 1846 de
951 1799 1110 1846 muris
1154 1813 1342 1847 summo
1381 1800 1641 1847 certamine
1683 1802 1865 1847 matres

165 1873 426 1934 (monstrat
475 1887 614 1921 amor
661 1887 806 1921 verus
848 1874 1068 1933 patriae,
1118 1876 1174 1921 ut
1219 1873 1383 1921 videre
1434 1872 1719 1933 Camillam)
1770 1873 1864 1922 tela

163 1963 319 1996 manu
372 1947 588 2008 trepidae
634 1947 824 1995 iaciunt
872 1962 931 1995 ac
981 1948 1150 1995 robore
1204 1947 1327 1995 duro
1379 1948 1625 2008 stipitibus
1675 1948 1864 2007 ferrum

164 2022 462 2081 sudibusque
496 2021 754 2069 imitantur
784 2022 966 2069 obustis
991 2022 1284 2082 praecipites
1306 2022 1592 2082 primaeque
1620 2022 1747 2070 mori
1769 2036 1863 2083 pro
1881 2030 1966 2070 895

164 2097 415 2144 moenibus
461 2096 658 2144 ardent:
708 2095 972 2143 mulierum
1014 2095 1162 2144 turba
1208 2095 1262 2143 in
1309 2095 1560 2159 superiore
1610 2111 1865 2144 murorum

165 2173 307 2233 parte
346 2169 619 2218 constituta
656 2169 849 2233 gladios
882 2184 1007 2231 quos
1044 2169 1234 2218 ferebat
1271 2169 1454 2219 abiecit
1490 2169 1690 2219 imitata
1730 2170 1864 2218 duris

166 2246 217 2293 et
255 2243 447 2293 adustis
487 2243 743 2307 stipitibus
781 2244 984 2291 ferrum.
1061 2244 1326 2292 audaciam
1363 2260 1480 2294 vero
1518 2244 1621 2293 illis
1660 2244 1865 2293 dederat

165 2319 361 2382 patriae
395 2333 534 2366 amor
563 2318 782 2366 sincerus
815 2320 866 2366 et
895 2333 1040 2366 verus
1073 2320 1123 2366 et
1145 2318 1423 2382 exemplum
1450 2318 1702 2379 Camillae,
1735 2334 1862 2381 quae

269 2464 311 2503 =3
345 2464 388 2504 et
417 2459 532 2503 dwro
562 2459 644 2503 sub
669 2460 826 2503 Marte
857 2459 1096 2504 cadentum
1120 2458 1163 2502 V
1193 2460 1349 2504 aditus
1386 2461 1523 2517 inque
1560 2474 1692 2503 arma
1725 2473 1862 2504 ruen-

166 2524 262 2563 tum
293 2518 404 2562 libri
435 2517 717 2575 Vergiliani:
759 2519 914 2563 aditus
949 2520 1073 2562 certe
1104 2518 1221 2563 Don.
1254 2519 1426 2576 legisse
1455 2518 1642 2563 videtur
1671 2520 1864 2575 propter

161 2579 394 2634 prohiberi
423 2578 531 2622 sinu
554 2579 763 2634 patriae,
795 2577 875 2621 sed
909 2591 1013 2621 cum
1044 2577 1227 2635 reliqua
1258 2591 1443 2635 quoque
1474 2577 1674 2622 lectione
1698 2577 1863 2634 Vergi-

166 2637 296 2681 liana
326 2636 483 2681 nescio
513 2649 575 2679 an
597 2635 740 2680 verba
764 2637 1240 2683 occidi—debuerant
1262 2637 1414 2694 magis
1440 2638 1699 2694 congruant
1723 2651 1861 2693 quam

166 2709 272 2739 cum
314 2695 516 2740 lectione
558 2695 732 2740 codicis
772 2709 829 2740 ex
871 2701 941 2751 12,
968 2700 1056 2740 410
1100 2710 1205 2740 cum
1244 2710 1397 2740 errore
1435 2696 1629 2740 metrico
1670 2701 1711 2740 et
1748 2696 1862 2740 duro

168 2756 302 2811 (duro
333 2761 374 2800 et
405 2755 585 2799 emend.
611 2755 729 2810 edF)
754 2755 863 2798 huic
886 2754 988 2800 loco
1012 2755 1208 2809 inserta,
1234 2769 1378 2812 quare
1404 2769 1586 2799 crucem
1612 2755 1823 2811 apposui.
1853 2755 1858 2813 Ι

166 2828 303 2870 quam
326 2814 368 2858 V
399 2816 510 2871 quia
541 2814 612 2857 ed.
704 2819 732 2857 4
763 2815 860 2859 suis
882 2813 924 2857 V
952 2816 1051 2860 suis
1081 2821 1125 2860 et
1154 2815 1242 2859 ed.v
1313 2820 1365 2857 11
1393 2816 1766 2871 praecipitantur
1789 2814 1861 2858 ed.

168 2878 224 2917 16
255 2875 329 2918 hic
350 2873 393 2917 V
423 2875 466 2918 is
496 2873 567 2917 ed.
677 2877 732 2916 19
756 2874 1067 2931 plurimosque
1098 2874 1214 2918 edF.
1323 2878 1379 2917 28
1406 2875 1586 2929 patrios
1608 2873 1651 2916 V
1674 2875 1863 2930 patrius

168 2932 240 2976 ed.
270 2934 453 2988 patriae
482 2945 579 2976 nos.
616 2932 621 2990 Ι
661 2946 790 2978 amor
811 2932 854 2973 V
885 2947 1012 2978 amor
1043 2939 1086 2978 et
1116 2934 1187 2977 ed.
1224 2933 1229 2991 Ι
1264 2934 1454 2977 sinceris
1484 2937 1526 2977 et
1555 2934 1672 2978 veris
1695 2931 1737 2975 V
1767 2933 1862 2977 sin-

167 3005 317 3036 cerum
348 2997 391 3037 et
419 3006 575 3037 verum
606 2991 678 3035 ed.
725 2991 730 3050 Ι
780 2997 823 3036 et
852 2994 1103 3048 exemplum
1128 2991 1170 3036 V
1201 2993 1452 3049 exemplum
1484 2992 1555 3036 ed.
