2050 3226
256 183 369 238 454
728 182 962 228 DONATI
991 179 1279 228 INTERPR.'
1297 183 1476 229 VERG.

256 323 466 372 Graecia
518 318 781 387 plangeret
842 323 974 387 quod
1034 317 1245 387 ingemit
1297 323 1460 372 Troia.
1537 323 1763 385 quicquid
1814 318 1949 384 apud
2007 376 2013 381 ,

253 398 411 446 durae
441 401 679 446 cessatum
703 401 771 446 est
791 398 983 445 moenia
1005 397 1201 454 Troiae,
1233 397 1458 446 Hectoris
1479 395 1766 457 Aeneaeque
1794 413 1949 447 manu
2008 453 2010 458 ,

153 480 239 520 290
255 472 458 520 victoria
499 471 711 520 Graium
754 472 909 520 haesit
953 468 997 518 et
1031 471 1085 518 in
1124 471 1361 519 decimum
1404 472 1607 533 vestigia
1642 472 1825 520 rettulit
1860 487 1949 520 an·

252 561 399 594 num:
438 562 468 594 a
497 545 736 608 temporis
766 545 960 593 ratione
992 545 1205 607 sumpsit
1239 545 1547 608 probationis
1579 541 1949 610 argumentum3

257 619 331 668 ait
369 620 502 668 enim
538 622 599 667 ut
635 620 689 667 in
737 635 923 667 annum
961 618 1205 667 decimum
1244 618 1522 668 differretur
1544 622 1716 668 nostra
1739 619 1950 669 victoria

255 693 454 742 Aeneae
492 694 651 742 virtus
698 695 748 742 et
785 693 1013 741 Hectoris
1052 693 1185 742 fecit.
1262 695 1402 742 ambo
1441 695 1644 751 animiS,
1695 695 1836 742 ambo
1873 694 1950 742 in-

255 769 416 829 siqnes
447 768 815 828 praestantibus
854 768 1028 824 armiS,
1075 768 1152 815 hic
1188 768 1369 828 pietate
1406 769 1572 828 prior:
1614 767 1668 816 in
1715 767 1948 816 exercita·

253 842 390 890 tione
423 856 675 889 armorum
706 843 755 889 et
778 841 979 890 virtutis
1007 841 1182 890 robore
1205 841 1398 890 Aeneas
1424 844 1573 904 atque
1595 841 1782 890 Hector
1803 857 1949 905 pares

256 916 481 977 fuerunt,
513 916 599 964 sed
621 917 816 964 Aeneas
840 916 979 979 prior
1008 915 1208 978 pietate.
1258 915 1473 964 multum
1496 916 1725 965 laudavit
1746 916 1949 964 Aenean

257 988 526 1038 adserendo
567 1005 680 1037 eum
718 990 972 1037 meliorem
1012 1005 1140 1050 esse,
1191 990 1326 1052 quod
1363 990 1507 1038 fortis
1555 992 1684 1039 esset
1722 992 1772 1039 et
1808 1003 1999 1052 prae->1

256 1065 394 1112 stans
440 1064 649 1126 pietate,
700 1063 936 1126 quoniam
985 1065 1251 1126 utrumque
1295 1065 1349 1111 in
1398 1079 1500 1112 uno
1548 1064 1746 1112 homine
1795 1065 1951 1112 fuisse

256 1138 379 1187 satis
419 1137 621 1186 difficile
660 1140 755 1199 est,
804 1138 936 1200 quod
984 1139 1196 1186 alterum
1240 1138 1380 1186 venit
1423 1155 1482 1185 ex
1528 1137 1808 1187 substantia
1847 1153 1950 1187 cor·
2022 1174 2025 1210 ἰ

255 1211 413 1275 poriS,
446 1212 657 1260 alterum
688 1229 746 1260 ex
776 1212 931 1260 animi
953 1211 1172 1260 lenitate.
1223 1211 1367 1260 fortis
1400 1214 1495 1274 est,
1525 1211 1712 1275 inquit,
1743 1212 1951 1274 AeneaS,

257 1286 343 1335 sed
382 1285 480 1334 cito
518 1286 736 1334 flectitur
771 1287 973 1348 pietate.
1050 1288 1315 1349 utrumque
1355 1288 1406 1334 et
1441 1286 1552 1334 ideo
1593 1282 1750 1348 dedit,
1788 1289 1847 1335 ut
1883 1286 1949 1334 le-

257 1360 364 1425 gati
411 1362 461 1408 et
499 1359 632 1423 quod
679 1362 955 1409 metuerent
997 1360 1238 1409 haberent
1283 1363 1334 1408 et
1380 1361 1513 1424 quod
1559 1362 1815 1424 sperarent
1859 1375 1950 1423 pro
1981 1372 2000 1405 1

257 1434 514 1483 commodo
554 1449 657 1483 suo.
732 1437 937 1497 possent
975 1435 1159 1498 quippe
1199 1435 1358 1483 dicere
1398 1434 1539 1498 quid,
1591 1434 1634 1483 si
1670 1451 1766 1484 non
1808 1433 1950 1483 nobis

256 1509 470 1572 ignoscit
507 1524 597 1556 nec
636 1506 860 1557 concedit
888 1507 1095 1571 pacem?
1143 1509 1327 1557 virtute
1365 1509 1523 1571 igitur
1560 1508 1731 1556 ambos
1771 1524 1952 1571 aequa-

256 1584 353 1644 vit,
400 1582 602 1631 Aenean
641 1598 779 1644 vern,
826 1585 885 1631 ut
923 1582 1109 1631 dictum
1149 1584 1244 1644 est,
1296 1582 1538 1644 praetulit
1574 1584 1783 1645 pietate,
1830 1583 1952 1644 quia

256 1656 377 1705 haec
415 1657 514 1705 fuit
551 1656 820 1705 secundum
850 1656 1104 1705 Diomedis
1144 1656 1405 1705 consilium
1439 1656 1621 1720 legatis
1659 1652 1950 1705 necessaria.

256 1731 461 1779 Hectori
498 1732 704 1795 negavit
732 1731 861 1779 hanc
898 1732 1091 1793 partem
1125 1731 1368 1793 profuisse
1400 1725 1474 1797 (1,
1494 1724 1587 1798 99)
1620 1746 1834 1792 „saevus
1864 1729 1952 1778 ubi

257 1805 504 1853 Aeacidae
542 1805 641 1853 telo
672 1805 802 1853 iacet
831 1803 1076 1866 Hector“;
1113 1804 1218 1853 illic
1259 1805 1442 1867 quippe
1481 1820 1684 1853 saevum
1721 1820 1821 1852 non
1852 1806 1950 1853 for·
2021 1849 2024 1869 ,

257 1882 358 1927 tem
398 1878 546 1940 dixit,
583 1881 641 1927 ut
679 1879 768 1927 alii
790 1879 989 1939 volunt,
1021 1878 1106 1927 sed
1138 1879 1267 1926 nulli
1297 1878 1430 1926 hosti
1462 1881 1766 1942 parcentem,
1806 1879 1952 1942 quasi
2020 1878 2024 1925 ὲ

216 1983 225 1991 „
258 1954 300 2000 si
339 1953 524 2001 diceret
562 1954 605 2002 si
635 1953 821 2001 Hector
859 1954 989 2002 esset
1025 1952 1297 2017 rogandus,
1335 1968 1434 2000 non
1472 1953 1573 2001 tale
1612 1952 1752 2002 vobis
1793 1953 1949 2001 consi·

257 2026 381 2074 lium
434 2027 623 2088 darem,
679 2028 796 2090 quia
842 2042 1018 2076 saevus
1064 2028 1227 2075 fuerat
1275 2026 1576 2091 perindeque
1621 2026 1761 2076 vobis
1808 2029 1951 2075 orata

257 2102 510 2163 praestare
542 2117 641 2148 non
672 2104 851 2164 posset.
904 2100 1155 2149 concludit
1178 2100 1550 2164 persuasionem
1579 2116 1721 2149 suam
1744 2099 1961 2150 dicendo¹
1980 2113 2000 2147 2

259 2178 425 2222 coeant
461 2175 515 2221 in
543 2175 741 2234 foedera
772 2177 987 2232 dextrae,
1029 2190 1126 2236 qua
1157 2176 1316 2231 datur,
1358 2178 1435 2223 ast
1469 2176 1622 2223 armis
1660 2178 1952 2223 concurrant

260 2263 402 2297 arma
452 2252 632 2296 cavete:
687 2249 931 2311 quaerite,
981 2250 1165 2311 inquit,
1217 2249 1611 2312 quibuscumque
1661 2248 1853 2296 artibus
1901 2250 1951 2296 et

257 2322 487 2370 remediis
527 2338 720 2384 pacem,
759 2325 915 2372 vitate
954 2324 1229 2385 periculum
1266 2322 1398 2371 belli.
1460 2322 1624 2371 danda
1654 2322 1856 2370 fuerunt
1887 2321 1948 2369 ob

257 2397 643 2459 inpetrationem
680 2396 815 2457 pacis
855 2397 1077 2459 praemia
1127 2399 1176 2445 et
1221 2412 1389 2459 preces
1427 2412 1539 2445 cum
1588 2397 1722 2444 omni
1760 2396 1948 2459 suppli-

260 2471 451 2519 catione
491 2470 791 2531 fundendae,
844 2470 954 2519 ideo
997 2470 1122 2518 dixit
1168 2487 1268 2533 qua
1318 2470 1491 2532 datur3
1547 2486 1661 2518 nam
1702 2471 1759 2518 et
1797 2482 1950 2532 supra

260 2544 333 2592 ait
371 2559 614 2606 „munera
653 2559 781 2605 quae
820 2544 995 2606 patriis
1042 2544 1104 2593 ad
1150 2562 1227 2592 me
1266 2544 1478 2607 portatis
1527 2543 1588 2591 ab
1633 2543 1730 2591 oris
1770 2544 1948 2591 vertite

379 2704 404 2743 3
436 2701 591 2744 retulit
613 2698 669 2742 V.
763 2702 817 2741 10
842 2699 962 2755 quod
985 2698 1027 2741 V
1050 2714 1185 2755 quam
1210 2700 1280 2744 ed.
1319 2700 1322 2758 Ι
1359 2704 1468 2744 esset
1491 2698 1532 2742 V
1557 2698 1627 2742 ed.
1655 2704 1764 2743 esset
1788 2704 1829 2743 et
1851 2712 1945 2742 nos.
2020 2707 2021 2743 1

262 2764 313 2802 11
348 2760 563 2814 quoniam
586 2758 630 2802 V
659 2771 760 2802 cum
792 2758 862 2801 ed.
987 2763 1041 2801 14
1074 2764 1115 2802 et
1144 2759 1246 2804 ideo
1269 2758 1311 2801 V
1342 2764 1384 2803 et
1414 2772 1501 2802 om.
1534 2758 1603 2801 ed.
1736 2763 1790 2802 16
1830 2758 1949 2814 quod
2020 2793 2021 2796 η

259 2820 300 2862 si
324 2817 364 2859 V
396 2818 507 2874 quid
536 2819 577 2862 si
608 2831 720 2861 corr.
747 2817 818 2860 ed.
921 2821 972 2860 17
1006 2819 1145 2862 amici
1167 2817 1208 2859 V
1238 2819 1385 2862 animi
1416 2817 1486 2860 ed.
1519 2817 1673 2861 ambos
1703 2831 1807 2871 nos,
1840 2830 1947 2860 nam

259 2877 377 2919 Don.
411 2890 552 2932 supra
583 2877 802 2920 virtutem
836 2875 896 2918 ad
929 2889 1093 2930 corpus
1126 2877 1279 2920 refert.
1372 2879 1426 2919 18
1451 2877 1646 2931 protulit
1669 2875 1710 2919 V
1735 2889 1847 2919 corr.
1875 2875 1945 2919 ed.

262 2940 314 2978 21
348 2936 446 2979 illic
467 2935 510 2979 V
540 2937 671 2979 illum
703 2935 774 2979 ed.
868 2939 922 2977 22
955 2937 1088 2989 quasi
1116 2937 1158 2979 si
1181 2935 1223 2978 V
1253 2937 1294 2980 si
1326 2949 1413 2979 om.
1440 2935 1509 2978 ed.
1604 2939 1660 2978 24
1691 2940 1851 2992 royata
1875 2934 1945 2978 ed.

261 2999 315 3037 27
348 2996 601 3039 armatibus
624 2994 666 3038 V
697 2994 873 3039 artibus
903 3007 986 3036 nos
1012 2995 1164 3049 pactis
1195 2994 1270 3038 ed.

2020 1934 2023 1972 1

2019 2230 2023 2259 1

2019 2267 2023 2295 1

2019 2307 2023 2360 ἰ
