2050 3226
784 170 1090 215 AENEmos
1114 170 1200 215 vn
1767 173 1836 227 75

145 312 269 371 forte
320 311 528 359 seewndo
587 312 815 371 deflueret
864 312 1070 371 ripaque
1127 313 1289 358 aestus
1341 311 1585 358 viridante
1638 311 1839 359 levaret:
1854 320 1941 360 495

145 385 276 434 hunc
315 400 514 434 cervum
553 401 612 434 ex
647 401 783 434 more
824 385 976 448 paulo
1021 385 1222 448 longius
1261 400 1292 432 a
1330 384 1518 432 domini
1563 384 1837 447 parietibus

145 461 393 508 errantem
441 459 644 508 rabidae
695 474 840 508 canes
893 459 991 506 Iuli
1043 458 1273 507 venantis
1330 461 1703 507 commoverunt
1758 459 1838 507 vel

144 535 327 581 natura
357 534 437 583 vel
468 533 683 582 factione
718 533 899 582 Furiae
929 533 1186 594 inmissa03
1219 548 1369 595 supra
1401 534 1534 580 enim
1565 532 1691 580 dixit
1719 533 1838 594 „hie

93 621 113 654 5
143 607 360 656 subitam
398 608 601 657 canibus
631 608 822 656 rabiem
855 606 1062 670 Cocytia
1098 607 1241 671 virgo
1281 606 1435 655 obicit
1463 610 1514 655 et
1550 608 1670 655 noto
1701 608 1836 655 naris

143 683 391 746 contingit
429 682 600 744 odore,
638 685 699 731 ut
729 698 928 731 cervum
959 681 1187 730 ardentes
1220 679 1477 745 agerent“.
1541 682 1636 729 hoc
1666 681 1836 744 igitur,

141 757 217 803 ut·
239 756 428 804 dictum
466 758 563 818 est,
608 756 858 805 faciebant
903 771 1071 816 cane8‚
1110 771 1222 804 cum
1261 756 1326 803 ad
1364 756 1467 804 vim
1505 757 1717 804 naturae
1757 771 1835 804 ac-

142 831 371 879 cessisset
408 833 459 878 et
495 831 658 880 rabies
688 831 896 879 inmissa
926 847 1015 893 per
1049 830 1274 891 Furiam,
1313 832 1687 878 commoverunt
1724 846 1836 878 eum

140 904 194 951 in
230 905 344 967 ripa
381 905 600 954 fluminis
641 905 955 954 oberrantem
993 904 1195 953 levandi
1233 907 1398 953 aestus
1438 919 1612 966 causa,
1649 904 1836 952 fluebat

69 993 112 1026 10
142 979 328 1041 quippe
372 979 504 1027 idem
549 980 729 1028 fluvius
776 978 1002 1028 secundis
1049 978 1273 1042 lapsibus
1313 981 1363 1027 et
1399 978 1596 1042 placido
1637 979 1835 1043 agmine

141 1056 191 1101 et
230 1053 607 1102 delectationem
645 1054 916 1117 praebebat
954 1054 1159 1116 aspectu
1197 1055 1247 1101 et
1285 1053 1453 1116 aprico
1484 1053 1669 1117 frigore
1700 1053 1834 1102 leva·

139 1127 229 1175 bat
266 1128 544 1176 aestuantis
576 1129 825 1189 ardorem,
863 1126 1206 1190 requiescendi
1244 1130 1410 1175 autem
1446 1127 1717 1190 praebebat
1755 1142 1833 1175 oc-

140 1202 391 1250 casionem
439 1204 489 1250 et
536 1203 698 1265 ipsam
746 1204 969 1264 requiem
1014 1202 1362 1266 gratiosiorem
1407 1202 1625 1250 faciebat
1668 1201 1833 1250 herbis

139 1275 413 1324 virentibus
454 1276 667 1325 adfatim
703 1276 1014 1325 ministratis.
1077 1275 1336 1324 ordinatur
1366 1291 1539 1324 sensus
1572 1275 1663 1324 sic:
1702 1276 1834 1324 hunc

67 1363 109 1395 15
139 1350 313 1412 procul
358 1353 606 1399 errantem
650 1350 854 1399 rabidae
901 1366 1046 1398 canes
1092 1351 1321 1398 venantis
1361 1351 1462 1398 Iuli
1512 1365 1832 1410 commovere,

140 1423 352 1472 secundo
412 1424 564 1473 fluvio
618 1441 730 1473 cum
782 1425 1019 1473 deflueret
1084 1425 1292 1488 ripaque
1362 1427 1526 1473 aestus
1584 1425 1833 1473 viridante

138 1498 340 1546 levaret.
403 1498 536 1547 dicta
568 1502 644 1548 est
675 1515 826 1548 causa
858 1516 959 1561 qua
987 1499 1300 1548 invitabatur
1331 1514 1502 1548 cervus
1534 1502 1594 1547 ut
1623 1499 1833 1547 fiuvium

137 1575 350 1634 peteret:
391 1573 637 1622 defluebat
666 1574 815 1635 lenis,
852 1574 946 1621 hoc
985 1575 1061 1622 est
1090 1589 1190 1621 non
1219 1573 1396 1622 habuit
1426 1574 1664 1636 strepitus
1696 1574 1832 1622 odio-

138 1661 218 1694 sos
250 1647 517 1696 dormienti
547 1650 598 1696 et
628 1648 807 1696 habuit
837 1664 896 1695 ex
926 1646 1218 1710 placiditate
1250 1648 1529 1712 gratiosum
1561 1651 1830 1710 aspectum,

63 1737 107 1770 πο
138 1723 181 1770 si
211 1721 339 1770 forte
363 1724 493 1770 esset
522 1722 706 1771 iacenti
736 1722 1063 1786 vigilandum,
1096 1724 1146 1769 et
1170 1738 1295 1771 aura
1318 1738 1375 1770 ex
1399 1723 1544 1770 undis
1577 1722 1829 1770 arborum·

138 1811 233 1857 que
258 1798 507 1858 opacitate
532 1797 740 1845 collecta
765 1799 1027 1861 gratiaque
1051 1798 1275 1859 riparum
1298 1797 1624 1846 viridantium
1646 1796 1829 1844 reficie-

135 1868 224 1917 bat
273 1872 499 1932 exceptos
545 1873 596 1918 et
640 1872 849 1919 exclusis
897 1870 1114 1920 aestibus
1162 1871 1470 1920 sublevabat.
1546 1872 1667 1920 haec
1714 1875 1831 1920 sunt

137 1959 265 2004 quae
306 1944 622 2006 aliquantum
667 1948 969 1995 vocaverant
1007 1961 1229 2007 cervum,
1277 1962 1424 2008 quem
1461 1947 1690 1994 venantis
1729 1946 1830 1994 Iuli

137 2021 506 2067 commoverant
536 2034 680 2069 canes
712 2023 972 2068 errantem.
1034 2022 1084 2068 et
1114 2020 1342 2068 venantis
1376 2020 1509 2082 quod
1540 2020 1686 2081 dixit,
1725 2021 1829 2068 illic

60 2107 105 2140 25
137 2092 401 2140 constituit
447 2109 643 2141 omnem
688 2094 1023 2143 defensionem
1061 2095 1261 2142 Ascani.
1331 2095 1375 2142 si
1414 2095 1546 2142 enim
1585 2110 1733 2157 super
1771 2111 1827 2142 eo

136 2165 271 2227 apud
320 2166 578 2229 prudentis
629 2169 819 2231 ageret,
870 2169 1075 2216 diceret:
1131 2171 1374 2232 agrestem
1426 2170 1625 2233 putavi,
1675 2171 1828 2217 nescii

133 2243 450 2289 mansuetum
487 2243 662 2303 utpote
695 2244 834 2290 extra
864 2243 1036 2291 domos
1068 2243 1330 2306 degentem
1360 2258 1450 2291 nec
1487 2243 1646 2305 ipsius
1678 2258 1827 2291 causa

134 2316 371 2362 venatum
408 2317 648 2377 processi,
689 2316 774 2364 sed
812 2316 1030 2364 ferarum
1070 2317 1424 2379 capiendarum
1463 2317 1651 2378 studio,
1699 2334 1825 2380 quae

133 2390 185 2434 in
224 2390 361 2437 silvis
402 2391 452 2437 et
489 2391 541 2437 in
572 2390 694 2452 ripis
732 2390 993 2439 fluminum
1030 2393 1238 2454 reperiri
1268 2393 1641 2440 consueverunt.
1705 2393 1827 2439 haec

60 2476 104 2509 30
135 2463 256 2524 quia
293 2465 423 2511 iuste
466 2464 564 2512 dici
609 2467 879 2526 potuerunt
924 2465 1057 2527 apud
1096 2481 1279 2527 aequos
1324 2465 1535 2527 iudices,
1586 2466 1704 2513 data
1751 2468 1826 2513 est

134 2551 284 2598 opera
314 2537 482 2586 labore
513 2538 718 2600 Furiae,
752 2541 812 2587 ut
842 2539 968 2588 tales
998 2542 1200 2602 repente
1231 2539 1284 2587 in
1315 2542 1442 2587 iram
1474 2542 1826 2603 consurgerent

134 2610 310 2672 quibus
361 2627 520 2675 aequa
568 2615 696 2661 ratio
746 2612 887 2661 reddi
934 2629 1034 2662 non
1079 2615 1267 2676 posset,
1318 2616 1592 2678 agrestium
1638 2614 1826 2662 scilicet

132 2753 311 2808 recepit
348 2754 435 2807 ed.,
475 2753 556 2797 sed
595 2753 832 2797 Donatum
873 2755 1064 2799 rabidae
1107 2754 1276 2812 legisse
1317 2755 1644 2810 interpretatio
1687 2754 1823 2798 docet

132 2825 218 2855 nec
247 2814 316 2856 vel
345 2818 519 2857 ‘natura
549 2812 727 2866 obstat,
754 2813 975 2868 quoniam
999 2828 1039 2857 v.
1058 2818 1144 2857 479
1168 2815 1428 2858 naturalem
1455 2828 1620 2856 canum
1644 2812 1822 2857 rabiem

133 2871 313 2914 statuit.
399 2875 534 2927 9sqq.
566 2873 776 2928 deflueret
806 2872 920 2915 Don.
953 2872 1329 2929 impersonaliter
1359 2871 1593 2927 accepisse
1623 2873 1821 2918 videtur.

135 2933 189 2971 15
227 2935 443 2975 venantes
483 2931 606 2974 infra
645 2933 731 2975 -tis
760 2930 814 2974 V.
938 2936 993 2975 23
1032 2938 1305 2977 vocaverant
1334 2932 1376 2974 V
1410 2933 1719 2976 invitaverant
1749 2932 1821 2976 ed.

135 2991 190 3031 26
221 2995 424 3045 ayrestae
453 2988 494 3031 V
526 3004 640 3033 corr.
673 2991 744 3034 ed.
