2050 3226
36 960 81 992 10

38 1329 78 1362 25

752 137 1056 182 AENEIDos
1087 137 1173 181 ΧΠ
1700 141 1805 195 581

116 293 238 326 sona
277 279 407 326 esset
444 277 675 341 adposita
714 293 840 342 quae
870 280 1076 341 propter
1109 279 1302 342 generis
1343 278 1721 341 amplitudinem
1761 283 1811 329 et

114 351 317 400 virtutis
347 367 462 401 suae
492 352 727 400 meritum
750 354 920 414 posset
943 352 1125 413 audiri,
1155 357 1325 416 posset
1347 355 1515 400 tamen
1547 355 1811 417 contemni,

114 425 158 474 si
204 425 268 474 ad
313 425 575 475 verborum
623 427 862 474 iniuriam
906 427 1143 475 tenderet.
1219 427 1318 475 fuit
1366 443 1482 491 ergo
1531 430 1811 490 temperata

114 500 266 549 dictio
297 501 595 562 necessaria,
626 502 684 548 ut
714 501 903 549 factum
934 503 1031 563 est3
1063 501 1263 549 difficile
1297 500 1479 564 quippe
1513 504 1588 550 est
1618 517 1648 549 a
1679 501 1809 551 bono

114 576 165 622 et
188 574 452 623 securitate
476 574 610 624 vitae
633 574 889 623 transduci
906 591 1223 638 quemquam,
1247 577 1308 624 ut
1333 575 1611 624 evidentem
1635 576 1811 625 subeat

110 650 335 697 mortem.
390 650 444 697 at
472 649 550 697 his
583 650 746 697 visum
778 651 853 697 est
883 649 1028 697 facile
1059 649 1349 712 persuaderi
1374 665 1532 712 posse,
1571 651 1810 712 quoniam

109 721 233 784 iam,
272 722 390 771 lieet
420 722 582 784 dubii,
619 722 672 770 in
704 726 952 771 certamen
993 723 1213 772 animum
1245 724 1499 772 duxerant.
1553 724 1670 772 huic
1700 725 1809 773 loco

111 796 358 845 consentit
387 797 686 845 Terentiana
717 797 964 846 sententia
995 792 1172 864 (Andr.
1209 801 1255 859 1,
1281 800 1330 860 5,
1356 792 1450 864 31)
1484 814 1585 861 qua
1620 799 1810 847 dictum

111 872 187 919 est
231 871 401 934 „dum
428 871 481 919 in
522 872 672 919 dubio
719 873 794 920 est
840 873 1060 934 animus,
1109 873 1260 935 paulo
1306 875 1557 920 momento
1595 873 1691 922 huc
1729 874 1810 922 vel

109 945 230 993 illuc
260 944 572 1008 inpellitur“.
611 946 790 994 habuit
821 962 938 1011 ergo
962 947 1092 994 hano
1123 948 1430 995 occasionem
1454 948 1665 996 Iuturna
1696 963 1809 996 con-

109 1035 254 1068 versa
291 1021 343 1067 in
382 1019 623 1068 Gamertis
655 1021 888 1082 formam,
928 1022 984 1068 ut
1006 1021 1226 1083 primum
1257 1037 1308 1069 se
1340 1023 1580 1070 insereret
1610 1021 1811 1084 mediis3

111 1093 198 1156 qui
229 1095 361 1142 enim
390 1095 442 1142 in
474 1094 637 1142 medio
670 1096 868 1158 agmine
898 1095 1124 1157 loquitur
1153 1095 1299 1143 facile
1331 1098 1498 1158 potest
1538 1113 1567 1144 a
1598 1097 1806 1144 cucum-

109 1167 236 1216 fusis
259 1167 439 1230 audiri,
464 1169 701 1230 quoniam
724 1168 887 1217 medio
911 1169 1063 1218 vicini
1086 1170 1204 1217 sunt
1227 1185 1408 1218 omnes.
1448 1170 1628 1233 incipit
1650 1170 1811 1234 igitur

109 1242 204 1290 sic:
252 1258 351 1290 non
390 1243 566 1305 pudet3
615 1243 709 1292 hoc
756 1243 1012 1308 arguentis
1059 1246 1154 1305 est,
1203 1244 1336 1306 quod
1374 1260 1490 1292 vero
1530 1244 1725 1293 addidit
1764 1261 1810 1306 o,

107 1316 378 1379 hortantis,
419 1317 551 1379 quod
589 1317 738 1366 tertio
779 1317 906 1365 dixit
942 1318 1142 1380 Rutuli,
1183 1317 1450 1367 animantis
1491 1319 1718 1367 effectum
1758 1322 1811 1367 et

107 1390 348 1439 indicium
377 1391 630 1440 laudantis
660 1391 887 1454 inplevit.
943 1394 992 1440 et
1014 1394 1176 1454 turpe,
1199 1392 1379 1455 inquit,
1404 1395 1453 1441 et
1475 1394 1804 1456 perniciosum

106 1465 250 1514 nobis
275 1467 364 1527 est,
396 1482 424 1514 o
448 1466 641 1527 Rutuli,
670 1483 825 1514 unum
854 1482 1079 1530 pugnare
1110 1482 1199 1529 pro
1231 1467 1420 1526 multis,
1452 1467 1615 1516 aliena
1641 1470 1808 1516 autem

109 1554 200 1602 ope
247 1539 445 1588 defendi
490 1542 658 1589 tantos
706 1555 764 1588 ac
801 1541 919 1588 talis
967 1540 1172 1603 pudoris
1220 1557 1319 1589 non
1358 1541 1561 1590 ferenda
1597 1543 1808 1603 iactura,

62 1664 66 1669 ,
108 1614 328 1663 stultitia
358 1629 474 1662 vero
507 1614 776 1678 singularis
807 1615 860 1662 in
890 1616 1037 1662 unius
1070 1615 1236 1663 anffla
1269 1631 1421 1678 quam
1451 1617 1503 1663 in
1534 1617 1805 1664 multorum

108 1703 247 1750 spem
286 1688 543 1737 conlocare
588 1688 832 1738 vincendi.
886 1689 1051 1738 subire
1097 1691 1267 1738 autem
1311 1690 1414 1738 tale
1452 1690 1661 1738 foederis
1706 1691 1807 1738 fac-

106 1764 238 1824 tum,
285 1765 344 1811 ut
390 1778 504 1811 cum
549 1765 670 1812 nota
715 1763 981 1813 vivendum
1027 1762 1114 1825 sit,
1161 1765 1205 1812 si
1250 1765 1549 1813 valuerimus
1596 1765 1807 1825 vincere,

108 1838 199 1884 aut
243 1837 558 1886 serviendum
603 1838 671 1886 sit
711 1840 974 1900 perpetuo,
1025 1839 1068 1886 si
1113 1837 1354 1887 fuerimus
1406 1840 1648 1902 superati,
1699 1855 1807 1903 ego,

108 1910 260 1971 cives,
298 1910 509 1974 probare
547 1926 646 1959 non
683 1928 900 1974 possum.
956 1927 1055 1974 quo
1095 1913 1227 1960 enim
1266 1929 1348 1961 ore
1386 1913 1465 1961 vel
1504 1930 1606 1976 qua
1642 1915 1807 1962 mente

109 2001 268 2048 quave
307 1985 485 2033 infami
521 1986 767 2048 patientia
813 1986 1011 2035 sedeam
1057 1986 1109 2034 in
1158 1986 1320 2036 alieno
1361 1987 1627 2036 certamine
1671 2003 1805 2051 spec-

105 2061 219 2108 tans
258 2060 532 2123 periculum
570 2059 769 2108 meum?
829 2061 1020 2109 faciant
1056 2061 1178 2109 haec
1222 2062 1309 2124 qui
1355 2061 1451 2110 sibi
1498 2062 1668 2111 adesse
1706 2078 1806 2110 non

106 2135 328 2196 possunt.
397 2134 588 2183 faciant
638 2134 838 2198 inpares
891 2150 1096 2183 numero
1148 2137 1236 2183 aut
1287 2136 1473 2184 virtute
1527 2136 1805 2186 dissimiles

108 2207 229 2270 quid
269 2209 554 2271 quaerimus
587 2209 749 2257 aliena
789 2225 880 2271 ope
912 2208 1131 2270 defendi,
1172 2225 1283 2258 cum
1320 2210 1373 2258 id
1405 2211 1538 2272 quod
1570 2227 1627 2258 ex
1666 2211 1803 2259 illius

107 2297 361 2345 speramus
387 2282 573 2331 auxilio
598 2283 798 2331 facilius
821 2283 981 2345 possit
996 2283 1207 2346 propriis
1231 2284 1485 2334 laboribus
1510 2284 1803 2347 provenire?

107 2356 414 2405 considerate
440 2357 618 2418 quanti
641 2358 751 2406 sitis
777 2361 826 2405 et
851 2358 1036 2419 quales.
1068 2357 1366 2407 Rutulorum
1392 2375 1569 2407 nomen
1595 2361 1644 2407 et
1668 2359 1804 2406 facta

107 2433 297 2494 quanta
327 2431 510 2492 ubique
542 2431 909 2493 praedicatione
941 2431 1232 2480 laudantur!
1287 2433 1412 2481 nihil
1451 2435 1641 2482 interea
1673 2450 1698 2481 e
1730 2433 1802 2480 di·

227 2547 252 2585 2
285 2543 542 2598 contempni
564 2542 606 2585 V
636 2543 847 2588 contendi
877 2542 961 2587 ΗΟ
987 2543 1057 2587 ed.
1145 2549 1170 2588 5
1195 2550 1238 2589 et
1260 2545 1503 2589 evidentem
1527 2544 1568 2587 V
1592 2550 1645 2588 ut
1668 2559 1702 2588 e.
1729 2544 1801 2588 ed.

106 2606 132 2644 6
166 2602 381 2657 quoniam
410 2600 447 2644 V
477 2615 578 2646 eum
610 2602 680 2646 ed.
776 2606 799 2645 7
826 2603 1055 2648 duxerant
1076 2603 1118 2647 V
1141 2605 1435 2648 direxerant?
1468 2605 1704 2648 duxissent
1728 2603 1799 2647 ed.

107 2664 134 2703 8
164 2662 448 2705 terrentiana
471 2659 526 2705 V.
651 2665 705 2704 10
736 2662 1034 2717 impellwntur
1057 2662 1111 2706 V.
1236 2668 1290 2706 13
1323 2665 1538 2719 quoniam
1553 2667 1728 2706 —sunt
1760 2662 1801 2705 V

105 2732 271 2764 eum—
288 2721 384 2765 sint
414 2719 484 2764 ed.
581 2724 635 2763 15
668 2721 880 2774 affectum
907 2721 1023 2765 edF.
1119 2726 1171 2765 17
1197 2736 1286 2778 pro
1317 2723 1472 2766 multis
1495 2721 1538 2765 V
1561 2723 1612 2765 in
1635 2722 1803 2766 multos

106 2778 177 2822 ed.
223 2778 228 2836 Ι
273 2780 471 2823 alienam
495 2778 537 2822 V
562 2792 675 2823 corr.
702 2779 772 2823 ed.
889 2784 943 2823 18
973 2785 1124 2826 tantos
1147 2781 1189 2824 V
1221 2783 1341 2825 tanti
1372 2781 1443 2824 ed.
1561 2785 1613 2823 19
1647 2782 1802 2825 animo

106 2837 177 2881 ed.
215 2837 220 2895 Ι
255 2852 391 2894 quam
414 2838 453 2879 V
479 2839 639 2894 potius
669 2852 707 2894 q.
743 2838 814 2882 ed.
918 2843 974 2882 20
1006 2841 1220 2885 collocari
1251 2840 1321 2883 ed.
1432 2845 1493 2890 29-
1520 2854 1634 2895 quae
1657 2840 1698 2882 V
1723 2840 1803 2895 qui

106 2896 177 2940 ed.
215 2899 378 2952 quanti
411 2911 506 2941 nos.
560 2898 564 2955 Ι
622 2899 777 2954 quales
799 2897 841 2940 V
873 2899 1006 2954 quale
1037 2899 1140 2942 edF
1182 2913 1285 2942 cum
1327 2898 1446 2942 falsa
1486 2899 1800 2942 distinctione.

88 2965 91 2967 ’
107 2959 163 2998 30
195 2956 441 3001 laudentur
472 2956 541 3000 ed.
