2050 3226
244 155 354 209 450
721 152 953 198 DONATI
981 152 1050 198 IN
1050 152 1264 196 TERPR.
1289 151 1468 197 VERG.

242 309 437 355 narum,
459 293 544 357 qui
556 293 861 342 Achivorum
883 291 1100 341 nobilior
1122 291 1299 341 ductor
1322 307 1426 341 esse
1450 293 1754 354 commeruit,
1771 292 1936 346 uxoris
1977 341 1981 347 ,

243 368 461 416 nefariae
491 383 643 416 manu
673 366 727 414 in
757 368 867 429 ipso
899 366 1072 414 domus
1105 381 1225 414 suae
1255 365 1416 428 primo
1439 366 1627 428 limine,
1659 366 1794 429 quod
1822 369 1962 429 post·

244 442 506 490 decennale
548 441 734 489 bellum
778 442 939 489 victor
986 439 1182 503 ingredi
1227 441 1476 502 coeperat,
1521 440 1794 505 incongruo
1841 441 1936 494 fine

242 515 376 566 vitae
414 516 716 578 interceptus
755 517 883 563 esset
921 515 971 561 et
1009 514 1097 576 qui
1134 514 1371 563 evasisset
1406 515 1606 564 virtutis
1645 515 1822 563 merito
1860 516 1939 564 tot
1970 575 1975 582 Ι

241 591 483 652 tantaque
513 589 734 651 pericula
763 588 878 636 inde
916 589 1127 636 nanctus
1167 590 1294 637 esset
1322 588 1580 637 interitum
1609 588 1741 637 unde
1772 604 1936 652 spera·
1991 603 2015 641 ⁵2

241 663 330 712 bat
377 663 648 723 adfectum,
694 663 752 710 ut
796 661 1024 710 interiret
1064 661 1288 710 mulieris
1325 663 1433 711 ictu
1477 663 1563 726 qui
1609 663 1938 711 Troianorum

241 753 418 786 manus
459 739 698 786 evaserat.
752 737 897 784 tanta
934 735 1033 784 fuit
1070 735 1146 784 vis
1186 735 1382 784 divinae
1421 738 1695 785 sententiae
1732 738 1786 786 in
1825 753 1939 790 eum

245 815 332 874 qui
376 811 658 860 violaverat
695 810 917 872 Troiam,
962 811 1021 857 ut
1067 809 1367 859 adulterium
1413 810 1635 875 coniugis
1682 813 1938 874 pateretur

243 888 294 934 et
339 885 540 933 dextera
585 886 892 933 mactaretur
935 885 1125 946 uxoris,
1175 884 1407 933 evaderet
1448 901 1561 934 reus
1608 886 1659 934 et
1703 888 1819 948 post
1862 886 1934 933 in·

242 960 522 1023 punitatem
561 958 764 1007 admissi
812 957 1048 1007 adulterii
1083 959 1274 1007 teneret
1319 960 1369 1007 et
1404 975 1627 1022 regnum.
1703 960 1938 1007 invidisse
1969 972 2011 1006 ιο

137 1047 225 1087 270
243 1034 367 1090 deos,
394 1033 577 1094 patriis
606 1036 661 1080 at
688 1033 907 1081 redditas
938 1033 1043 1081 aris
1070 1033 1346 1094 coniugium
1373 1035 1589 1093 optatam
1620 1036 1664 1080 ct
1679 1034 1938 1093 pulchram

245 1107 499 1169 Calydona
536 1107 770 1155 viderem:
808 1107 945 1156 venit
983 1108 1034 1155 et
1071 1106 1135 1155 ad
1173 1122 1232 1156 ea
1271 1123 1399 1169 quae
1443 1107 1724 1170 specialiter
1760 1122 1936 1170 passus

243 1185 339 1244 est,
385 1183 444 1230 ut
480 1198 582 1230 non
618 1183 819 1229 tantum
860 1218 1055 1229 ......
1094 1197 1268 1230 verum
1314 1180 1466 1230 etiam
1503 1181 1723 1244 patriam
1761 1197 1812 1230 se
1851 1181 1937 1230 ad·

242 1259 424 1305 sereret
461 1255 747 1319 perdidisse.
801 1255 924 1304 bene
962 1256 1128 1303 iunxit
1159 1254 1257 1303 duo
1298 1256 1524 1319 exempla
1560 1255 1690 1304 inter
1728 1271 1778 1304 se
1825 1271 1937 1306 con-

239 1330 420 1378 traria:
450 1329 599 1392 periit
626 1329 860 1378 innocens
888 1329 1095 1378 maritus
1128 1332 1178 1378 et
1209 1329 1295 1392 qui
1319 1331 1612 1392 pervenerat
1634 1329 1698 1378 ad
1721 1330 1939 1393 patriam
1970 1337 2011 1370 15

241 1407 293 1454 et
323 1404 525 1453 domum
570 1419 714 1452 suam
762 1404 815 1451 in
861 1405 1022 1466 primo
1072 1403 1243 1452 limine
1296 1406 1546 1453 mactatus
1594 1405 1670 1453 est
1718 1403 1937 1452 nefariae

240 1478 413 1527 uxoris
459 1494 613 1526 manu
659 1479 708 1526 et
746 1494 834 1540 per
874 1477 1047 1526 mariti
1092 1478 1291 1525 caedem
1336 1477 1496 1527 evasit
1538 1494 1750 1540 poenam
1789 1493 1938 1540 quam

240 1555 446 1615 propter
485 1551 758 1600 admissum
800 1551 1102 1600 adulterium
1151 1551 1303 1599 etiam
1351 1552 1463 1614 ipsa
1507 1551 1784 1614 metuebat;
1830 1553 1937 1614 ipse

242 1643 268 1675 e
293 1627 542 1675 contrario
579 1627 901 1689 conqueritur
927 1642 1132 1675 uxorem
1165 1626 1406 1688 optimffl
1429 1641 1479 1675 se
1503 1626 1669 1674 videre
1708 1626 1937 1689 nequisse

241 1717 330 1749 nec
370 1701 434 1749 ad
470 1702 690 1763 patriam
725 1716 943 1748 remeare
982 1699 1216 1763 potuisse.
1294 1699 1413 1761 duo,
1462 1700 1650 1762 inquit,
1701 1700 1826 1748 mihi
1865 1700 1934 1747 in-
1965 1715 2019 1757 2⁰2

241 1776 474 1824 viderunt
513 1774 579 1822 dii
621 1790 750 1837 quae
788 1774 954 1823 videre
994 1773 1275 1837 cupiebam,
1321 1776 1380 1821 ut
1415 1773 1699 1837 ingrederer
1737 1774 1936 1823 domum

243 1851 293 1897 et
330 1850 383 1896 in
423 1865 482 1897 ea
516 1849 734 1897 viderem
773 1848 975 1896 deorum
1005 1847 1263 1910 penatium
1301 1848 1583 1896 veneranda
1622 1848 1827 1910 altaria,
1865 1849 1936 1896 vi-

243 1923 407 1971 derem
421 1923 679 1987 coniugem
700 1923 835 1971 omni
854 1922 1017 1972 laudis
1031 1938 1208 1986 genere
1224 1922 1613 1984 praeferendam.
1632 1923 1726 1970 hoc
1739 1938 1936 1986 quoque

241 1996 423 2045 idcirco
471 1997 713 2045 insertum
760 1998 856 2058 est,
902 1998 963 2044 ut
999 1997 1145 2045 inane
1191 2011 1291 2043 non
1341 1998 1470 2044 esset
1515 1996 1650 2058 quod
1695 1996 1938 2047 condebat

242 2086 425 2119 novam
463 2071 738 2133 civitatem3
780 2070 1066 2133 perdiderat
1103 2071 1235 2118 enim
1273 2085 1436 2131 suam,
1477 2071 1541 2118 ad
1580 2086 1732 2132 quam
1770 2070 1937 2120 dolore
1968 2084 2010 2118 25

243 2146 455 2193 amissae
510 2145 734 2208 coniugis
795 2145 1029 2207 pulchrae
1082 2160 1299 2193 remeare
1361 2145 1602 2192 noluerat.
1677 2144 1937 2206 pulchram

243 2219 499 2282 coniugem
540 2234 639 2266 non
669 2220 867 2267 tantum
906 2234 1108 2281 corpore
1147 2235 1316 2267 verum
1350 2219 1500 2268 etiam
1530 2219 1766 2266 honestae
1794 2218 1932 2281 pudi-

243 2293 390 2342 citiae
422 2295 472 2341 et
502 2292 635 2341 vitae
668 2292 897 2341 debemus
930 2293 1175 2356 accipere,
1205 2295 1263 2341 ut
1295 2293 1486 2341 duobus
1511 2292 1746 2354 exemplis
1774 2293 1936 2341 malae

242 2367 408 2415 uxoris
441 2367 489 2414 et
518 2366 676 2414 bonae
709 2367 852 2428 plene
883 2366 1113 2415 videatur
1143 2382 1247 2415 esse
1279 2382 1582 2429 responsum.
1630 2380 1761 2413 nunc
1793 2367 1938 2414 etiam

242 2441 464 2490 horribili
516 2441 627 2488 visa
665 2444 892 2501 portenta
945 2444 1173 2489 secantur
1226 2443 1269 2488 ct
1321 2442 1438 2489 socii
1484 2440 1655 2489 amissi
1690 2441 1938 2499 petierant
1968 2454 2041 2488 30,

244 2517 438 2564 aethera
468 2514 643 2575 pinnis
680 2515 1056 2574 flmoiinibusqac
1105 2517 1350 2576 vaqantar
1388 2528 1502 2562 aves
1540 2514 1654 2574 (heu
1692 2514 1804 2562 dira
1841 2528 1936 2561 me-

365 2675 389 2713 6
430 2671 634 2715 mulieris
664 2669 706 2713 V
744 2671 902 2714 umoris
941 2669 1011 2714 ed.
1136 2675 1189 2714 11
1222 2671 1344 2715 acris
1366 2669 1408 2713 V
1439 2670 1531 2714 oris
1562 2668 1633 2712 ed.
1667 2669 1761 2712 aris
1791 2668 1936 2712 inter—

244 2729 445 2784 pretatio
477 2729 642 2785 poscit.
729 2733 782 2772 12
814 2730 936 2772 venit
960 2734 1001 2773 et
1023 2728 1065 2773 V
1089 2734 1130 2773 et
1157 2743 1245 2773 om.
1272 2729 1342 2773 ed.
1429 2732 1482 2771 13
1514 2733 1692 2772 tantam
1716 2742 1870 2772 veram
1894 2727 1936 2771 V

246 2789 344 2832 loca
368 2794 521 2832 eoetera
543 2789 701 2844 inepte
725 2786 945 2843 interpOS.
972 2788 1043 2831 ed.
1068 2802 1253 2833 uxorem
1278 2787 1503 2832 excidisse
1525 2788 1654 2842 puto.
1740 2791 1794 2830 15
1812 2788 1938 2843 perit

245 2847 287 2890 V
320 2847 390 2891 ed.
430 2849 571 2903 periit
612 2861 694 2891 nos
738 2846 795 2891 cf.
834 2850 932 2890 259.
985 2846 988 2904 Ι
1041 2846 1359 2902 perveneritV
1391 2860 1503 2894 corr.
1537 2845 1607 2889 ed.
1740 2850 1793 2889 18
1833 2848 1936 2902 ipsa

247 2920 335 2950 om.
370 2906 439 2949 ed.
549 2910 602 2950 19
635 2906 863 2951 contrario
885 2905 928 2948 V
952 2905 1022 2950 ed.
1058 2920 1079 2950 e
1110 2920 1145 2950 c.
1179 2920 1276 2950 nos.
1385 2910 1438 2949 21
1471 2905 1618 2950 videri
1640 2903 1682 2948 V
1714 2918 1827 2948 corr.
1862 2905 1932 2949 ed.

248 2969 303 3008 26
335 2967 542 3011 voluerat
572 2965 687 3009 edF.
