2050 3226
231 187 339 240 496
705 185 936 231 DONATI
966 186 1245 231 INTERPR.
1272 186 1452 231 VERG.

230 339 381 384 neque
411 327 538 374 enim
567 341 722 374 novus
751 327 840 374 istc
862 327 1063 375 Dianae
1091 327 1223 374 venit
1251 341 1389 374 amor
1418 328 1670 387 subitaque
1701 328 1922 388 animwm

231 399 481 448 dulcedine
517 401 686 448 movit:
734 401 856 449 haec
895 402 991 448 fuit
1028 399 1286 463 praecipui
1330 402 1511 450 amoris
1550 401 1738 465 gratia,
1788 401 1921 463 quod

231 473 404 522 ceteris
444 474 697 537 antiquior
733 474 1017 536 videbatur3
1066 474 1201 536 parit
1239 473 1371 522 enim
1414 475 1651 524 maiorem
1695 477 1919 524 vetustas

230 547 479 596 adfectum
509 551 560 596 et
581 548 943 597 benivolentiae
974 549 1209 596 meritum
1240 550 1476 611 temporis
1501 549 1738 598 diuturna
1765 549 1918 598 conti-

228 621 464 670 nuatione
503 622 834 684 conduplicat.
912 622 955 670 si
991 622 1114 670 haec
1154 622 1260 672 sola
1305 622 1483 671 fuisset
1527 625 1707 672 amoris
1755 639 1919 686 causa,

228 697 350 744 satis
399 696 673 744 abundaret
719 696 784 744 ad
831 696 1173 744 incutiendum
1220 696 1459 760 dolorem,
1511 699 1732 762 congerit
1779 698 1918 759 aliae,

174 802 179 806 ν
226 773 284 819 ut
328 770 529 832 probari
577 771 746 831 posset
793 771 923 819 unde
971 771 1062 818 illa
1113 786 1229 820 cara
1285 773 1401 818 ante
1460 771 1583 820 alias
1636 772 1916 821 haberetur.

218 844 398 905 pulsus
436 844 492 892 ob
530 844 772 892 invidiam
807 859 954 905 reyno
991 845 1204 905 virisque
1241 847 1500 906 superbas:
1550 847 1598 894 et
1645 848 1798 908 caput
1841 847 1915 893 in·

227 919 349 980 cipit
397 917 598 966 fabulae
654 919 705 966 et
751 917 917 981 ipsum
969 918 1130 981 primo
1183 918 1392 982 virginis
1443 922 1658 983 patrem,
1710 919 1764 968 in
1819 935 1916 982 quo

223 992 514 1054 reprehendi
543 993 731 1055 potuit,
762 1009 946 1056 magna
975 993 1122 1041 laude
1153 993 1475 1056 prosequitur
1496 995 1780 1058 purgatque
1811 995 1915 1043 eius

224 1081 507 1129 personam3
546 1082 650 1115 esse
682 1067 812 1115 enim
843 1068 1024 1115 crimen
1054 1071 1243 1130 posset,
1283 1067 1323 1115 si
1354 1083 1507 1116 causa
1535 1084 1635 1116 non
1671 1067 1917 1117 diceretur

224 1140 424 1189 exclusi.
485 1141 614 1189 male
654 1143 839 1204 quippe
876 1142 1053 1189 mereri
1093 1141 1152 1190 de
1184 1141 1374 1190 civibus
1407 1145 1476 1203 et,
1517 1142 1649 1204 quod
1680 1143 1756 1190 est
1785 1141 1916 1191 dete-

221 1213 348 1276 rius,
398 1214 644 1264 universis
698 1215 917 1264 notabile
968 1217 1088 1264 satis
1140 1219 1230 1265 est.
1307 1215 1556 1279 quomodo
1609 1217 1768 1281 igitur
1819 1217 1915 1265 iste

224 1288 537 1337 defenditur?
582 1290 756 1352 pulsus
781 1292 870 1351 est,
900 1291 1082 1352 inquit,
1109 1306 1283 1354 regno3
1314 1306 1412 1339 non
1437 1291 1642 1353 pellitur
1665 1290 1914 1353 quispiam

220 1363 320 1412 nisi
357 1364 715 1412 interveniente
754 1364 1014 1426 violentia,
1053 1363 1345 1413 violentiam
1375 1380 1475 1412 non
1506 1363 1604 1413 nisi
1643 1364 1747 1413 eius
1786 1364 1915 1413 iniu-

222 1437 363 1485 stitia
402 1439 608 1502 generat
646 1439 733 1501 qui
769 1440 955 1486 meruit
993 1438 1208 1487 excludi:
1256 1439 1465 1501 denique
1506 1438 1701 1487 addidit
1740 1438 1801 1487 ob
1839 1440 1913 1487 in-

220 1510 430 1573 vidiam,
476 1514 535 1560 ut
573 1512 854 1561 ostenderet
898 1513 1091 1560 nullum
1130 1513 1430 1576 expulsionis
1471 1528 1590 1561 suae
1628 1513 1913 1576 praebuisse

219 1587 498 1647 materiem,
538 1587 624 1635 sed
660 1588 802 1636 illam
833 1587 935 1636 vim
973 1586 1204 1649 superbia
1234 1586 1401 1650 potius
1441 1587 1624 1636 civium
1661 1589 1710 1635 et
1749 1586 1912 1635 studio

118 1661 202 1700 540
220 1660 568 1709 aemulationis
606 1664 840 1710 exortam.
909 1662 1144 1709 Priverno
1183 1661 1386 1721 antiqua
1420 1661 1651 1709 Metabus
1689 1675 1798 1709 cum
1836 1675 1912 1710 cx-

219 1735 398 1782 cedcret
445 1736 589 1783 urbe:
638 1750 746 1784 ecce
797 1734 898 1784 alia
948 1735 1167 1783 defensio
1216 1736 1550 1796 innocentiae,
1600 1737 1660 1782 ut
1709 1734 1911 1783 cessisse

217 1808 382 1870 potius
429 1809 576 1858 malis
623 1812 672 1858 et
717 1810 946 1872 plurimis
993 1825 1143 1872 quam
1190 1808 1251 1856 ob
1303 1809 1507 1871 aliquod
1553 1808 1736 1857 crimen
1781 1807 1910 1857 iuste

217 1882 470 1930 videretur
500 1885 698 1932 eiectus,
746 1885 987 1944 infantem
1016 1885 1210 1944 fuyicns
1239 1883 1402 1931 media
1431 1884 1556 1931 inter
1582 1883 1771 1942 proelia
1802 1883 1911 1931 belli

217 1957 413 2004 sustulit
450 1958 589 2006 exilio
621 1959 859 2006 comitem:
895 1973 1129 2021 magnam
1159 1958 1318 2020 patris
1351 1959 1401 2004 et
1430 1957 1601 2005 multis
1632 1957 1793 2005 modis
1825 1957 1908 2005 ad-

217 2032 368 2079 struit
397 2033 647 2092 pietatem.
678 2046 680 2048 ’
711 2032 833 2094 quid
865 2033 1014 2094 enim,
1047 2032 1167 2080 dum
1192 2032 1386 2095 fugeret
1416 2032 1683 2093 violentos,
1715 2030 1908 2079 effecit?

217 2119 317 2152 non
357 2120 534 2152 aurum
574 2108 662 2154 aut
700 2122 816 2168 opes
857 2105 1093 2167 attendit,
1138 2121 1237 2153 non
1284 2106 1462 2154 saltem
1507 2106 1641 2155 vitae
1689 2104 1908 2153 subsidia

217 2179 501 2241 requisivit,
552 2179 736 2241 eripuit
780 2180 936 2229 filiam
977 2180 1106 2228 bello
1153 2179 1334 2242 perditi
1378 2179 1520 2243 regni
1569 2179 1809 2227 solacium
1855 2178 1906 2226 in

215 2252 374 2315 ipsius
414 2253 574 2301 salute
614 2254 932 2303 constituens.
1007 2254 1251 2302 infantem
1297 2254 1460 2302 avexit
1504 2269 1742 2316 magnum
1782 2268 1905 2300 onus

218 2325 480 2390 adgressus
520 2344 619 2376 non
658 2328 898 2390 eorporis,
937 2329 1024 2376 sed
1062 2329 1264 2390 aetatis3
1314 2327 1549 2390 portabat
1586 2327 1716 2374 enim
1753 2326 1906 2374 talem

216 2417 343 2463 quae
391 2401 552 2450 adhuc
590 2401 687 2449 fari
724 2417 823 2448 non
860 2404 1029 2463 posset
1074 2404 1124 2450 et
1162 2403 1241 2450 cui
1279 2401 1470 2449 deesset
1514 2401 1719 2449 nutricis
1743 2455 1746 2458 ¹
1767 2401 1904 2447 auxi-

214 2475 352 2523 lium.
406 2475 570 2524 media
591 2476 720 2522 inter
742 2476 932 2537 proelia
954 2476 1093 2524 belli:
1127 2477 1195 2524 sic
1226 2478 1276 2524 et
1306 2475 1404 2524 alio
1428 2476 1536 2523 loco
1570 2476 1642 2523 ait
1672 2471 1746 2537 (6,
1774 2469 1903 2538 110)

214 2550 396 2610 „illum
436 2565 525 2613 ego
565 2565 653 2612 per
683 2549 906 2597 flammas
948 2552 996 2598 et
1033 2550 1170 2598 mille
1209 2548 1466 2612 sequentia
1503 2549 1605 2597 tela
1637 2548 1796 2609 eripui
1826 2547 1902 2595 his

214 2625 396 2672 umeris
436 2624 695 2686 medioque
727 2639 785 2670 ex
819 2623 959 2671 hoste
997 2622 1211 2686 recepi“.
1268 2624 1365 2672 duo
1404 2621 1656 2685 praecipui
1694 2621 1903 2683 exempli

215 2697 454 2759 eripuisse
494 2700 544 2745 et
573 2698 872 2760 portavisse:
912 2713 1146 2760 magnum
1179 2698 1391 2745 alterum
1421 2697 1540 2758 fuit,
1578 2697 1630 2743 in
1663 2710 1758 2758 quo
1791 2711 1901 2757 por-

214 2773 349 2819 tatus
390 2774 464 2819 est
502 2787 647 2819 senex
679 2770 853 2819 debilis
893 2773 943 2818 et
980 2771 1197 2834 ingentis
1229 2773 1416 2819 formae
1457 2772 1506 2818 et
1543 2769 1653 2817 ideo
1688 2769 1901 2817 toleran-

334 2946 357 2984 7
390 2955 496 2986 caro
519 2941 561 2984 V
593 2956 702 2986 cara
740 2955 823 2984 nos
863 2942 1041 2984 charior
1073 2941 1143 2984 ed.
1268 2946 1320 2984 17
1353 2941 1531 2984 nullum
1555 2938 1596 2982 V
1621 2938 1691 2983 ed.
1724 2939 1901 2982 nullam

214 3006 347 3044 eum?
455 3004 509 3044 25
542 3001 750 3045 adtendit
771 3000 812 3043 V
845 3001 1022 3044 curavit
1054 3000 1123 3043 ed.
1240 3004 1295 3043 34
1326 3002 1499 3054 formae
1522 2998 1564 3042 V
1596 2999 1796 3054 corporis
1828 2998 1897 3040 ed.

1949 1007 1991 1039 10

1947 1376 1988 1409 15

1943 1747 1986 1779 20

1939 2119 1981 2152 25
