2050 3226
239 137 308 190 88
708 135 943 180 DONATI
972 135 1252 180 INTERPR.
1278 135 1460 182 VERG.

235 278 291 322 ut
317 275 486 336 pelayi
522 289 670 335 rupes
707 290 883 336 mayno
921 276 1136 324 veniente
1181 277 1398 337 frayore,
1447 290 1571 336 quae
1617 290 1718 325 sese
1762 277 1929 325 multis

237 349 418 397 eirewm
456 349 749 398 latrantibus
785 350 935 398 undis
971 350 1094 398 mole
1131 353 1254 398 tenet
1289 350 1496 411 scopuli,
1535 351 1856 411 nequicquam
1887 354 1931 398 et

133 433 219 474 590
235 437 438 483 spumea
493 424 673 472 circum
717 438 843 472 saxa
894 424 1110 483 fremunt
1163 423 1394 483 laterique
1445 424 1597 473 inlisa
1648 425 1930 485 refunditur

237 497 376 558 alya:
436 497 743 546 admirabilis
806 498 1117 560 conparati03
1177 497 1388 546 Latinus
1442 499 1574 546 enim
1627 500 1931 561 conparatur

234 571 370 633 rupi,
416 586 558 620 voces
613 571 788 634 populi
839 571 1070 620 fluctibus
1119 572 1168 618 et
1213 572 1616 635 tempestatibuS‚
1663 587 1928 621 consensus

235 660 412 693 vocum
450 647 500 693 et
538 646 724 694 clamor
762 645 983 694 omnium
1021 646 1164 709 algae
1203 646 1399 695 ictibus.
1463 646 1572 708 ille,
1609 645 1798 709 inquit,
1835 647 1931 695 hoc

159 726 162 729 '
236 721 312 768 est
348 718 583 781 Latinus,
629 721 687 767 ut
732 719 900 783 pelagi
944 735 1115 782 rupes,
1163 719 1352 768 scilicet
1390 735 1563 769 saxum
1600 719 1775 784 ingens
1816 736 1930 769 con-

235 795 471 842 stitutum
501 794 555 841 in
586 793 785 857 pelago,
819 794 1063 842 inmotum
1093 794 1303 855 resistit,
1335 810 1447 843 cum
1475 809 1658 858 magno
1689 795 1930 843 fluctuum

233 867 513 930 percutitur
543 867 763 929 verbere,
802 868 930 915 mole
961 869 1099 915 tenet
1130 868 1346 930 scopuli,
1375 868 1610 917 inmobile
1641 869 1700 917 fit
1736 869 1928 932 magni-

234 941 406 989 tudine
446 957 536 989 sua
574 943 625 990 et
662 942 849 990 frustra
886 942 1135 990 undarum
1174 941 1470 991 clamoribus
1501 944 1732 1005 urgetur,
1770 943 1930 992 latera

235 1018 403 1064 autem
453 1018 556 1064 eius
602 1015 848 1063 inefficaci
885 1015 1226 1065 verberatione
1273 1017 1540 1078 pulsantur
1579 1018 1629 1065 et
1666 1017 1774 1066 sola
1813 1017 1930 1081 alga

234 1105 333 1137 non
388 1089 685 1152 quatiuntur
736 1089 941 1151 ictibus,
998 1090 1083 1138 sed
1131 1090 1336 1152 perfusa
1387 1092 1681 1154 tanguntur.
1755 1090 1830 1139 ita
1881 1093 1930 1139 et

234 1164 472 1212 clamores
503 1163 646 1228 vulgi
682 1179 865 1228 magno
897 1164 1097 1226 quidem
1135 1179 1255 1213 sono
1286 1164 1553 1213 veniebant
1583 1164 1648 1212 ad
1677 1163 1929 1226 Latinum,

234 1237 319 1286 sed
357 1237 597 1287 virtutem
635 1238 974 1286 commovendi
1011 1254 1111 1286 non
1148 1238 1421 1300 habebant,
1469 1239 1658 1288 scilicet
1694 1240 1753 1287 ut
1799 1239 1929 1303 alga,

235 1327 362 1374 quae
409 1313 605 1360 nullum
656 1312 807 1360 habet
855 1311 1101 1375 impetum
1150 1312 1359 1361 feriendi
1408 1328 1519 1373 nec,
1573 1328 1684 1361 cum
1734 1312 1931 1376 corpori

233 1387 470 1449 cuiquam
520 1385 674 1434 fuerit
722 1387 895 1447 inlisa,
946 1386 1174 1435 sentitur.
1241 1401 1410 1434 verum
1458 1387 1544 1434 ubi
1593 1387 1736 1435 nulla
1782 1387 1930 1435 datur

233 1475 426 1508 caecum
481 1474 745 1519 exuperare
790 1464 1006 1519 potestas
1060 1461 1338 1509 consilium:
1397 1459 1487 1508 ubi
1539 1460 1668 1509 vidit
1719 1461 1927 1510 Latinus

233 1549 434 1582 caecum
472 1533 811 1582 multitudinis
850 1534 1069 1582 furorem
1115 1534 1321 1584 consilio
1369 1535 1593 1597 superari
1630 1550 1730 1582 non
1768 1549 1928 1597 posse,

233 1612 275 1655 et
323 1622 500 1656 saevae
548 1611 672 1655 nutu
724 1608 933 1656 Iunonis
987 1612 1100 1656 eunt
1145 1623 1247 1657 res:
1308 1611 1357 1657 et
1405 1624 1482 1657 res
1532 1623 1622 1670 pro
1668 1609 1928 1657 voluntate

234 1681 500 1731 saevientis
538 1681 742 1731 Iunonis
781 1698 881 1730 non
913 1698 1033 1730 sano
1072 1685 1293 1731 tractatu
1333 1683 1588 1744 currentis,
1625 1683 1782 1730 multa
1816 1683 1929 1731 deos

233 1770 478 1815 aurasque
510 1760 654 1816 pater
692 1759 892 1804 testatus
929 1757 1121 1805 inanis:
1167 1757 1339 1806 multis
1386 1755 1549 1805 verbis
1597 1758 1812 1806 testatus
1853 1759 1929 1805 est

234 1831 349 1878 deos
398 1832 447 1877 et
493 1831 628 1893 ipsas
682 1831 809 1878 aeris
862 1846 1032 1892 auras,
1086 1847 1232 1893 quem
1282 1830 1414 1878 enim
1464 1830 1619 1878 alium
1673 1830 1929 1879 adhiberet

233 1903 507 1952 voluntatis
555 1920 674 1952 suae
720 1906 899 1952 testem
946 1905 1173 1952 omnibus
1222 1904 1311 1967 qui
1357 1904 1565 1952 aderant
1610 1904 1776 1952 furore
1824 1920 1928 1953 cor-

232 1977 427 2039 ruptis?
506 1979 787 2039 frauyimur
824 1978 917 2026 heu
945 1980 1086 2038 fatis,
1133 1979 1311 2038 iuquit,
1359 1979 1658 2038 ferimurque
1690 1979 1929 2038 procella:

233 2053 364 2099 inter
394 2053 472 2099 tot
501 2051 702 2100 insanos
735 2052 868 2100 solus
900 2051 1109 2100 Latinus
1141 2052 1337 2116 integro
1371 2052 1576 2100 consilio
1609 2053 1726 2114 fuit3
1766 2053 1927 2100 solum

234 2125 365 2172 enim
403 2141 501 2172 non
542 2128 935 2174 commutaverat
971 2125 1096 2174 Iuno
1137 2127 1216 2175 vel
1254 2126 1422 2174 Furia.
1484 2129 1533 2174 et
1572 2141 1682 2174 cum
1720 2126 1926 2188 populo-

233 2216 343 2246 rum
390 2198 611 2248 saeviens
661 2216 838 2263 agmen
885 2200 1018 2248 solus
1067 2216 1299 2263 superare
1348 2199 1596 2262 nequiret,
1650 2199 1926 2248 voluntatis

235 2288 353 2321 suae
392 2272 507 2320 deos
547 2289 650 2321 esse
681 2274 842 2322 voluit
872 2276 1023 2322 testes
1055 2277 1205 2337 atque
1238 2289 1406 2334 auras,
1446 2289 1660 2322 vacuum
1691 2288 1741 2321 se
1775 2273 1836 2321 ab
1869 2289 1925 2321 eo

235 2347 369 2409 quod
403 2346 666 2410 gerebatur
697 2349 875 2395 scelere
909 2349 1111 2410 cupiens
1145 2348 1495 2396 demonstrare.
1553 2346 1730 2408 Itaque
1763 2347 1928 2409 erupit

233 2423 286 2468 in
317 2436 484 2470 vocem
518 2420 820 2469 istiusmodi:
859 2422 1140 2485 frangimur
1169 2422 1267 2468 heu
1298 2421 1440 2481 fatis,
1479 2420 1666 2482 inquit,
1699 2420 1925 2468 ferimur·

236 2511 330 2556 que
368 2494 600 2558 procella.
659 2495 940 2558 frangimur
978 2498 1026 2543 et
1056 2495 1296 2557 procella,
1334 2494 1519 2556 inquit,
1559 2494 1785 2542 ferimur:
1816 2511 1925 2557 per-

236 2584 465 2617 severans
495 2569 550 2615 in
581 2583 637 2616 eo
670 2571 818 2630 poeta
850 2569 983 2630 quod
1012 2568 1065 2616 in
1100 2567 1271 2616 Latini
1307 2567 1660 2629 conparatione
1697 2569 1924 2631 superius

355 2684 379 2723 9
406 2685 638 2736 percutere
662 2679 704 2722 V
726 2681 985 2735 percutitur
1010 2679 1081 2722 ed.
1175 2683 1229 2721 12
1262 2680 1467 2734 quatitur
1490 2678 1532 2721 V
1557 2680 1829 2735 quatiuntur
1853 2679 1922 2723 ed.

238 2743 291 2782 16
317 2740 529 2794 cuiquam
554 2753 641 2783 om.
660 2738 730 2782 ed.
813 2743 864 2782 17
891 2739 1079 2783 consilio
1103 2738 1337 2781 Donatum
1361 2737 1531 2794 legisse
1556 2753 1679 2794 susp.
1699 2737 1922 2794 Hoppius.

239 2802 293 2840 18
325 2812 539 2853 superare
562 2797 604 2841 V
637 2811 749 2841 corr.
780 2797 852 2840 ed.
967 2801 1022 2840 20
1055 2798 1278 2842 currentis
1301 2796 1343 2839 V
1375 2802 1464 2840 -tes
1496 2797 1567 2840 ed.
1683 2802 1736 2840 21
1770 2798 1925 2840 multis

235 2857 382 2900 verbis
405 2857 446 2899 V
477 2858 623 2901 multa
652 2871 691 2901 v.
726 2856 795 2899 ed.
900 2860 955 2899 24
984 2857 1188 2911 prebella
1210 2855 1265 2900 V.
1370 2859 1424 2898 29
1457 2857 1585 2911 rupit
1606 2855 1648 2899 V
1673 2856 1743 2899 ed.
1777 2857 1926 2911 erupit

238 2928 321 2958 nos
356 2915 413 2958 cf.
445 2930 485 2959 v.
514 2919 611 2959 120.
727 2919 781 2958 30
812 2916 963 2971 inquit
994 2928 1080 2958 om.
1108 2915 1178 2958 ed.
1295 2918 1348 2957 32
1374 2919 1510 2970 poeta
1542 2915 1662 2970 quod
1685 2914 1726 2958 V
1751 2914 1821 2958 ed.
1854 2915 1924 2958 in-

236 2986 418 3017 versum
451 2974 610 3018 malim
642 2977 833 3030 propter
863 2975 1045 3029 imperii
1075 2975 1160 3018 sui.

1983 585 2004 618 5

1962 955 2006 988 10

1961 1323 2003 1356 15

1959 1693 2003 1726 20

1959 2061 2002 2095 25

1957 2430 2000 2462 30
