2050 3226
0 174 2 180 ’
58 133 64 252 ς
761 177 1066 223 AENEIDOS
1096 176 1140 221 X
1688 181 1795 235 347

59 273 64 405 ἶ
107 319 334 376 Lausus,
363 332 493 380 pars
529 318 700 379 inqens
739 319 871 375 belli,
910 318 1029 367 sinit
1066 318 1289 380 aymina:
1327 333 1416 366 nec
1453 317 1671 367 Lausum
1701 322 1797 368 ter·

62 408 65 420 ¹
106 394 209 442 ruit
242 393 387 442 istius
426 391 590 441 caedis
629 392 907 455 exemplum
946 394 1037 441 aut
1081 391 1296 456 agminis
1341 391 1637 454 multitudo,
1683 393 1799 442 licet

108 466 363 517 cecidisset
399 467 478 515 vir
514 467 687 515 tantae
728 465 1060 528 fortitudinis,
1097 467 1152 514 in
1190 466 1328 515 cuius
1367 466 1530 515 salute
1568 481 1686 529 pars
1723 468 1796 514 in·

108 556 226 606 gens
264 541 430 589 fuerat
465 540 585 588 belli
622 541 718 589 hoc
748 543 823 589 est
852 541 1108 590 securitas,
1154 540 1351 601 primus
1380 538 1626 588 Abantem
1655 555 1799 601 oppo-

106 617 254 664 situm
282 615 534 672 interemit,
558 629 759 676 puynae
787 615 1061 675 nodumque
1089 628 1369 675 morasque:
1398 613 1594 664 Lausus
1619 614 1800 663 occidit

106 689 369 751 Abantem,
407 688 498 751 qui
525 705 724 753 pugnae
755 691 1015 752 tamquam
1047 688 1172 737 obex
1202 689 1462 752 oppositus
1492 688 1798 752 inpedimen-

105 765 272 812 torum
302 778 454 811 nexus
485 763 689 812 tenebat
726 764 777 810 et
812 778 993 812 moras,
1054 765 1260 826 propter
1288 762 1600 812 deiciendum
1629 764 1799 824 istum,

107 838 195 901 qui
230 852 394 886 moras
426 838 478 885 et
505 836 845 900 inpedimenta
874 837 1163 900 praestabat
1191 853 1253 886 ne
1284 838 1435 886 ceteri
1464 837 1800 899 caederentur,

39 907 43 934 ¹
106 911 233 960 dixit
269 911 474 976 agmina
510 912 885 976 praetermissa,
922 911 1021 960 isto
1062 914 1231 961 autem
1269 912 1431 960 occiso
1476 913 1701 975 patuisse
1746 911 1800 959 in

36 991 78 1031 m
106 988 290 1035 ceteros
347 985 483 1035 viam
544 987 594 1034 et
650 985 810 1036 omnis
871 1001 1126 1034 morarum
1177 986 1334 1035 nodos
1387 985 1538 1035 unius
1590 985 1802 1034 interitu

105 1060 387 1109 dissolutos.
486 1059 701 1123 denique
757 1061 983 1124 sequitur
1040 1060 1274 1108 sternitur
1324 1058 1575 1109 Arcadiae
1617 1060 1799 1120 proles,

104 1137 388 1183 sternuntur
408 1134 611 1183 Etrusci
641 1138 686 1182 et
712 1149 812 1191 vos,
843 1149 871 1182 ο
898 1133 1051 1183 Grais
1079 1134 1327 1194 inperdita
1358 1149 1575 1195 corpora,
1602 1135 1802 1183 Teucri:
1817 1141 1904 1182 430

106 1224 217 1257 cum
265 1208 544 1257 Arcadibus
595 1210 746 1272 atque
795 1208 1022 1257 Etruscis
1077 1207 1425 1256 sternebantur
1478 1210 1528 1256 et
1581 1208 1801 1269 Troiani,

107 1282 193 1345 qui
237 1282 434 1332 Iliensis
480 1282 599 1331 belli
648 1282 960 1332 calamitates
1009 1285 1284 1332 evaserant.
1359 1283 1561 1343 aymina
1605 1297 1802 1331 concur—

0 1388 1 1420 3
35 1361 78 1404 a
104 1360 222 1405 runt
258 1357 554 1418 ducibusque
592 1360 635 1405 et
669 1358 859 1405 viribus
898 1357 1089 1416 aequis:
1139 1371 1428 1405 concurrere
1478 1359 1555 1406 est
1601 1356 1801 1421 agmina

0 1421 1 1434 ¹
106 1430 345 1480 currendo
393 1432 619 1493 miscere,
668 1430 790 1480 item
840 1446 1128 1480 concurrere
1179 1433 1256 1480 est
1299 1446 1524 1495 pugnare
1563 1431 1799 1480 adversus

105 1505 262 1554 alium
300 1507 352 1554 et
387 1505 497 1569 pati
532 1508 858 1569 pugnantem.
910 1506 964 1553 in
1002 1505 1163 1566 nu110‚
1201 1505 1390 1568 inquit,
1429 1505 1596 1554 fuerat
1623 1508 1800 1567 metuS,

106 1581 346 1643 quoniam
381 1581 436 1628 in
475 1579 769 1629 exercitibus
809 1579 907 1628 fuit
945 1579 1169 1643 aequalis
1208 1580 1368 1628 virtus
1409 1582 1460 1628 et
1496 1580 1550 1627 in
1590 1579 1798 1629 ducibus

103 1653 346 1703 fortitudo
379 1653 666 1703 consimilis.
744 1655 943 1702 extremi
980 1654 1258 1703 addensant
1295 1655 1447 1702 acies:
1497 1653 1584 1716 qui
1627 1653 1681 1702 in
1720 1670 1799 1702 ex-

104 1730 263 1778 tremo
314 1729 527 1792 agminis
577 1729 781 1778 fuerant
830 1727 1106 1778 densabant
1155 1743 1283 1791 sese3
1334 1728 1423 1791 qui
1477 1728 1609 1777 enim
1662 1727 1800 1777 densi

105 1802 421 1852 constiterint
449 1803 627 1852 melius
658 1803 757 1852 tuti
788 1805 921 1852 sunt.
973 1817 1061 1851 nec
1090 1803 1235 1851 turba
1263 1803 1446 1851 moveri
1476 1802 1571 1851 tela
1599 1817 1801 1851 manus-

105 1890 195 1936 que
224 1877 358 1935 finit:
386 1879 532 1926 tanta
562 1878 660 1926 fuit
688 1877 1026 1926 multitudinis
1059 1877 1376 1940 constipati0‚
1406 1878 1467 1925 ut
1495 1892 1586 1925 nec
1623 1892 1799 1925 manus

106 1951 371 2013 quisquam
415 1967 506 1999 nec
549 1952 653 2000 tela
697 1967 895 2001 movere
940 1951 1202 2014 potuisset.
1284 1952 1398 1999 hinc
1433 1951 1607 2000 Pallas
1650 1953 1802 2000 instat

107 2028 150 2073 et
185 2028 343 2086 uryet,
381 2025 494 2074 hinc
530 2029 699 2074 contra
735 2026 941 2074 Lausus
978 2039 1066 2074 nec
1101 2025 1308 2073 multwm
1354 2025 1598 2086 discrepat
1642 2029 1800 2074 aetas:

105 2100 265 2147 instat
294 2101 345 2148 et
381 2101 530 2164 urget
574 2102 624 2148 et
669 2099 734 2148 ad
770 2099 1052 2149 Pallantem
1097 2099 1313 2163 pertinet
1359 2102 1410 2148 et
1455 2099 1520 2148 ad
1557 2098 1799 2161 Lausum3

105 2190 289 2237 magna
328 2175 495 2222 autem
541 2173 672 2222 libra
718 2176 908 2224 aetates
955 2190 1126 2222 eorum
1172 2173 1453 2237 descripsit:
1499 2173 1661 2237 primo
1700 2190 1799 2222 non

107 2247 234 2296 dixit
272 2249 382 2311 quis
423 2250 549 2310 quot
586 2250 715 2297 esset
753 2264 1018 2310 annorum,
1059 2249 1296 2312 quoniam
1325 2248 1509 2297 natalis
1541 2249 1799 2311 utriusque

33 1733 77 2183 “ff—'m'ff

226 2409 249 2448 1
297 2419 379 2450 nec
424 2405 560 2450 lausu
597 2404 639 2448 R
677 2418 792 2448 corr.
834 2420 869 2449 r.
914 2419 962 2448 n.
1002 2405 1162 2450 lausus
1190 2404 1245 2450 V.
1388 2409 1414 2448 3
1452 2406 1525 2450 vir
1562 2405 1604 2448 R
1645 2406 1714 2449 vis
1743 2403 1798 2448 V:

58 2488 67 2504 ι
106 2463 194 2508 hoc
245 2463 348 2508 loco
395 2463 626 2520 quomodo
666 2463 782 2508 Don.
820 2463 963 2509 verba
1006 2466 1175 2520 poetae
1222 2467 1305 2508 aut
1349 2464 1518 2521 legerit
1565 2466 1647 2507 aut
1693 2477 1800 2507 con-

106 2523 309 2567 iunxerit
361 2525 444 2567 aut
487 2523 774 2568 intellexerit
817 2536 893 2567 me
931 2523 1061 2567 nulla
1100 2524 1367 2568 coniectura
1404 2524 1590 2580 assequi
1628 2523 1799 2578 fateor3

107 2595 204 2626 rem
234 2597 327 2626 non
359 2583 596 2639 expedivit
622 2583 789 2639 Hoppe
819 2597 865 2639 p.
891 2587 931 2627 3.
1024 2588 1050 2627 5
1081 2584 1308 2628 interemit
1331 2583 1414 2626 VR
1445 2583 1666 2628 interimit
1689 2582 1759 2626 ed.
1790 2583 1794 2641 Ι

106 2642 367 2698 nudumque
387 2642 485 2687 VR.
523 2643 527 2701 Ι
562 2656 798 2699 morasque
821 2642 863 2685 R
889 2655 977 2686 om.
995 2641 1038 2685 V
1061 2656 1320 2699 moramque
1343 2643 1414 2686 ed.
1442 2644 1489 2686 et
1511 2641 1649 2698 Verg.
1675 2641 1797 2684 libri.

108 2704 134 2744 8
175 2714 328 2746 moras
360 2701 446 2745 VR
486 2716 545 2747 m.
582 2707 626 2747 et
667 2701 740 2746 ed.
791 2706 796 2759 Ι
845 2715 928 2746 nec
960 2701 1046 2745 VR
1085 2715 1143 2746 ne
1185 2702 1256 2746 ed.
1392 2706 1446 2745 11
1490 2701 1682 2756 denique
1715 2700 1799 2744 VR

33 2746 41 2838 Ι
107 2760 269 2805 deinde
311 2760 381 2804 ed.
507 2765 560 2805 12
600 2774 791 2818 corpora
824 2760 910 2804 VR
942 2766 1131 2818 pectora
1173 2761 1244 2806 ed.
1373 2765 1427 2804 13
1461 2760 1678 2804 arcadius
1701 2759 1797 2804 VR.

37 2843 41 2878 1
110 2824 165 2862 14
209 2825 439 2865 eve-serant
481 2819 536 2863 V.
671 2825 725 2864 17
773 2824 919 2865 motus
963 2834 1102 2877 quum
1147 2821 1220 2864 ed.
1355 2824 1408 2862 19
1455 2819 1713 2863 addensant
1757 2819 1799 2862 V

39 2880 43 2931 ζ
107 2878 372 2923 addansant
407 2879 450 2922 R
490 2880 686 2924 densant
723 2879 793 2923 ed.
917 2883 974 2923 20
1015 2893 1108 2924 sese
1141 2879 1226 2923 VR
1267 2893 1312 2924 se
1355 2879 1426 2922 ed.
1549 2882 1605 2921 23
1637 2878 1800 2923 Pallas

37 2940 45 2964 ’
107 2937 212 2982 hinc
250 2937 322 2982 ed.
445 2942 500 2982 27
533 2940 637 2995 quis
665 2939 787 2995 quod
809 2937 894 2981 VR
924 2952 963 2995 q.
989 2944 1097 2995 quot
1126 2952 1210 2982 nos
1242 2940 1343 2995 quis
1375 2951 1463 2981 om.
1489 2937 1560 2983 ed.
1606 2939 1610 2996 1
1657 2943 1800 2982 essent

39 3005 44 3063 f
109 2995 179 3038 ed.
227 2997 232 3054 Ι
282 2998 498 3053 quoniam
521 2997 605 3041 VR
636 3012 774 3054 quum
806 2997 877 3041 ed.
