2050 3226
218 186 326 240 572
694 185 926 230 DONATI
955 184 1238 233 INTERPR.
1261 185 1439 230 VERG.

214 324 280 389 tis
319 327 378 373 ut
417 329 550 387 quod
579 325 775 374 Aeneae
814 341 918 374 esse
956 324 1214 387 proprium
1253 340 1310 372 ex
1352 327 1523 387 aperto
1563 324 1732 388 patuit
1768 323 1824 373 id
1857 323 1909 373 in

219 398 370 447 aliam
410 402 601 463 partem
651 398 971 463 obtrectantis
1019 398 1352 447 aemulatione
1397 399 1676 448 duceretur!
1731 403 1784 447 tu
1813 414 1909 459 pro

213 487 444 533 yermano
493 475 538 522 si
588 474 704 535 quid
742 473 1052 534 praesentius
1098 473 1271 530 audes,
1311 486 1480 534 per-qe,
1531 474 1681 522 decet:
1731 474 1775 522 si
1818 489 1909 536 pro

216 547 387 596 fratris
427 549 587 597 salute
625 547 935 596 inventiones
965 547 1253 608 profuturas
1289 547 1556 609 expendas,
1594 563 1693 596 non
1723 548 1911 610 poteris

215 622 530 683 reprehendi,
581 623 887 684 quapropter
935 637 1106 685 perge,
1156 622 1249 669 hoc
1303 623 1379 669 est
1430 622 1591 684 incipe
1649 619 1910 685 providere

146 741 150 744 .
218 696 352 758 quod
389 697 571 758 prosit,
611 698 672 743 ut
709 696 814 744 eius
852 697 1063 743 mortem
1093 695 1292 758 penitus
1326 696 1537 757 repellas
1577 699 1668 744 aut
1698 696 1909 745 differas.

215 770 297 818 hic
336 771 573 831 quoniam
610 771 780 831 potuit
817 769 913 818 dici
941 769 1064 832 quid
1094 770 1318 831 proderit
1346 770 1468 818 haec
1507 769 1726 818 exhiberi
1761 770 1910 818 mori-

215 846 330 892 turo
344 843 369 891 ?
407 844 541 892 ultro
594 843 787 892 addidit
830 845 1005 903 forsan
1047 844 1250 892 miseros
1294 844 1496 892 meliora
1533 848 1813 903 sequentur:
1857 845 1911 892 in

217 917 580 980 desperatione,
611 917 799 981 inquit,
830 918 1011 966 ultima
1040 919 1199 981 magis
1225 917 1369 966 debet
1399 918 1570 979 quaeri
1594 918 1729 981 quod
1750 919 1912 980 prosit

216 1007 305 1039 nec
344 991 639 1040 deserendus
680 995 755 1040 est
795 991 1069 1040 auxiliandi
1107 992 1268 1054 labor3
1314 992 1540 1040 fortassis
1580 995 1712 1040 enim
1748 995 1910 1041 muta-

215 1066 353 1113 bitur
401 1066 453 1113 in
499 1067 675 1114 melius
722 1067 945 1127 fortuna,
1005 1066 1122 1114 dum
1173 1065 1354 1128 saevit,
1417 1067 1467 1114 et
1516 1067 1612 1114 erit
1660 1067 1780 1114 felix
1826 1066 1914 1128 qui

216 1140 380 1188 fuerat
417 1141 587 1202 miser,
633 1143 691 1188 ut
727 1140 781 1188 in
818 1143 1069 1204 integrum
1106 1140 1328 1188 redditus
1369 1140 1560 1202 aliquid
1594 1140 1737 1200 boni,
1778 1141 1913 1203 quod

216 1230 315 1262 non
354 1217 542 1277 sperat,
580 1214 818 1263 inveniat.
893 1215 1009 1263 huic
1047 1215 1156 1263 loco
1195 1214 1347 1262 etiam
1386 1215 1633 1263 sententia
1670 1214 1761 1263 illa
1799 1230 1910 1262 con-

217 1289 370 1336 sentit
401 1284 512 1351 (11,
537 1282 669 1356 426)
709 1289 930 1350 „multos
963 1289 1156 1336 alterna
1186 1288 1405 1337 revisens
1435 1289 1560 1337 lusit
1590 1292 1640 1337 et
1668 1290 1721 1336 in
1752 1289 1911 1337 solido

216 1378 386 1411 rursus
410 1363 612 1411 fortuna
634 1362 871 1413 locavit“.
929 1364 1011 1410 vim
1035 1378 1107 1419 ea,
1134 1378 1242 1411 cum
1267 1363 1498 1411 lacrimas
1521 1364 1672 1411 oculis
1694 1363 1913 1411 Iuturna

115 1448 199 1489 155
207 1438 435 1498 profudit
471 1440 632 1496 terque
674 1441 933 1497 quaterque
976 1452 1132 1485 manu
1162 1441 1331 1498 pectus
1360 1439 1606 1496 percussit
1640 1438 1914 1485 honestum.-

215 1511 424 1573 pulchra
469 1511 598 1559 ratio
639 1511 870 1560 dictionis
909 1513 967 1559 ut
1005 1514 1120 1559 ante
1157 1511 1422 1559 Iuturnam
1459 1511 1644 1560 diceret
1681 1511 1911 1561 lacrimas

217 1585 445 1634 effudisse
476 1588 526 1634 et
557 1585 837 1634 contudisse
861 1588 1034 1648 pectus
1066 1588 1116 1633 et
1147 1585 1295 1633 crinis
1322 1586 1586 1648 dissipasse
1611 1602 1763 1648 quam
1785 1585 1910 1634 Iuno

217 1660 482 1722 conpleret.
545 1661 614 1708 sic
652 1659 784 1708 enim
822 1662 971 1722 poeta
1018 1659 1239 1707 animum
1286 1659 1499 1707 dolentis
1547 1660 1808 1722 expressit,
1854 1661 1912 1707 ut

216 1734 434 1782 medium
458 1750 733 1783 sermonem
757 1749 854 1796 quo
886 1733 1053 1782 tristia
1085 1734 1143 1781 de
1174 1734 1327 1781 fratre
1353 1735 1653 1797 cognoverat
1676 1734 1910 1782 lacrimae

216 1811 514 1870 rumperent.
590 1809 722 1856 hunc
759 1810 925 1857 locum
970 1824 1084 1856 cum
1120 1808 1523 1870 pronuntiamus,
1571 1807 1640 1856 sic
1679 1807 1910 1856 debemus

218 1882 544 1945 distinguere,
590 1885 647 1930 ut
686 1882 908 1931 dicamus
955 1881 1038 1930 vix
1076 1898 1155 1942 ea,
1205 1883 1298 1930 hoc
1335 1880 1421 1930 *est
1467 1883 1638 1930 statim
1679 1881 1813 1944 quod
1852 1897 1912 1929 ea

218 1955 351 2003 dicta
387 1958 518 2017 sunt,
550 1959 599 2003 et
622 1956 692 2004 sic
723 1958 997 2019 sequantur
1027 1958 1189 2004 cetera
1221 1957 1279 2004 de
1303 1955 1520 2004 lacrimis
1553 1959 1602 2004 et
1625 1956 1910 2004 verberibus

217 2030 444 2091 pectoris.
520 2031 641 2078 haec
695 2047 806 2079 cum
860 2030 1051 2079 videret
1099 2029 1248 2091 Iuno,
1301 2030 1428 2078 talia
1482 2030 1759 2078 subiunxit:
1811 2045 1912 2078 non

219 2105 434 2152 lacrimis
464 2104 549 2151 hoc
579 2108 785 2165 tempus,
819 2106 891 2152 ait
919 2104 1158 2152 Saturnia
1181 2104 1333 2161 Iunc,
1367 2105 1589 2152 adcelera
1620 2108 1663 2151 et
1690 2105 1910 2164 fratrem,

218 2179 263 2226 si
301 2179 408 2238 quis
452 2178 645 2234 modu3‚
695 2180 823 2238 eripe
867 2179 1011 2226 morti
1057 2182 1143 2226 aut
1179 2182 1232 2226 tu
1271 2179 1396 2226 bella
1433 2179 1502 2226 cie
1548 2182 1914 2238 conceptumque

219 2255 380 2300 eoecute
416 2252 614 2311 foedus:
665 2268 775 2300 cum
815 2252 973 2313 aliud,
1011 2252 1197 2314 inquit,
1236 2267 1469 2314 praesens
1509 2253 1678 2315 exigat
1714 2254 1910 2314 tempus

220 2328 269 2374 et
305 2326 359 2373 id
397 2327 600 2390 agatur,
639 2342 699 2373 ne
739 2328 968 2375 veniatur
1007 2326 1070 2374 ad
1108 2327 1364 2387 lacrimas,
1410 2329 1784 2388 praeposterum
1823 2327 1912 2386 est,

219 2399 452 2461 Iuturna,
486 2399 618 2462 quod
648 2400 860 2463 plangis.
915 2400 1156 2448 debentur
1193 2401 1286 2448 hae
1329 2416 1428 2448 non
1466 2399 1790 2462 periclitanti,
1827 2398 1912 2447 sed

341 2531 384 2570 1·
405 2532 468 2570 est
497 2527 741 2583 proprium
780 2540 835 2570 ex
866 2533 1019 2582 aperto
1050 2528 1205 2583 potuit
1234 2526 1276 2570 V
1308 2527 1462 2583 potuit
1495 2540 1583 2570 om.
1617 2526 1688 2570 ed.
1721 2539 1812 2570 esse
1834 2539 1910 2581 pr.

221 2600 276 2630 ex
314 2599 388 2641 ap.
422 2587 580 2641 patuit
621 2599 716 2628 nos.
849 2589 873 2628 3
911 2588 1223 2641 praestantius
1245 2585 1288 2630 V
1311 2585 1404 2630 ed.:
1438 2599 1494 2629 ex
1524 2584 1910 2641 interpretatione

215 2646 504 2701 praesentius
561 2643 803 2688 emendavi
861 2644 919 2688 cf.
972 2649 1077 2699 2453
1141 2658 1250 2688 nam
1313 2645 1437 2701 quod
1498 2644 1709 2700 sequitur
1764 2647 1792 2686 4
1835 2657 1911 2687 ex-

220 2704 381 2748 tendas
418 2703 459 2746 V
496 2703 567 2747 ed.
615 2703 868 2746 absurdum
915 2716 1014 2747 esse
1061 2705 1108 2746 et
1152 2704 1382 2760 expendas
1428 2703 1722 2748 scribendum
1764 2703 1909 2757 patet,

221 2763 363 2818 idque
430 2762 488 2805 ab
555 2762 860 2818 expendenda
919 2762 1120 2817 pecunia
1179 2763 1418 2818 praesenti
1481 2763 1596 2806 Don.
1655 2760 1909 2805 transtulit.

225 2827 278 2865 15
310 2823 460 2865 oculos
482 2821 538 2864 V.
625 2826 678 2864 19
706 2827 812 2877 post
833 2821 875 2865 V
895 2821 966 2865 ed.
993 2820 1212 2866 absurde:
1238 2828 1377 2878 poeta
1401 2821 1643 2866 emendavi
1666 2820 1723 2863 cf.
1751 2824 1790 2873 6,
1809 2823 1908 2863 892.

223 2885 278 2923 22
309 2882 463 2924 statim
487 2881 605 2936 quod
627 2880 670 2923 V
693 2894 780 2936 quo
805 2880 927 2924 edF:
962 2880 1157 2924 fortasse
1179 2881 1229 2923 in
1254 2881 1505 2936 archetypo
1530 2893 1663 2936 quom
1686 2879 1910 2934 scriptum

223 2942 336 2983 erat.
430 2945 485 2983 24
515 2940 682 2984 viderit
704 2939 744 2982 V
775 2940 959 2984 vidisset
989 2939 1059 2982 ed.
1092 2940 1261 2984 videret
1290 2954 1386 2983 nos.
1473 2943 1526 2982 29
1559 2939 1741 2983 debetur
1763 2939 1846 2982 hae
1868 2937 1912 2981 V

226 2999 441 3042 debentur
469 2999 554 3042 hae
587 3001 664 3055 (sc.
698 2998 934 3054 lacrimae)
967 3012 1050 3042 nos
1082 2998 1298 3043 debentur
1328 2999 1437 3042 haec
1468 2998 1540 3042 ed.

1944 1005 1986 1036 10

1944 1374 1986 1407 15

1942 1747 1987 1779 20
