2050 3226
221 161 328 214 174
690 157 921 203 DoNATI
950 157 1231 202 INTERPR.
1257 157 1438 202 Vnae.
1509 182 1513 185 -

218 298 418 347 differri.
474 297 569 347 etsi
604 299 848 361 peritura,
887 299 1076 362 inquit,
1114 298 1280 346 fuerat
1318 297 1488 359 Troia,
1527 299 1696 360 posset
1739 299 1909 347 tamen

218 373 477 435 aliquanto
517 373 679 421 adhuc
716 375 937 435 tempore
975 372 1266 435 perdurar03
1311 371 1405 420 hoc
1442 371 1670 435 Iuppiter
1714 374 1764 421 et
1801 372 1909 421 fata

215 448 448 510 poterant
501 446 679 508 sinere,
733 446 776 495 si
829 446 980 495 etiam
1032 448 1154 494 tunc
1199 445 1512 509 diligentiam
1555 445 1812 495 habuisses
1859 449 1910 495 et

217 536 407 583 curam,
457 525 517 569 ut
564 522 618 568 in
668 536 724 568 eo
777 520 1161 569 constitueretur
1207 519 1432 568 beneficii
1480 519 1812 582 commodum,
1866 520 1911 569 si

112 604 199 644 400
218 595 352 657 quod
391 595 594 643 celerius
633 595 783 657 periit
820 594 1012 643 tardius
1050 593 1289 643 interiret.
1379 597 1422 642 et
1457 609 1608 651 nune,
1649 595 1694 642 si
1732 594 1910 642 bellare

211 683 370 728 paras
409 673 549 728 atque
586 669 703 717 haee
740 669 827 716 tibi
863 683 998 716 meris
1038 672 1128 716 est:
1164 667 1424 731 respondit
1455 669 1519 717 ad
1549 669 1822 731 praeterita
1861 670 1911 716 et

217 742 282 790 ad
331 741 614 806 praesentia
664 742 922 806 benignior
966 742 1117 791 venit.
1193 743 1266 790 ita
1312 742 1444 790 enim
1483 745 1533 790 et
1569 742 1742 790 Iliensi
1778 741 1908 790 bello

156 845 161 847 >
217 817 491 880 conprobat
512 817 687 865 utilem
718 832 769 865 se
802 817 1029 865 Troianis
1063 816 1279 864 exhiberi
1309 817 1552 879 potuisse,
1586 819 1628 864 si
1657 817 1910 878 praesenti

215 891 498 939 necessitati
537 891 780 954 spondeat
816 892 1149 954 profuturum.
1226 891 1270 939 si
1308 906 1450 952 vero,
1487 890 1678 953 inquit,
1723 890 1910 938 bellare

217 965 438 1028 disponis
475 966 524 1012 et
553 966 702 1013 huius
734 964 976 1029 gerendae
1007 965 1080 1013 rei
1110 967 1200 1013 tua
1229 965 1328 1013 fixa
1360 966 1607 1013 sententia
1647 966 1742 1026 est,
1782 965 1911 1024 quie-

217 1039 334 1099 quid
362 1040 416 1086 in
453 1043 556 1087 arte
588 1053 698 1087 mea
732 1053 934 1099 possum
963 1041 1246 1099 promittere
1285 1053 1450 1096 curae,
1485 1038 1612 1098 quod
1639 1039 1750 1098 sieri
1778 1041 1910 1099 ferro

217 1113 455 1172 liquidove
476 1116 634 1174 potest
665 1114 844 1170 eleetrO,
877 1115 935 1161 ut
967 1115 1182 1162 alterum
1212 1114 1482 1176 pertineret
1514 1112 1576 1161 ad
1606 1112 1911 1174 firmitatem,

217 1188 430 1236 alterum
491 1186 554 1235 ad
623 1187 1064 1250 pulchritudinem3
1133 1187 1406 1249 plurimum
1474 1188 1607 1235 enim
1673 1189 1912 1235 terrorem

214 1261 441 1310 hostibus
480 1262 663 1309 incutit
702 1262 852 1310 etiam
892 1262 1125 1324 splendor
1163 1277 1428 1310 armorum.
1506 1276 1613 1309 ecce
1653 1261 1766 1324 plus
1797 1276 1910 1323 pro-

214 1335 353 1384 misit
403 1352 555 1398 quam
604 1336 791 1398 petitus
844 1338 940 1398 est3
992 1335 1202 1384 debebat
1251 1338 1436 1399 quippe
1486 1336 1766 1398 postulanti
1804 1335 1912 1384 sola

217 1425 355 1458 arma
404 1425 463 1458 ex
511 1409 641 1458 ferro
692 1410 1002 1472 promittere,
1053 1411 1134 1458 hic
1186 1410 1380 1458 addidit
1425 1409 1591 1458 dicens
1631 1409 1815 1457 faciam
1854 1425 1911 1456 ex

215 1484 346 1532 ferro
387 1485 458 1546 et,
498 1484 633 1545 quod
670 1484 805 1531 ultra
836 1485 1180 1533 necessitatem
1213 1487 1309 1546 est,
1342 1485 1523 1533 electro
1558 1483 1743 1532 ornabo
1777 1483 1912 1545 quod

215 1559 390 1606 fecero.
478 1560 715 1617 quantumi
758 1558 894 1618 iones
933 1560 1219 1618 animaeque
1255 1559 1442 1606 valent:
1481 1557 1692 1619 dabunt,
1730 1556 1911 1619 inquit,

215 1648 407 1680 mecum
446 1647 647 1695 operam
684 1632 820 1695 ignes
862 1635 912 1680 et
948 1633 1107 1695 venti;
1140 1634 1332 1681 animas
1366 1633 1549 1695 quippe
1582 1631 1708 1680 dixit
1737 1632 1911 1679 ventos

218 1706 397 1769 quibus
429 1705 560 1770 ignis
593 1707 859 1766 animatur,
891 1709 950 1754 ut
973 1707 1152 1756 fortius
1186 1706 1447 1755 calefaciat
1477 1707 1678 1754 ferrum.
1734 1705 1911 1753 absiste

213 1780 458 1840 precando
495 1780 683 1828 viribus
720 1781 998 1829 indubitare
1036 1782 1157 1829 tuis:
1195 1781 1378 1829 absiste
1411 1779 1740 1828 diffidentiam
1770 1780 1912 1826 tuam

217 1856 515 1916 monstrare,
567 1854 685 1901 dum
733 1870 903 1918 rogas:
961 1855 1191 1917 proinde,
1251 1871 1364 1903 cum
1419 1853 1655 1917 quicquid
1708 1867 1911 1915 possum

217 1931 360 1976 tuum
399 1928 485 1989 sit,
523 1928 727 1976 remotis
766 1927 991 1990 precibus
1031 1932 1170 1977 utere
1217 1928 1407 1977 viribus
1457 1928 1574 1976 tuis.
1661 1942 1718 1975 ea
1762 1928 1911 1974 verba

115 2013 200 2053 405
220 2003 403 2050 locutus
450 2005 635 2061 optatos
681 2002 811 2050 dedit
857 2003 1133 2062 amplexus:
1177 2002 1264 2050 ubi
1310 2002 1472 2051 verbis
1511 2002 1699 2050 talibus
1737 2001 1909 2064 plenos

218 2076 447 2139 promisit
493 2076 715 2136 effectus,
760 2075 855 2125 ivit
899 2076 952 2124 in
1000 2077 1254 2139 amplexus
1301 2076 1488 2138 uxoris3
1527 2093 1616 2139 per
1655 2075 1909 2138 amplexus

220 2152 381 2198 cetera
427 2165 625 2212 quoque
671 2152 934 2198 consecuta
978 2150 1313 2214 intellegenda
1359 2153 1489 2199 sunt.
1563 2150 1911 2209 placidumque

210 2225 383 2284 petivit
420 2224 636 2284 coniuyis
673 2225 871 2283 infusus
906 2226 1087 2284 yremio
1112 2240 1204 2285 per
1232 2227 1450 2273 membra
1478 2238 1720 2285 soporem:
1758 2222 1910 2285 signi-

219 2297 384 2346 ficatio
435 2297 611 2361 gremii
657 2297 997 2346 diversitatem
1043 2301 1199 2360 tenet3
1253 2299 1495 2363 gremium
1541 2298 1673 2344 enim
1717 2296 1909 2344 intelle-

220 2372 355 2435 gitur
407 2387 506 2420 non
560 2371 722 2419 solum
777 2372 991 2420 sedentis
1046 2373 1181 2421 sinus
1244 2389 1414 2422 verum
1469 2373 1619 2419 etiam
1677 2370 1911 2432 quicquid

219 2446 410 2494 homini
449 2444 512 2493 ad
549 2446 770 2507 requiem
802 2448 1112 2508 praestiterit
1141 2447 1319 2495 locum.
1382 2446 1592 2508 denique
1622 2445 1911 2506 hocipsum

221 2521 373 2568 etiam
397 2519 495 2568 alio
519 2520 626 2568 loco
653 2513 726 2586 (1,
754 2513 886 2586 691)
909 2521 1080 2584 tetigit
1102 2523 1264 2583 poeta,
1290 2537 1403 2569 cum
1434 2519 1492 2566 de
1526 2518 1698 2567 eadem
1720 2519 1909 2566 Venere

223 2596 272 2641 et
318 2593 376 2641 de
426 2593 639 2642 Ascanio
688 2594 975 2656 loqueretur
1024 2598 1117 2656 „at
1152 2592 1374 2655 Venus“,
1423 2593 1610 2656 inquit,
1657 2592 1908 2654 „Ascanio

221 2668 471 2730 placidam
501 2683 588 2730 per
617 2667 837 2715 membra
869 2669 1086 2729 quietem
1115 2668 1305 2732 inrigat
1335 2670 1385 2716 et
1415 2667 1576 2715 fotum
1607 2665 1792 2730 gremio
1817 2666 1910 2712 dea

343 2797 367 2836 8
400 2794 603 2837 exhibere
624 2807 756 2850 posse
786 2793 829 2837 V
861 2794 931 2837 ed.
1056 2799 1109 2837 12
1145 2799 1198 2838 ut
1227 2795 1420 2838 alterum
1446 2794 1644 2849 pertinet
1665 2791 1707 2835 V
1737 2796 1790 2835 ut
1819 2804 1906 2834 om.

224 2852 294 2895 ed.
322 2853 570 2907 pertineret
597 2866 694 2897 nos,
814 2856 868 2895 15
894 2854 1066 2908 petitus
1097 2858 1159 2898 est
1182 2852 1224 2897 V
1252 2854 1443 2909 petierat
1476 2853 1625 2896 Venus
1656 2850 1726 2895 ed.
1758 2849 1908 2906 possis

225 2911 434 2955 conicere
457 2913 652 2967 petitwm
683 2917 767 2966 est,
806 2911 888 2955 sed
927 2911 983 2956 cf.
1018 2916 1057 2966 3,
1083 2917 1137 2955 42
1170 2914 1355 2967 petitwr.
1479 2914 1534 2954 18
1565 2911 1686 2967 iynis
1715 2908 1766 2953 in
1795 2908 1909 2952 lem-

224 2972 349 3014 mate
381 2970 435 3014 V.
560 2975 614 3014 33
646 2972 822 3028 ircriyat
844 2970 885 3013 V
916 2972 1083 3028 inqerit
1112 2970 1202 3015 ΗΟ
1229 2971 1299 3015 ed.

1942 977 1986 1009 10

1943 1346 1984 1379 15

1942 1717 1986 1748 20

1941 2085 1984 2119 25

1942 2456 1984 2487 30
