2050 3226
59 1355 100 1387 16

60 2097 102 2131 85

785 162 1089 208 AENEmos
1121 163 1163 207 x
1712 167 1817 221 361

129 303 287 353 tinere
318 319 418 352 non
449 303 673 366 possent,
702 303 956 365 promittit
984 305 1035 352 et
1057 303 1349 366 praemium.
1403 306 1473 352 est
1501 303 1672 353 domus
1704 305 1820 361 alta,

129 379 223 428 hoc
254 379 330 428 est
365 376 586 440 locuples
628 378 679 425 et
722 392 1020 441 magnarum
1057 377 1360 427 divitiarum.
1407 393 1591 441 magna
1630 394 1709 427 ars
1750 378 1822 426 di-

131 451 273 502 cendi
308 453 368 499 ut
403 449 734 514 promissurus
773 451 989 514 pretium
1026 467 1117 514 pro
1160 451 1533 501 conservatione
1564 452 1823 516 sanguinis

130 527 211 576 sui
233 526 393 590 primo
423 524 477 572 in
500 525 609 574 loco
641 525 923 574 ostenderet
943 540 1049 575 esse
1071 524 1226 574 dandi
1247 524 1604 588 substantiam3
1635 526 1826 575 frustra

131 599 262 649 enim
291 599 606 663 promittitur
634 598 722 647 ubi
751 615 852 649 non
883 599 1107 664 suppetit
1137 600 1273 663 quod
1304 599 1510 663 inpendi
1539 599 1699 663 possit
1737 603 1826 650 aut

131 674 320 723 debeat.
381 672 435 721 in
473 689 530 722 eo
571 672 682 736 ipso
722 672 962 736 quoniam
1000 674 1101 723 dici
1130 673 1300 737 potuit
1329 674 1416 722 sed
1444 690 1545 722 non
1576 676 1721 723 tanta
1752 675 1824 723 fa-

130 749 379 798 cultatum
419 748 564 811 copia
599 748 675 796 est
713 763 840 810 quae
878 748 1268 812 redemptionem
1300 763 1522 813 congrua
1558 748 1825 813 largitione

130 822 289 886 possit
332 821 543 884 inplere,
592 820 786 870 addidit
829 823 988 870 iacent
1024 823 1224 883 penitus
1269 823 1466 883 defossa
1502 822 1685 871 talenta
1723 837 1826 872 cae-

131 898 220 946 lati
256 896 467 958 argenti:
504 899 555 945 et
585 895 823 944 obrutum
852 895 1001 958 dixit,
1031 899 1091 945 ut
1120 911 1355 961 magnam
1384 897 1624 946 materiae
1664 899 1826 946 osten·

131 971 270 1020 deret
306 971 523 1034 copiam,
570 972 621 1019 et
663 970 724 1018 ab
764 973 871 1019 arte
910 970 1053 1019 duxit
1081 971 1302 1031 laudem,
1340 973 1400 1020 ut
1440 971 1828 1034 pulcherrimum

130 1045 506 1094 demonstraret.
570 1047 686 1093 suut
715 1045 831 1093 auri
860 1045 1086 1105 pondera
1114 1046 1236 1105 facti
1267 1045 1524 1106 infectique
1559 1045 1694 1102 mihi,
1734 1046 1827 1094 hoc

131 1123 207 1169 est
236 1121 290 1167 in
321 1117 575 1181 speciebus
607 1120 659 1167 et
686 1117 878 1168 massis,
939 1118 999 1167 de
1030 1118 1177 1168 modo
1202 1135 1260 1168 ac
1282 1118 1498 1182 pondere
1529 1119 1655 1167 nihil
1685 1119 1827 1179 dixit,

130 1196 190 1243 ut
219 1191 521 1258 generalitas
551 1194 752 1241 tantum
790 1191 1101 1242 coniecturae
1132 1193 1376 1242 tribueret
1410 1196 1655 1256 quantum
1685 1193 1828 1243 forsi-

130 1270 219 1317 tan
258 1267 486 1330 deposita
515 1282 616 1315 non
653 1266 908 1316 haberent.
967 1281 1067 1315 non
1103 1267 1181 1315 hic
1216 1267 1420 1316 victoria
1452 1268 1694 1316 Teucrwm
1723 1282 1828 1315 ver-

131 1343 248 1390 titur
286 1344 375 1390 aut
416 1341 588 1390 anima
631 1355 737 1389 wna
781 1341 918 1390 dabit
961 1341 1252 1390 discrimina
1296 1344 1459 1390 tanta:
1511 1341 1827 1391 rationabilis

130 1413 386 1479 persuasio
418 1417 468 1463 et
499 1415 739 1478 conplexa
762 1414 922 1464 omnis
949 1414 1109 1478 partis
1133 1430 1261 1478 quae
1279 1417 1478 1478 optatos
1502 1418 1707 1479 possent
1730 1415 1827 1465 exi-

130 1494 212 1539 tus
243 1505 533 1553 procurare:
563 1487 726 1552 prima
763 1489 1093 1538 humanitatis
1124 1489 1244 1551 fuit,
1283 1505 1491 1552 sequens
1524 1505 1651 1553 quae
1683 1506 1829 1553 spon-

131 1564 270 1612 deret
314 1580 373 1611 ex
419 1562 610 1613 divitiis
657 1563 989 1613 adfluentibus
1037 1563 1366 1613 commodum.
1443 1563 1564 1627 quid
1602 1580 1719 1628 ergo
1732 1601 1746 1626 ‚
1786 1566 1830 1614 si

131 1653 330 1702 parcere
362 1639 412 1685 et
442 1653 635 1687 sumere
657 1636 1025 1687 incommodum
1049 1637 1183 1686 fuit?
1238 1637 1455 1687 occurrit
1477 1638 1746 1702 deprecans
1779 1640 1830 1686 et

131 1712 205 1761 ait
252 1713 464 1762 victoria
508 1713 598 1760 tua
643 1727 743 1760 non
788 1711 939 1761 unius
985 1728 1102 1761 nece
1157 1711 1446 1761 conficietur
1494 1728 1585 1761 nec
1629 1711 1683 1760 in
1729 1728 1828 1761 uno

132 1787 410 1836 consistunt
434 1802 561 1850 quae
588 1802 615 1834 e
640 1786 834 1835 diverso
861 1786 1131 1836 metuenda
1155 1789 1285 1835 sunt.
1324 1786 1538 1835 dixerat:
1563 1786 1712 1835 finem
1741 1786 1828 1835 ille
1847 1794 1932 1834 530

133 1861 235 1909 suis
273 1859 499 1923 precibus
537 1860 737 1909 fecerat.
790 1858 988 1909 Aeneas
1027 1864 1194 1910 contra
1234 1861 1312 1909 cui
1343 1861 1466 1909 talia
1494 1861 1677 1909 reddit:
1715 1876 1829 1909 cum

133 1934 254 1983 dicit
292 1937 487 1996 contra,
536 1934 755 1983 ostendit
799 1950 899 1983 non
945 1950 1049 1984 esse
1088 1949 1256 1998 preces
1303 1935 1531 1999 rogantis
1571 1933 1829 1984 admissas.

133 2009 322 2070 arqenti
352 2012 494 2068 atque
524 2009 639 2057 auri
667 2023 908 2057 memoras
940 2023 1063 2070 quae
1092 2008 1248 2057 multa
1278 2009 1462 2058 talenta
1488 2010 1654 2070 quatis
1678 2024 1830 2069 parce

133 2084 253 2131 tuis:
283 2082 576 2131 admiranda
604 2083 858 2146 responsio
888 2099 978 2146 pro
1009 2098 1223 2146 persona
1259 2083 1367 2132 eius
1399 2083 1487 2145 qui
1518 2098 1575 2131 eo
1606 2086 1828 2146 tempore

132 2155 263 2205 nulli
293 2156 578 2205 decreverat
608 2171 711 2205 esse
743 2156 1048 2219 parcendum
1079 2158 1283 2220 propter
1304 2156 1552 2206 Pallantis
1583 2157 1829 2206 ultionem

134 2233 184 2280 et
224 2231 536 2280 commodum
581 2231 819 2279 victoriae
857 2245 1000 2293 sua03
1050 2230 1178 2279 illud
1224 2231 1355 2280 enim
1401 2231 1534 2294 quod
1571 2232 1827 2294 promitte·

133 2305 284 2354 batur
313 2305 378 2354 ad
409 2305 613 2354 victoris
637 2319 754 2367 opes
779 2320 893 2353 cum
921 2305 1034 2368 ipsa
1064 2305 1275 2354 victoria
1297 2306 1463 2354 fuerat
1484 2304 1826 2354 transiturum.

133 2379 340 2443 proinde
379 2378 450 2428 sic
489 2377 673 2441 coepit:
712 2378 915 2427 divitias
952 2381 1066 2428 tuas
1097 2395 1244 2442 parce
1274 2378 1443 2428 liberis
1473 2379 1598 2441 tuis,
1628 2380 1721 2427 hoc
1753 2382 1829 2427 est

135 2469 288 2503 serva.
345 2452 462 2502 inde
500 2452 632 2501 enim
662 2453 802 2515 parci
833 2452 1067 2502 dicuntur
1105 2453 1192 2517 qui
1229 2470 1329 2503 non
1359 2454 1573 2502 multum
1604 2456 1827 2516 erogant,

135 2527 255 2589 quia
287 2527 420 2590 quod
456 2526 722 2576 habuerint
766 2529 989 2589 servant3
1028 2543 1144 2576 nam
1184 2530 1235 2576 et
1272 2528 1428 2576 salem
1466 2543 1670 2590 parcum
1705 2526 1826 2574 Ver-

135 2601 288 2666 gilius
325 2600 459 2649 idem
497 2600 623 2649 dixit
655 2601 754 2650 alio
793 2601 901 2650 loco
940 2596 1040 2667 (ge.
1082 2602 1129 2663 3,
1151 2595 1307 2668 403),
1348 2601 1468 2665 quia
1506 2600 1695 2650 tradita
1733 2600 1828 2648 sibi

254 2746 279 2785 3
311 2743 690 2788 conservationem
712 2741 810 2785 VR.
903 2745 929 2785 6
953 2756 1092 2798 qwum
1115 2743 1210 2787 dici
1227 2743 1448 2798 potuisset
1471 2741 1542 2785 ed.
1635 2744 1662 2784 8
1694 2745 1828 2798 aqent

134 2799 220 2844 VR
249 2802 398 2846 iacent
427 2816 462 2845 r.
556 2805 611 2844 15
644 2806 727 2846 aut
748 2800 833 2844 VR
863 2801 989 2846 haud
1019 2801 1090 2845 ed.
1186 2806 1241 2846 16
1273 2806 1449 2857 optatos
1472 2799 1558 2843 VR
1587 2800 1651 2844 ad
1681 2812 1719 2844 ο.
1753 2799 1824 2843 ed.

136 2864 191 2903 17
216 2874 467 2916 procwrare
488 2859 573 2904 VR
598 2874 850 2916 provocare
880 2859 953 2904 ed.
1075 2865 1129 2903 21
1170 2860 1421 2904 mutuenda
1452 2859 1505 2902 R.
1628 2862 1683 2902 27
1721 2872 1827 2914 pro-

55 2961 58 2965 .
135 2919 338 2964 mittebat
366 2919 482 2963 edF.
605 2923 661 2963 28
691 2921 880 2964 victores
909 2932 1013 2975 opes
1035 2918 1120 2962 VR
1152 2933 1256 2976 opes
1286 2932 1374 2962 om.
1400 2918 1471 2962 ed.
1564 2923 1756 2974 quaerat
1785 2917 1827 2960 R

137 2983 297 3033 querat
316 2977 360 3021 V
388 2978 544 3033 fuerat
572 2992 655 3022 nos
689 2978 746 3022 cf.
772 2982 813 3033 8,
833 2981 887 3021 10
919 2983 1018 3023 erat
1044 2978 1115 3022 ed.
1209 2981 1264 3021 29
1297 2978 1441 3034 coepit
1456 2976 1540 3020 VR
1563 2977 1731 3034 incipit
1752 2977 1825 3021 ed.
