2050 3226
214 132 321 186 378
687 130 921 175 DONATI
950 130 1232 176 INTERPR.
1257 131 1436 178 VERG.

214 272 389 318 iterum
429 271 596 318 muros
647 269 734 319 aut
783 274 946 319 castra
983 271 1184 319 videbo?
1255 272 1299 320 si
1335 272 1549 334 rediero,
1596 287 1695 336 qua
1741 272 1903 321 fronte

213 346 396 392 iterum
436 344 613 393 videbo
651 360 817 393 muros
851 347 900 393 et
930 347 1094 393 castra
1124 344 1450 408 Laurentum,
1488 347 1620 394 unde
1658 346 1902 411 fugitivus

215 417 461 468 abscessi?
527 419 643 479 quid
689 434 869 467 manus
917 419 1007 466 illa
1055 420 1218 467 virum
1249 421 1350 480 ‘qui
1396 435 1472 468 me
1516 435 1716 480 meaque
1762 435 1906 470 arma

213 494 394 541 secuti?
434 508 552 552 quos
578 531 588 540 .
614 531 623 540 .
651 531 662 540 .
688 492 878 553 (nefas)
910 493 1068 541 omnis
1093 493 1309 553 infanda
1337 497 1487 542 morte
1517 495 1722 554 reliqui?
1770 494 1904 557 quid,

214 566 308 628 ait,
362 567 528 615 dicent
575 567 654 614 illi
704 567 790 629 qui
841 568 990 615 armis
1039 568 1164 615 meis
1217 582 1334 616 suas
1387 584 1504 631 opes
1554 569 1904 632 fortunamque
1959 584 1976 617 5

212 640 513 689 iunxerunt?
576 656 699 703 quos
738 640 937 702 prodidi
975 640 1264 703 deserendo,
1298 657 1421 706 quos
1452 642 1688 706 fugiendo
1720 643 1904 706 decepi,

155 752 159 755 .
214 731 337 778 quos
376 715 542 763 dimisi
582 715 645 762 ad
682 730 866 763 necem.
929 718 972 762 et
1007 730 1139 764 nunc
1168 716 1393 776 palantis
1421 717 1558 765 video
1585 718 1906 778 yemitumque

112 799 196 838 675
215 790 470 838 cadentum
519 789 726 848 accipio:
775 790 1114 837 moralitatem
1162 791 1349 852 tenuit3
1398 806 1515 838 nam
1565 807 1692 840 cum,
1727 792 1781 838 in
1829 793 1904 839 in-

213 865 361 912 certis
410 862 738 924 relinquimus
795 880 1096 926 quemquam
1145 865 1226 912 vel
1275 864 1339 912 ad
1386 865 1576 914 incerta
1629 865 1904 929 dirigimus,

214 938 312 985 cito
351 938 486 985 mala
525 952 778 999 speramus
819 938 1013 986 evenire
1051 953 1195 1000 posse
1236 941 1385 1000 quam
1426 938 1570 987 bona.
1645 940 1813 988 videre
1853 955 1904 988 se
1937 956 1979 988 10

213 1011 435 1060 cadentis
490 1010 613 1059 dicit
663 1014 714 1059 et
763 1012 978 1075 gemitus
1030 1012 1202 1060 audire
1251 1014 1588 1075 pereuntium,
1643 1015 1692 1062 et
1739 1015 1906 1062 totum

212 1089 380 1134 tamen
428 1085 490 1134 ab
538 1086 695 1134 oculis
737 1088 786 1134 et
826 1085 1026 1134 auribus
1065 1087 1212 1150 longe
1252 1089 1339 1135 est.
1418 1087 1746 1135 cernebantur
1782 1089 1905 1136 haec

214 1161 379 1208 animo
431 1162 481 1208 et
535 1159 700 1208 animo
756 1160 922 1208 audiri
973 1161 1302 1224 putabantur,
1356 1177 1470 1209 cum
1522 1161 1904 1225 imaginationes

211 1234 351 1296 ipsae
411 1233 634 1282 sensibus
695 1234 964 1284 tractantis
1022 1237 1346 1283 occurrerent.
1446 1236 1563 1295 quid
1624 1237 1747 1297 ayo?
1820 1240 1907 1284 aut

213 1323 336 1368 Quae
373 1309 476 1356 iam
506 1309 629 1356 satis
668 1309 769 1357 ima
800 1309 1005 1357 dehiscet
1034 1313 1165 1358 terra
1195 1310 1348 1357 mihi?
1409 1309 1723 1359 desiderabat
1752 1309 1907 1372 recipi
1937 1324 1978 1357 ιε

211 1382 430 1430 hiatibus
476 1384 638 1430 terrae
685 1384 735 1430 et
778 1382 830 1430 in
877 1383 1106 1432 fluctibus
1154 1399 1262 1431 eam
1308 1384 1593 1446 requirebat
1639 1400 1767 1446 quae
1804 1401 1904 1433 non

213 1459 321 1505 erat
359 1458 410 1503 et
449 1458 587 1504 cuius
627 1457 819 1518 copiam
859 1472 959 1504 non
997 1458 1225 1505 habebat.
1302 1472 1387 1505 vos
1425 1473 1451 1506 0
1482 1459 1649 1518 potius
1686 1459 1905 1506 miseres-

213 1532 320 1587 cite,
360 1532 513 1578 venti:
552 1546 660 1579 ecce
699 1531 947 1579 intellexit
976 1531 1082 1594 ipse
1122 1532 1310 1580 frustra
1340 1547 1392 1579 se
1426 1533 1704 1580 desiderare
1743 1535 1904 1580 terrae

213 1605 430 1653 divortia
469 1607 519 1652 et
558 1606 862 1667 apostropha
901 1605 964 1653 ad
1002 1607 1175 1654 ventos
1215 1606 1350 1653 facta
1387 1621 1563 1670 rogare
1603 1606 1905 1669 supplicium

212 1680 376 1741 coepit
415 1680 464 1726 et
501 1695 716 1741 poenam
753 1695 842 1741 pro
885 1679 1121 1728 beneficio
1171 1680 1440 1742 postulare.
1526 1681 1581 1728 in
1629 1695 1796 1740 rupes,
1851 1682 1906 1728 in
1936 1694 1980 1726 so

211 1768 337 1801 sana
369 1753 555 1812 (volens
592 1768 677 1801 vos
709 1754 911 1801 Turnus
942 1754 1115 1813 adoro)
1145 1755 1266 1813 ferte
1296 1757 1451 1802 ratem
1481 1755 1732 1814 saevisque
1762 1755 1905 1802 vadis

211 1828 433 1875 inmittite
480 1827 659 1888 Syrtis,
711 1842 802 1887 quo
851 1842 1002 1887 neque
1050 1842 1125 1876 me
1173 1828 1349 1875 Rutuli
1396 1842 1483 1876 nec
1529 1829 1721 1877 conscia
1764 1830 1906 1888 fama

212 1905 466 1960 sequatur:
506 1917 533 1948 o
565 1904 684 1950 vota
723 1902 949 1950 adversa!
1010 1918 1100 1964 pro
1125 1901 1389 1964 ‘prosperis
1420 1902 1690 1966 naufragia
1730 1904 1904 1965 optan-

211 1977 315 2036 tur,
377 1977 437 2022 ut
490 1976 557 2023 sit
610 1976 769 2038 perire
831 1975 1142 2037 beneficium,
1204 1976 1543 2025 misericordia
1604 1975 1787 2024 dicitur
1846 1979 1906 2024 ut

211 2048 468 2112 navigium
507 2049 699 2097 feratur
736 2051 789 2097 in
826 2065 976 2112 rupes
1009 2053 1060 2098 et
1090 2051 1371 2098 conlidatur
1407 2050 1460 2097 in
1499 2066 1619 2098 saxa
1651 2044 1774 2117 (non
1806 2066 1903 2113 quo
1935 2065 1977 2098 25

211 2139 383 2171 revera
421 2123 624 2170 interire
665 2124 976 2172 commodum
1014 2125 1286 2185 videretur,
1337 2125 1423 2172 sed
1461 2125 1585 2172 lucis
1625 2119 1815 2190 taedio)
1855 2127 1905 2173 et

213 2196 440 2244 ludibriis
481 2197 695 2245 caruisse
734 2198 1137 2259 pulcherrimum.
1200 2200 1352 2260 certe,
1392 2198 1436 2246 si
1473 2199 1683 2259 malum,
1722 2199 1903 2261 inquit,

212 2272 401 2332 putatis
435 2285 539 2318 esse
573 2272 708 2333 quod
738 2287 909 2334 posc0,
948 2274 1139 2333 tamen,
1180 2273 1301 2335 quia
1339 2273 1431 2320 hoc
1470 2273 1612 2335 cupio
1651 2288 1741 2334 pro
1773 2272 1902 2320 bono

213 2361 425 2406 sumere,
466 2344 580 2393 date
622 2345 754 2407 quod
791 2346 1023 2394 iudicatis
1056 2362 1159 2395 esse
1192 2347 1518 2407 contrarium,
1556 2346 1746 2394 volenti
1775 2346 1904 2394 mori

212 2419 600 2467 misericordiam
648 2421 819 2481 portat
866 2420 954 2481 qui
993 2421 1038 2468 ei
1076 2421 1419 2483 procuraverit
1456 2421 1686 2482 mortem3
1710 2418 1713 2421 ’
1734 2423 1824 2468 aut
1861 2421 1903 2468 si
1933 2436 1976 2468 so

330 2537 358 2574 4
400 2545 510 2588 quos
547 2530 589 2573 V
631 2544 791 2586 quosve
834 2531 926 2575 ed:
972 2545 1081 2587 quos
1117 2533 1265 2575 metro
1305 2531 1585 2586 excluditur,
1626 2545 1813 2587 quosne,
1849 2533 1902 2574 ut

211 2590 418 2644 videtur,
449 2589 858 2645 interpretatione,
892 2604 1010 2645 quae
1051 2590 1112 2634 ad
1150 2604 1310 2646 quosve
1340 2590 1414 2634 vel
1445 2603 1638 2646 quosque
1669 2592 1862 2645 spectat.
1892 2590 1897 2648 Ι

211 2655 349 2694 morte
371 2649 413 2692 V
437 2650 509 2693 ed.
541 2651 593 2693 in
623 2663 679 2693 m.
714 2648 880 2704 optimi
911 2649 1048 2705 Verg.
1081 2649 1203 2693 libri.
1250 2650 1254 2707 Ι
1299 2650 1497 2706 relinqui
1517 2647 1572 2692 V.
1679 2653 1704 2692 8
1737 2650 1901 2693 caden-

211 2714 297 2752 tem
320 2708 375 2752 V.
419 2709 422 2766 Ι
470 2709 790 2753 mortalitatem
821 2708 892 2751 ed.
994 2713 1048 2751 10
1080 2710 1168 2753 cito
1191 2708 1233 2751 V
1256 2708 1344 2752 edI
1369 2709 1526 2764 potius
1556 2707 1671 2752 edF.
1773 2713 1829 2751 13
1861 2714 1903 2752 et

213 2769 360 2811 animi
391 2768 462 2812 ed.
555 2772 611 2810 14
643 2772 891 2812 occurreret
912 2766 965 2811 V.
1012 2767 1016 2825 Ι
1062 2781 1147 2824 ayo
1171 2767 1213 2810 V
1243 2781 1379 2824 aqam
1409 2767 1481 2811 ed.
1576 2772 1631 2810 21
1655 2768 1822 2811 volans
1844 2767 1897 2810 V.

214 2830 269 2869 23
305 2828 535 2882 prosperis
567 2826 610 2870 V
645 2826 716 2870 ed.
748 2839 838 2882 pro
871 2839 944 2881 pr.
978 2840 1075 2869 nos.
1196 2831 1253 2870 24
1291 2826 1601 2871 misericordia
1627 2825 1670 2869 V
1700 2827 1903 2871 misereri

214 2899 303 2929 esse
342 2885 413 2929 ed.
536 2889 591 2928 25
631 2886 819 2930 navium
853 2884 895 2927 V
932 2886 1169 2942 naviyium
1207 2899 1290 2929 nos
1327 2886 1462 2930 navis
1498 2885 1569 2929 ed.
1692 2889 1747 2927 29
1791 2899 1901 2929 suae

214 2944 286 2988 det
308 2943 351 2987 V
381 2958 552 2989 sumere
583 2945 659 3001 (cf.
688 2949 726 2999 7,
753 2945 856 2999 261)
889 2945 992 2988 date
1023 2958 1106 2988 nos
1140 2958 1227 2988 om.
1254 2944 1324 2988 ed.
