2050 3226
768 187 1070 233 AENEmos
1102 188 1144 232 x
1694 191 1801 245 349

58 292 62 384 1
112 330 320 387 debetur,
360 342 580 388 cuperem
617 329 722 388 ipse
753 343 939 389 parens
975 331 1212 388 spectator
1249 328 1448 376 adesset.
1526 328 1681 390 solus,
1727 330 1801 376 in-

113 405 246 468 quit,
283 403 366 452 ibo
403 402 457 450 in
494 402 797 464 Pallantem3
844 403 940 452 soli
986 403 1119 451 enim
1162 402 1288 450 mihi
1335 402 1443 450 eius
1482 402 1691 450 debetur
1727 402 1801 449 in-

110 477 303 526 teritus,
378 492 469 540 ego
519 477 582 525 ab
626 477 736 539 ipso
783 476 1005 525 debitum
1050 475 1351 539 supplicium
1403 479 1594 539 petam,
1649 479 1800 539 atque

110 552 305 601 utinam
353 553 496 614 pater
544 550 650 599 eius
700 566 934 614 praesens
985 566 1090 600 esse
1134 551 1404 613 potuisset,
1443 550 1634 599 videret
1673 549 1801 598 orbi-

62 639 81 670 5
109 628 268 674 tatem
290 641 447 687 suam,
470 624 663 674 videret
694 641 841 688 quem
872 625 1112 674 Troianos
1144 624 1456 687 suscipiendo
1488 624 1802 687 contempsit.

110 699 406 763 loquebatur
444 700 588 762 quasi
625 700 728 747 iam
767 702 967 762 sperata
996 700 1305 762 perfecisset,
1335 699 1537 760 vellem,
1569 699 1662 759 ait,
1693 699 1801 761 ipse

109 789 288 837 parens
321 769 452 840 (ipse
483 789 583 822 non
616 773 822 821 dubium
852 776 929 822 cst
959 776 1148 837 quanta
1171 772 1437 838 significet:
1474 774 1582 835 ipse
1608 775 1803 821 amator

110 847 300 898 scilicet
349 847 507 896 hostis
556 848 677 909 mci,
725 848 833 910 ipse
885 848 970 910 qui
1021 848 1307 896 adversario
1355 863 1465 896 meo
1515 849 1804 910 procuravit

110 921 320 983 auxilia,
356 922 462 984 ipse
501 921 589 984 qui
626 924 823 970 tantum
873 921 1000 971 favit
1047 921 1272 984 inimico,
1320 923 1378 970 ut
1426 920 1582 970 etiam
1628 921 1803 982 filium,

29 1000 81 1043 20
111 1012 258 1060 quem
305 997 508 1044 unicum
556 996 757 1057 habuit,
806 998 860 1043 in
910 999 1237 1060 augmentum
1287 996 1587 1044 auxiliorum
1637 994 1802 1061 daret)

111 1072 361 1134 spectator
399 1070 615 1131 adesset,
651 1070 759 1133 ipse
797 1070 1031 1133 probaret
1066 1071 1308 1119 virtutem
1344 1085 1525 1131 meam,
1563 1069 1674 1132 ipse‘
1702 1069 1802 1118 suis

112 1145 268 1193 oculis
306 1147 527 1193 cerneret
564 1145 831 1193 orbitatem
868 1161 1011 1194 suam
1049 1146 1100 1193 et
1137 1160 1280 1193 omne
1319 1145 1513 1208 generis
1554 1159 1612 1192 ac
1641 1145 1804 1207 poste-

110 1219 277 1267 ritatis
316 1234 434 1267 suae
473 1234 652 1267 nomen
691 1219 985 1280 extinctum,
1023 1219 1131 1281 ipse
1169 1233 1270 1267 non
1309 1219 1507 1266 audiret
1544 1219 1802 1266 interitum

110 1292 205 1354 fili,
244 1293 331 1342 sed
369 1295 610 1354 cerneret,
647 1294 878 1341 ureretur
914 1293 1127 1342 videndo
1166 1293 1320 1341 funus
1359 1308 1507 1341 suum
1538 1294 1588 1340 et
1618 1307 1802 1355 poenas

29 1375 79 1412 ἐκ)
111 1367 266 1415 animi
319 1369 369 1415 et
421 1382 625 1430 corpore
680 1367 835 1415 daret.
924 1367 1007 1415 hic
1068 1382 1268 1429 quoque
1321 1366 1576 1430 Vergilius
1637 1366 1805 1414 firmat

111 1442 343 1506 graviora
380 1457 484 1490 esse
523 1441 660 1490 mala
697 1457 824 1504 quae
863 1440 1214 1504 perpetiuntur
1249 1440 1496 1506 videntes,
1543 1441 1803 1502 aliquanto

110 1530 226 1564 vero
275 1514 464 1564 leviora
514 1531 643 1578 quae
694 1515 918 1565 audiunt.
1010 1515 1128 1564 haee
1181 1516 1251 1564 ait
1300 1519 1342 1563 et
1390 1515 1509 1563 socii
1562 1518 1806 1563 cesserunt

47 1605 50 1646 1
110 1603 314 1650 aequore
351 1590 509 1638 iusso:
548 1605 662 1639 cum
698 1590 933 1638 iussionis
972 1589 1068 1638 fine
1106 1591 1374 1652 praecepta
1412 1589 1642 1652 conpleta
1673 1592 1804 1651 sunt,

44 1677 50 1716 1
110 1665 363 1712 cesserunt
402 1679 568 1712 omnes
608 1663 752 1725 socii,
789 1666 849 1711 ut
885 1664 1145 1727 patefieret
1183 1663 1419 1727 spatium.
1475 1666 1526 1712 at
1562 1663 1803 1711 Ratalwm
1818 1671 1905 1710 445

111 1739 336 1786 abscessu
373 1738 564 1786 iuvenis
602 1742 704 1786 tum
740 1739 881 1786 iussa
917 1739 1130 1799 superba
1173 1739 1408 1786 miratur:
1454 1738 1804 1786 auctoritatem

108 1811 324 1861 iubentis
364 1827 422 1860 ac
461 1812 743 1875 superbiam
779 1813 992 1862 miratus
1032 1814 1107 1861 est
1144 1811 1335 1873 Pallas,
1383 1827 1535 1875 quam
1572 1811 1804 1874 probavit

109 1888 163 1934 in
202 1885 433 1935 abscessu
469 1887 783 1935 Rutulorum.
836 1890 994 1947 stupet
1028 1888 1083 1934 in
1116 1887 1308 1935 Turno:
1346 1889 1397 1934 et
1432 1887 1527 1934 hoc
1556 1885 1720 1950 magis
1749 1886 1803 1933 in

111 1961 278 2008 Turno
318 1960 535 2023 stupuit,
574 1961 708 2023 quod
747 1962 816 2010 sic
855 1961 1186 2023 obsequenter
1225 1961 1425 2010 auditus
1465 1962 1553 2008 est.
1609 1974 1803 2020 corpus-

112 2049 201 2094 que
242 2048 334 2095 per
382 2035 553 2095 inqens
602 2035 791 2084 lwmina
840 2036 988 2084 volvit
1034 2036 1221 2094 obitque
1270 2036 1395 2083 traci
1425 2035 1600 2095 procat
1637 2035 1804 2082 omnia

61 2121 80 2152 5
110 2109 244 2156 visu:
292 2109 509 2157 inimicis
563 2109 718 2158 oculis
771 2110 972 2174 singula
1024 2109 1214 2157 inimici
1265 2109 1488 2157 membra
1539 2108 1801 2171 pendebat.

111 2183 290 2231 talibus
337 2186 379 2231 et
424 2183 564 2231 dictis
608 2185 647 2231 it
690 2187 857 2232 contra
902 2184 1032 2232 dieta
1070 2185 1292 2244 tyranni:
1336 2186 1395 2231 ut
1432 2198 1483 2231 se
1522 2183 1804 2231 ostenderet

110 2256 278 2305 Pallas
328 2256 490 2305 verbis
540 2257 696 2305 Turni
743 2273 844 2305 non
891 2257 1143 2318 territum,
1193 2257 1264 2306 sic
1313 2260 1488 2306 contra
1524 2257 1801 2320 respondit:

112 2335 198 2379 aut
233 2331 403 2391 spoliis
442 2345 522 2392 eqo
559 2332 662 2380 iam
699 2331 857 2392 raptis
887 2332 1127 2380 laudabor
1156 2332 1331 2392 opimis
1363 2335 1449 2380 aut
1479 2331 1566 2379 leto
1597 2331 1801 2391 insiyni:
1819 2336 1904 2376 450

111 2406 228 2453 sorti
271 2409 417 2465 pater
470 2419 654 2465 aequus
701 2406 892 2465 utrique
937 2409 1018 2454 est.
1094 2406 1201 2454 tolle
1251 2407 1430 2454 minas.
1508 2406 1627 2467 quia
1677 2405 1803 2453 dixit

113 2481 285 2528 contra
324 2479 458 2528 dicta
494 2479 700 2543 tyranni
736 2479 924 2528 talibus
961 2480 1239 2542 respondit,
1279 2481 1482 2542 exponit
1511 2480 1563 2527 in
1601 2494 1800 2541 respon-

113 2553 247 2602 sione
286 2553 532 2602 Pallantis
573 2553 693 2616 quid
732 2555 800 2602 sit
837 2556 1010 2602 contra
1049 2553 1194 2602 dicta.
1272 2554 1467 2602 Turnus
1516 2554 1702 2616 quippe
1747 2553 1800 2600 in

233 2715 256 2754 1
290 2715 545 2767 expectator
567 2710 664 2754 VR.
757 2715 784 2753 4
815 2710 984 2755 videret
1005 2710 1090 2754 VR
1119 2716 1172 2755 ut
1200 2725 1240 2755 v.
1274 2710 1345 2754 cd.
1439 2715 1464 2753 6
1497 2710 1698 2764 loquitur
1729 2709 1800 2753 ed.

28 2761 31 2822 ἶ
115 2774 167 2812 11
199 2775 423 2826 spectator
446 2769 530 2812 VR
559 2771 602 2814 si
622 2783 688 2826 sp.
716 2769 787 2813 ed.
878 2773 933 2813 15
964 2771 1111 2814 animi
1133 2769 1219 2813 VR
1248 2783 1347 2814 -mo
1378 2768 1449 2812 ed.
1537 2773 1591 2812 16
1616 2782 1799 2824 quae—

30 2874 34 2888 ,
116 2833 168 2872 17
200 2829 400 2874 audiunt
435 2831 610 2873 temere
648 2830 762 2872 mut.
796 2828 867 2872 ed.
997 2833 1053 2873 20
1091 2830 1288 2874 miratur
1311 2827 1395 2870 VR
1425 2828 1620 2871 miratus
1650 2827 1720 2871 ed.
1755 2830 1802 2871 et

114 2887 280 2943 optimi
320 2887 459 2945 Verg.
503 2887 625 2931 libri.
749 2892 805 2931 24
845 2901 932 2944 per
977 2901 1066 2932 om.
1102 2888 1157 2932 V.
1281 2892 1336 2930 25
1378 2886 1684 2942 perpendebat
1729 2887 1801 2931 ed.

115 2951 171 2988 26
194 2952 374 2991 econtra
396 2961 481 3003 pro
504 2948 542 2991 it
564 2961 600 2992 c.
615 2947 712 2991 VR.
742 2947 746 3004 J
773 2960 820 2991 se
842 2949 949 3002 post
970 2948 1117 2992 Tarni
1138 2949 1365 3002 transpos
1385 2945 1456 2989 ed.
1521 2949 1574 2988 27
1596 2947 1802 2990 territum

32 3005 35 3041 5
114 3003 198 3047 VR
221 3019 311 3050 esse
329 3006 492 3051 deterr·
511 3005 582 3050 ed.
645 3010 700 3049 29
725 3011 842 3051 sorte
858 3006 954 3049 VR.
1018 3011 1071 3050 31
1091 3007 1214 3051 dicta
1226 3005 1310 3048 VR
1326 3006 1422 3049 eius
1441 3005 1708 3049 sententiam
1728 3005 1801 3049 ed.
