2050 3226
807 138 1112 184 AENnmos
1142 137 1186 182 x
1734 142 1841 196 377

149 280 292 328 navis
330 278 383 328 in
422 279 582 328 altum
619 278 903 340 duceretur,
950 280 1001 328 et
1046 277 1339 328 escendendi
1376 281 1426 328 et
1464 277 1698 328 exiliendi
1734 296 1842 343 rep-

149 352 335 416 perisse
395 353 593 402 Turnus
652 353 927 402 remedium
985 354 1176 418 posset:
1240 368 1372 401 nunc
1425 354 1572 416 rapta
1626 356 1721 415 est,
1786 357 1844 403 ut

151 429 266 476 ante
304 428 358 476 in
397 428 558 476 altum
603 427 884 491 perveniret
929 443 1080 490 quam
1118 427 1388 476 sentiretur
1427 426 1632 476 nexibus
1672 427 1841 477 libera.

151 500 295 565 quasi
330 501 628 551 inhaesisset
665 517 806 564 saxo,
844 502 916 551 sic
962 500 1090 550 dixit
1133 501 1381 564 avulsam3
1428 501 1666 550 avellitur
1711 502 1840 550 enim

52 592 59 598 “
150 575 285 638 quod
333 576 440 624 sine
485 576 539 626 vi
583 591 683 625 non
727 578 897 640 potest
942 576 1178 639 separari.
1251 576 1392 624 illum
1438 579 1600 624 autem
1647 574 1843 625 Aeneas

73 961 118 993 20

0 1325 116 1366 '15

60 1703 116 1737 ‘80

74 2074 116 2107 25

149 651 391 699 absentem
421 650 476 698 in
497 650 692 710 proelia
716 651 900 710 poscit:
929 665 1074 699 verus
1097 649 1294 699 Aeneas
1327 649 1583 698 absentem
1605 650 1841 714 ignorans

148 724 424 787 quaerebat
472 724 696 772 Turnum
746 727 798 773 et
844 723 1048 787 petebat
1094 724 1147 772 in
1200 724 1407 787 proelia.
1495 724 1639 772 obvia
1686 724 1842 772 multa

146 798 310 846 virum
347 798 549 847 demittit
578 812 783 858 corpora
810 798 978 847 morti:
1016 814 1131 847 cum
1161 799 1421 862 quaereret
1450 797 1695 860 Turnum,
1735 799 1841 860 qui-

148 888 374 935 cumque*
395 872 476 921 illi
514 871 714 922 obviam
751 873 954 921 fuerunt
990 873 1141 921 morti
1178 874 1295 921 sunt
1331 871 1523 921 traditi.
1583 875 1687 920 tum
1725 873 1843 920 levis

146 946 267 995 haut
301 947 435 995 ultra
474 946 686 996 latebras
722 947 826 996 iam
865 948 1056 1007 quaerit
1090 947 1266 1008 ima90,
1304 947 1391 996 sed
1427 947 1632 996 sublime
1668 947 1842 995 volans

146 1021 268 1069 nubi
315 1034 367 1069 se
414 1021 664 1069 inmiscuit
712 1024 873 1070 atrae:
925 1020 1048 1071 levis
1098 1020 1296 1082 umbra,
1349 1036 1476 1084 quae
1524 1020 1727 1070 Aenean
1778 1022 1840 1070 si-

146 1095 429 1144 mulaverat
458 1095 758 1159 fugientem,
798 1095 1027 1158 conplete
1059 1110 1116 1143 eo
1149 1095 1282 1159 quod
1312 1095 1479 1143 fuerat
1509 1094 1842 1144 necessarium

147 1169 357 1218 ulterius
396 1169 614 1218 latebras
653 1185 751 1218 non
800 1170 1040 1233 quaesiit,
1087 1169 1172 1218 sed
1210 1185 1261 1218 se
1300 1169 1513 1218 nubibus
1551 1168 1755 1218 miscuit
1791 1171 1843 1218 et

148 1258 205 1291 eo
254 1242 385 1291 unde
434 1246 640 1292 venerat
686 1245 940 1293 remeavit.
1017 1258 1126 1292 own
1176 1244 1404 1291 Turnum
1451 1243 1607 1292 medio
1656 1244 1842 1292 interea
1858 1252 1944 1293 665

145 1318 243 1377 fert
294 1331 498 1378 aequore
551 1319 714 1367 turbo:
783 1319 973 1367 interea
1027 1320 1329 1366 commotum
1380 1317 1590 1382 pelagus
1642 1317 1840 1366 turbine

146 1391 379 1440 trahebat
414 1390 615 1456 longius
654 1392 890 1441 Turnum.

265 1466 483 1526 Respicit
524 1467 732 1527 iynarus
776 1480 941 1515 rerum
986 1466 1302 1527 ingratusque
1340 1466 1516 1514 salutis
1554 1467 1597 1514 et
1633 1465 1843 1526 duplicis

148 1554 257 1588 cum
292 1554 404 1589 voce
440 1554 621 1588 manus
659 1541 727 1589 ad
763 1541 929 1589 sidera
966 1541 1140 1589 tendit:
1184 1556 1275 1603 pro
1323 1541 1530 1589 adverso
1571 1539 1839 1589 aestimans

147 1613 344 1663 Turnus
397 1614 531 1678 quod
578 1630 669 1678 pro
719 1615 878 1678 ipsius
929 1615 1095 1663 fuerat
1144 1615 1305 1663 salute
1351 1615 1627 1677 perfectum
1672 1615 1722 1676 et
1760 1631 1841 1678 ge-

148 1691 337 1737 storum
381 1705 472 1752 pro
519 1704 570 1737 se
616 1689 810 1737 nescius
855 1689 1072 1738 tetendit
1109 1704 1284 1738 manus
1326 1689 1390 1737 ad
1428 1688 1591 1738 sidera
1630 1690 1680 1737 et
1718 1689 1840 1737 haec

147 1762 473 1826 gemibundus
506 1762 700 1824 effudit,
740 1778 839 1827 quo
877 1763 932 1812 in
970 1764 1104 1813 facto
1143 1762 1392 1826 potuisset
1427 1762 1617 1827 ingrati
1655 1763 1840 1811 crimen

145 1836 416 1899 incurrere,
462 1836 559 1886 nisi
604 1839 746 1902 gesta
791 1838 1016 1887 nesciret.
1092 1838 1391 1898 omnipotens
1424 1837 1632 1899 yenitor,
1673 1840 1841 1886 tanton

145 1925 222 1958 me
260 1911 460 1959 crimine
496 1912 699 1973 diynum
736 1912 922 1960 duxisti
959 1915 1003 1961 et
1040 1912 1154 1960 talis
1198 1911 1394 1960 voluisti
1431 1912 1695 1972 expendere
1725 1925 1840 1972 poe-

147 1985 275 2032 nas?
334 1985 509 2034 hocine
546 1985 664 2047 tibi,
702 1985 950 2049 Iuppiter,
1000 1984 1225 2050 placuit?
1284 1986 1378 2034 hac
1417 2003 1494 2034 me
1534 2001 1694 2048 poena
1733 1985 1838 2049 dig-

148 2075 268 2106 num
309 2074 412 2108 esse
452 2058 672 2108 duxisti?
731 2060 854 2109 haec
891 2063 950 2109 ut
980 2060 1184 2122 diceret,
1224 2059 1503 2109 ostenditur
1539 2059 1839 2108 intellexisse

148 2133 375 2181 fraudem
414 2150 564 2196 quam
602 2149 777 2197 passus
816 2136 904 2183 est.
966 2135 1145 2197 incipit
1182 2150 1466 2183 enumerare
1505 2133 1673 2183 omnia
1711 2149 1839 2196 quae

148 2206 227 2255 illi
286 2223 472 2270 poenas
539 2209 692 2257 animi
761 2208 1065 2259 adferebant.
1172 2223 1264 2268 quo
1323 2210 1457 2269 feror
1515 2208 1646 2257 unde
1706 2209 1839 2256 abii?
1857 2213 1942 2254 670

149 2280 336 2343 nescio,
388 2282 575 2344 inquit,
630 2298 728 2345 quo
778 2282 932 2343 feror,
985 2283 1115 2331 unde
1167 2284 1337 2331 tamen
1390 2283 1671 2332 recesserim
1722 2283 1836 2330 scio.

149 2370 273 2415 quae
316 2370 392 2404 me
435 2357 559 2417 fuya
604 2370 800 2416 quemve
836 2357 1060 2405 reducet?
1123 2357 1286 2420 qualis
1326 2372 1459 2418 sum,
1499 2373 1611 2406 cum
1650 2357 1838 2420 fugisse

147 2429 340 2485 videor,
379 2431 540 2493 qualis
573 2430 638 2479 ad
676 2445 758 2479 eos
792 2445 915 2492 quos
948 2430 1142 2479 deserui
1170 2430 1457 2480 rediturus?
1509 2431 1839 2479 Laurentisne

268 2606 292 2644 1
326 2602 600 2646 ascendendi
630 2602 701 2645 ed.
739 2601 743 2659 Ι
777 2603 978 2658 repperis
1006 2606 1223 2647 veturnus
1246 2602 1288 2646 V
1320 2615 1433 2646 corr.
1468 2601 1539 2646 ed.
1645 2605 1669 2644 7
1702 2614 1839 2656 quae-

146 2660 332 2705 rebatur
371 2675 484 2705 num
515 2660 558 2704 V
602 2662 808 2706 Twrnum
849 2662 1092 2716 quaerebat
1134 2661 1204 2706 ed.
1263 2661 1267 2718 Ι
1318 2661 1508 2718 patebat
1537 2659 1579 2703 V
1618 2673 1730 2703 corr.
1766 2660 1836 2704 ed.

149 2723 175 2762 8
207 2719 383 2765 demitti
404 2719 446 2763 V
477 2720 667 2765 dimittit
698 2720 768 2764 ed.
905 2724 959 2764 18
996 2721 1116 2766 tollit
1144 2720 1187 2764 V
1222 2721 1293 2764 ed.
1336 2722 1528 2776 propter
1564 2719 1752 2764 tetendit
1789 2719 1838 2763 in

148 2778 338 2834 interpr.
376 2779 522 2824 tendit
559 2779 745 2835 scripsi,
785 2778 910 2834 quod
950 2779 1116 2836 optimi
1146 2779 1285 2837 Verg.
1317 2778 1427 2823 libri
1465 2777 1654 2821 habent.
1705 2778 1710 2835 Ι
1762 2792 1838 2823 ex—

148 2838 360 2882 istimans
390 2837 461 2882 ed.
554 2843 608 2882 21
641 2838 943 2896 gemebundus
973 2838 1045 2883 ed.
1130 2844 1185 2883 27
1217 2840 1325 2894 post
1354 2838 1476 2892 feror
1506 2851 1599 2881 non
1630 2835 1836 2890 distinxi,

150 2896 261 2951 quia
292 2895 407 2941 Don.
440 2897 562 2942 unde
591 2911 676 2953 pro
706 2897 816 2942 inde
847 2897 971 2941 unde
1003 2898 1214 2954 accipere
1244 2897 1440 2941 videtur.
1564 2900 1620 2940 28
1651 2896 1774 2951 feror
1796 2896 1837 2940 V

151 2955 221 2998 ed.
253 2955 380 3009 ferar
411 2958 639 3012 expectes,
763 2960 818 3000 30
849 2957 1082 3002 rediturus
1104 2957 1146 3001 V
1177 2972 1214 3002 r.
1247 2970 1346 3001 sum
1379 2956 1450 3000 ed.
