2050 3226
196 350 393 397 campos
421 337 552 396 ferro
584 351 707 396 quae
739 338 895 396 effusa
916 337 1157 392 iacebant,
1188 336 1406 384 redderet
1428 351 1486 384 ac
1508 337 1690 384 tumulo
1713 338 1891 385 sineret

196 410 447 458 succedere
476 414 660 458 terrae:
699 412 945 472 quantum
984 409 1186 458 additur
1215 409 1411 458 Aeneae
1441 410 1735 460 virtutibus!
1777 425 1890 458 cum

196 486 303 547 ipse
342 484 473 532 enim
504 500 706 533 suorum
737 485 1043 546 sepulturam
1074 483 1237 532 curari
1266 486 1592 547 praeciperet,
1633 501 1744 533 cum
1773 486 1887 533 mit-

195 560 324 607 teret
345 558 642 620 Pallantem,
666 557 859 605 nullum
890 558 1171 622 rogandum
1195 558 1385 607 censuit
1406 575 1496 607 nec
1518 559 1696 607 metuit
1721 575 1887 622 quem·

198 648 372 695 quam:
412 648 519 680 ecce
550 631 722 680 Latini
751 633 984 696 rogantes
1021 631 1352 694 inducuntur,
1390 635 1645 696 poscentes
1676 634 1888 695 veniam,

156 753 160 755 .
195 709 372 769 utpote
411 708 500 769 qui
536 705 686 768 primi
709 721 848 753 arma
888 707 1214 768 sumpsissent
1250 708 1301 755 et
1330 708 1403 755 rei
1425 709 1710 755 tenerentur
1746 722 1888 755 usur·

193 784 343 844 patae
392 796 480 843 per
527 779 861 828 temeritatem
913 781 1201 842 violentiae,
1263 782 1413 829 etiam
1466 780 1594 829 illud
1637 782 1889 844 inpetrare

197 855 466 917 cupientes,
503 855 561 901 ut
593 869 800 917 corpora
831 855 1117 916 sepulturae
1146 855 1375 903 mandari
1398 855 1722 918 permitteret,
1762 871 1888 918 quae

194 945 283 991 per
322 929 479 976 omnis
520 944 720 991 campos
759 928 1056 977 videbantur
1093 944 1197 978 esse
1235 931 1503 991 prostrata.
1568 931 1889 994 augmentum
2039 987 2041 990 v

196 1003 442 1051 adiectum
474 1004 549 1050 est
578 1002 731 1064 laudi,
764 1018 877 1051 cum
907 1003 993 1065 qui
1025 1001 1316 1051 dicebantur
1347 1003 1496 1052 occisi
1525 1004 1655 1052 latos
1688 1018 1887 1066 campos
1921 1016 1963 1048 ιο
2039 1043 2041 1049 .

195 1078 480 1140 opplessent
516 1079 567 1125 et
603 1077 688 1125 ille
729 1076 818 1140 qui
853 1076 1129 1126 resistentis
1176 1079 1423 1126 straverat
1467 1077 1667 1141 sepeliri
1713 1078 1889 1126 saltem

193 1151 387 1199 iuberet
417 1150 655 1199 exanimis
689 1167 745 1199 ac
777 1152 960 1199 sineret
990 1152 1182 1199 tumulo
1217 1153 1336 1215 tegi.
1390 1168 1490 1200 non
1518 1151 1644 1199 dixit
1665 1151 1888 1213 tumulis,

194 1241 255 1273 ne
302 1241 559 1274 caesorum
606 1225 851 1274 minueret
895 1241 1178 1287 numerum,
1229 1242 1342 1274 cum
1387 1226 1519 1274 enim
1563 1226 1712 1288 pauci
1759 1227 1888 1286 sunt,

194 1302 403 1362 possunt
434 1299 622 1363 singuli
652 1315 742 1348 suo
775 1300 986 1363 quisque
1008 1300 1204 1348 tumulo
1234 1300 1353 1364 tegi,
1386 1316 1497 1348 cum
1528 1316 1645 1349 vero
1676 1315 1888 1364 magnus

195 1374 588 1436 sepeliendorum
621 1376 695 1422 est
724 1374 915 1435 modus,
947 1390 1049 1421 una
1073 1375 1223 1422 simul
1247 1376 1475 1438 congerie
1507 1376 1557 1422 et
1587 1391 1765 1438 aggere
1790 1390 1888 1423 uno
1921 1387 1962 1420 15

196 199 306 252 422
673 195 906 241 DONATI
935 195 1215 241 INTERPR.
1239 195 1420 241 VERc.
1999 0 2043 344 1

2000 420 2003 422 ·
2031 346 2043 499 l

1942 645 1961 678 ⁵
2032 500 2043 697 l

196 1447 510 1496 clauduntur.
579 1448 770 1495 nullum
816 1462 925 1496 cum
961 1449 1099 1496 victis
1138 1452 1376 1496 certamen
1417 1452 1458 1496 et
1496 1449 1682 1497 aethere
1720 1449 1887 1505 cassis,

94 1534 176 1574 105
187 1525 411 1582 parceret
447 1522 715 1581 hospitibus
761 1522 1005 1583 quondam
1050 1523 1319 1582 socerisque
1363 1523 1569 1570 vocatis:
1618 1522 1890 1570 utebantur

195 1597 502 1659 argumentis
534 1595 597 1644 ad
627 1595 1022 1658 persuadendum
1053 1596 1356 1658 necessariis,
1394 1613 1455 1644 ne
1487 1597 1689 1645 duraret
1719 1596 1888 1645 odium

195 1686 294 1733 quo
334 1669 491 1718 occidi
528 1671 824 1719 meruerant.
901 1671 1189 1718 certandum
1238 1686 1338 1718 non
1384 1686 1488 1719 esse
1528 1686 1638 1718 cum
1676 1670 1885 1719 mortuis

195 1760 284 1792 nec
314 1743 647 1807 inputandum
678 1744 965 1806 corporibus
998 1745 1132 1807 quod
1163 1745 1356 1793 animae
1390 1744 1720 1807 deliquerunt.
1775 1760 1886 1807 par·
1919 1760 1962 1791 20

194 1817 400 1866 cendum
449 1819 526 1866 his
572 1819 778 1881 hospitii
824 1819 1239 1882 contemplatione
1280 1818 1413 1882 quod
1459 1818 1727 1881 aliquando
1775 1818 1886 1866 iun-

191 1891 357 1940 xisset.
435 1894 711 1955 socerisque
761 1893 972 1955 vocatis3
1021 1893 1242 1940 nondum
1295 1893 1427 1940 enim
1471 1893 1639 1941 fuerat
1688 1893 1886 1941 iunctus

192 1964 445 2027 Laviniae,
475 1966 586 2014 ideo
610 1966 815 2015 vocatis.
866 1982 973 2015 ecce
1005 1968 1245 2030 expressit
1273 1968 1423 2029 poeta
1447 1969 1690 2029 quantum
1718 1967 1886 2031 religi-

194 2040 300 2087 onis
340 2040 641 2102 hospitibus,
690 2042 932 2103 quantum
977 2042 1156 2089 soceris
1205 2041 1464 2102 debeatur,
1519 2041 1599 2090 vel
1648 2042 1782 2103 quod
1829 2057 1886 2088 ex

193 2114 387 2176 hospite
427 2129 576 2177 gener
605 2114 856 2163 videretur
887 2130 990 2164 esse
1030 2117 1303 2178 susceptus
1359 2130 1475 2175 quos
1508 2117 1661 2163 bouus
1690 2113 1886 2163 Aeneas
1917 2130 1959 2163 25

192 2188 310 2235 haut
348 2189 664 2248 aspernanda
694 2190 945 2248 precantis
971 2191 1279 2250 prosequitur
1315 2190 1460 2238 venia
1499 2193 1542 2237 et
1577 2190 1736 2237 verbis
1770 2189 1886 2237 haec

192 2263 394 2320 insuper
433 2261 592 2309 addit:
642 2262 824 2324 bonus,
871 2264 988 2326 quia
1025 2264 1279 2327 postulata
1325 2262 1585 2324 concessit,
1632 2265 1682 2310 et
1726 2263 1883 2310 multo

193 2334 389 2397 melior,
442 2335 562 2397 quia
607 2336 801 2384 addidit
839 2340 1013 2399 sponte
1061 2354 1188 2400 quae
1227 2338 1507 2401 legatorum
1553 2338 1672 2385 vota
1718 2352 1883 2384 cumu-

193 2410 370 2457 larent.
425 2425 535 2457 cum
574 2409 695 2457 dicit
718 2409 920 2458 Aenean
959 2411 1164 2473 bonum,
1202 2413 1305 2459 iam
1337 2411 1567 2459 debemus
1597 2410 1884 2474 intellegere

193 2500 293 2531 non
338 2486 638 2547 negaturum
677 2500 805 2545 quae
852 2485 1052 2533 fuerant
1089 2486 1364 2548 postulata,
1415 2484 1659 2533 suadebat
1698 2484 1882 2547 quippe
1915 2499 1958 2531 30

314 2601 336 2637 1
370 2596 576 2651 ferroque
605 2595 714 2650 fusa
736 2595 791 2639 V.
892 2601 916 2639 3
941 2598 1221 2653 praeceperit
1252 2603 1383 2652 (corr.
1408 2596 1451 2640 II
1474 2609 1595 2639 man.
1621 2595 1641 2638 I
1666 2595 1881 2652 evanida)

193 2653 236 2697 V
268 2654 338 2698 ed.
373 2656 657 2710 praeciperet
692 2668 790 2699 nos.
912 2659 936 2697 5
971 2661 1203 2711 poscentes
1227 2655 1268 2698 V
1299 2661 1341 2700 et
1363 2670 1412 2712 p.
1446 2655 1560 2699 edF.
1685 2659 1710 2698 6
1749 2669 1883 2699 usur-

188 2717 330 2768 pante
352 2712 394 2756 V
425 2719 672 2769 usurpatae
710 2713 781 2758 ed.
913 2718 967 2757 10
1000 2715 1227 2769 adfectum
1250 2714 1293 2758 V
1324 2716 1548 2758 adiectum
1586 2726 1669 2756 nos
1706 2714 1882 2767 factum

195 2771 298 2815 edF
344 2772 400 2816 cf.
448 2776 487 2825 9,
521 2777 619 2816 693.
679 2772 683 2830 Ι
741 2786 927 2828 cumque
965 2772 1005 2815 V
1052 2788 1152 2818 cum
1199 2775 1279 2830 qui
1323 2787 1406 2817 nos
1456 2787 1556 2817 cum
1601 2773 1640 2816 ii
1685 2773 1763 2827 qui
1810 2773 1879 2815 ed.

196 2835 248 2873 11
282 2832 533 2875 resistentes
558 2831 598 2874 V
623 2831 710 2875 edI
747 2833 994 2876 resilientes
1029 2833 1142 2877 edF.
1268 2838 1321 2876 12
1357 2832 1559 2876 tumulus
1581 2830 1623 2874 V
1653 2831 1748 2875 -los
1778 2831 1880 2875 edF

194 2891 280 2933 -Iis
317 2904 413 2933 nos.
528 2894 580 2934 15
613 2891 772 2935 modus
795 2890 836 2934 V
867 2905 1081 2935 numerus
1113 2892 1182 2935 ed.
1291 2896 1345 2934 23
1378 2905 1580 2947 quam—
1600 2894 1655 2932 24
1679 2904 1816 2945 quam
1839 2890 1881 2932 V

195 2954 482 3003 quantum—
502 2955 721 3005 quantum
764 2950 833 2994 ed.
958 2955 1012 2993 24
1054 2952 1121 2995 vel
1160 2965 1247 2994 om.
1285 2951 1356 2996 ed.
1486 2953 1542 2993 30
1574 2949 1809 3005 postulata
1841 2948 1882 2992 V

195 3009 399 3062 quaesita
431 3008 501 3051 ed.
