2050 3226
66 1033 110 1065 10

67 1406 108 1439 15

65 1779 108 1810 20

66 2148 109 2180 25

68 2516 110 2548 30

764 210 1069 255 AENEIDOS
1093 210 1202 255 VIII
1728 214 1832 268 169

142 353 310 400 Venus
349 352 587 412 tractanS,
619 365 670 400 se
702 349 838 414 apud
868 349 1102 399 vitricum
1132 365 1223 413 pro
1253 349 1483 414 privigno
1514 350 1835 400 inefficaciter

141 426 435 487 locuturam,
475 425 700 473 consulto
740 426 1047 473 occasionem
1083 424 1322 488 temporis
1360 426 1545 488 rapuit,
1583 427 1644 473 ut
1674 428 1832 474 extor-

142 501 315 563 queret
350 499 524 548 fraude
563 499 834 561 quodquod
872 499 972 548 alia
1008 499 1203 547 ratione
1233 514 1333 547 non
1363 501 1574 561 poterat.
1619 500 1835 562 tempori

140 574 332 623 interea
369 574 582 622 sociavit
620 575 670 621 et
707 573 871 621 locum
909 572 1211 636 perindeque
1249 588 1491 635 personae
1529 574 1699 622 uxoris
1738 574 1835 622 loci

142 651 192 697 et
222 648 459 710 temporis
499 647 869 711 suffragabatur
900 646 1108 696 occasio.
1160 646 1344 695 idcirco
1377 647 1502 695 dixit
1532 648 1835 707 thalamoque

140 723 258 771 haec
303 722 520 783 coniugis
568 736 716 770 aureo
761 722 952 781 incipit,
1001 723 1058 770 ut
1094 721 1227 770 inter
1263 721 1605 770 blandimenta
1644 724 1695 770 et
1733 738 1834 770 am-

140 797 312 859 plexus
361 811 418 844 ac
465 797 652 844 secreta
697 795 871 844 lectuli
910 795 971 843 ab
1011 811 1068 844 eo
1108 796 1196 858 qui
1233 797 1432 858 poterat
1469 795 1602 844 nolle
1642 795 1834 844 alienus

141 871 521 933 extorqueretur
559 869 779 918 adfectus
818 869 1054 932 fieretque
1094 870 1194 919 alio
1232 870 1380 919 modo
1419 869 1654 933 possibile
1702 870 1835 933 quod

140 940 178 1010 †
217 944 329 994 odio
369 944 590 993 condicio
629 959 954 1006 personarum
990 946 1381 1008 repugnantium
1417 946 1618 1007 poterat
1662 960 1834 1007 perne-

140 1034 272 1083 gare.
372 1022 415 1066 et
467 1019 608 1067 dictis
660 1019 882 1066 divinum
938 1019 1152 1078 inspirat
1203 1033 1440 1067 amorem:
1514 1019 1836 1082 persuasione

140 1093 387 1141 dictorum
431 1091 714 1155 inspirabat
759 1091 891 1155 quod
941 1107 992 1141 se
1045 1093 1274 1141 humanis
1328 1093 1611 1156 pectoribus
1667 1093 1835 1142 divino

141 1167 360 1230 quodam
414 1166 542 1216 dono
597 1168 924 1215 consueverat
975 1167 1203 1215 inserere.
1303 1166 1499 1215 divinus
1563 1182 1702 1216 amor
1761 1170 1836 1216 est

141 1259 288 1304 quem
342 1241 430 1290 dat
480 1243 665 1289 natura
718 1256 830 1288 cum
882 1241 1154 1302 nascimur,
1215 1257 1315 1303 quo
1376 1241 1435 1289 fit
1493 1244 1552 1290 ut
1612 1257 1834 1290 amemus

139 1318 372 1378 parentes
412 1317 500 1364 aut
536 1315 740 1375 liberos,
773 1315 972 1376 fratreS,
1006 1315 1240 1379 coniuges
1272 1317 1322 1363 et
1352 1318 1540 1364 ceteros
1573 1316 1663 1378 qui
1692 1315 1835 1364 nobis

141 1390 309 1453 aliqua
347 1388 606 1454 sanguinis
643 1388 837 1438 ratione
875 1387 1164 1453 iunguntur.
1219 1389 1418 1438 divinus
1459 1405 1600 1439 amor
1629 1406 1729 1438 non
1761 1391 1836 1438 est

139 1465 192 1512 in
239 1462 410 1512 amicis
462 1466 512 1512 et
561 1463 736 1511 ceteris
789 1478 912 1526 quos
962 1463 1222 1512 voluntate
1273 1463 1527 1528 diligimus
1580 1467 1668 1513 aut
1706 1479 1834 1512 com·

138 1538 275 1586 modi
306 1538 516 1586 alicuius
541 1540 631 1585 aut
659 1537 1024 1587 benivolentiae
1057 1553 1223 1586 causa.
1261 1538 1382 1587 haec
1411 1538 1570 1602 igitur
1598 1539 1835 1601 loquendi

140 1614 245 1661 arte
276 1612 475 1661 laborat
511 1613 570 1660 ut
608 1612 763 1660 talem
791 1613 1026 1660 vitricum
1056 1611 1285 1660 redderet
1315 1613 1487 1675 quales
1520 1628 1624 1661 esse
1657 1612 1836 1661 debent

138 1688 304 1749 patres
350 1687 405 1734 in
453 1687 674 1749 periculo
723 1685 954 1734 filiorum.
1036 1687 1216 1748 incipit
1265 1702 1383 1751 ergo
1431 1687 1593 1735 ductis
1634 1702 1692 1736 ex
1731 1687 1833 1736 alto

138 1759 398 1824 principiis
429 1760 571 1823 loqui
601 1776 658 1809 ex
684 1776 739 1809 eo
765 1760 1027 1810 ostendens
1053 1776 1207 1823 quam
1229 1762 1297 1810 sit
1321 1761 1523 1809 difficile
1547 1761 1834 1825 privignum

138 1835 304 1885 iuvari
342 1834 530 1883 auxilio
568 1835 757 1896 vitrici,
798 1837 1015 1883 ceterum
1054 1835 1110 1883 si-
1133 1835 1227 1884 hoc
1257 1851 1356 1884 non
1390 1835 1631 1896 obstaret,
1663 1835 1836 1884 debuit

139 1909 218 1957 uti
254 1908 436 1957 fiducia
474 1908 698 1973 coniugis
739 1911 789 1957 et
827 1909 888 1958 ab
926 1910 1050 1972 ipsis
1089 1909 1234 1958 rebus
1272 1909 1504 1972 incipere.
1558 1910 1677 1958 dum
1716 1910 1834 1958 bello

139 1982 358 2044 Aryolioi
379 1984 641 2031 vastabant
669 1984 912 2044 Peryaona
940 1997 1075 2044 reyes
1105 1984 1266 2032 debita
1296 1998 1594 2044 casurasque
1625 1984 1835 2032 inimicis
1852 1994 1937 2035 375

139 2058 335 2118 iynibus
374 2071 541 2105 arces:
590 2057 708 2105 dum
752 2057 1018 2122 Pergama,
1064 2058 1251 2120 inquit,
1297 2074 1438 2122 reges
1490 2057 1666 2107 Graeci
1703 2057 1833 2106 bello

140 2132 410 2180 vastabant
449 2133 499 2179 et
537 2146 673 2180 arces
713 2132 955 2181 incendio.
1031 2132 1302 2181 vastabant
1339 2132 1466 2181 dixit
1504 2135 1649 2181 vasta
1687 2131 1834 2180 facie-

139 2205 284 2267 bant,
323 2205 457 2268 quod
497 2205 594 2254 alio
634 2205 742 2254 loco
783 2199 857 2271 (3,
887 2201 978 2271 11)
1018 2206 1207 2255 dictum
1247 2209 1323 2255 est
1369 2209 1457 2268 „et
1497 2221 1703 2269 vcampos
1749 2206 1836 2254 ubi

142 2279 292 2328 Troia
330 2278 480 2341 fuit“‚
519 2281 579 2327 ut
617 2280 687 2328 sic
726 2282 927 2328 vastata
964 2282 1248 2329 nosceretur
1284 2281 1337 2328 in
1370 2296 1428 2329 ea
1458 2281 1652 2328 nullum
1683 2280 1834 2329 fuisse

142 2353 434 2403 aedificium.
513 2353 702 2402 debita:
740 2354 834 2401 hoc
874 2353 1005 2403 dicto
1053 2354 1272 2403 adstruit
1311 2370 1514 2403 causam
1551 2370 1651 2402 non
1689 2355 1835 2416 petiti

140 2429 259 2476 tunc
309 2427 482 2477 auxilii
528 2428 691 2490 ipsam
736 2427 888 2476 fuisse
941 2428 1061 2490 quia
1111 2428 1318 2478 ducibus
1367 2428 1568 2477 Graecis
1615 2429 1833 2476 fatorum

140 2503 334 2550 ratione
373 2502 550 2551 Troiae
591 2502 863 2550 debebatur
901 2502 1160 2551 excidium.
1245 2518 1344 2551 non
1390 2503 1547 2551 ullum
1593 2502 1834 2550 auxilium

260 2677 286 2715 3
334 2673 574 2729 quodquod
616 2674 671 2716 ut
718 2676 758 2726 9,
788 2676 843 2716 89
879 2671 921 2715 V
967 2672 1087 2728 quod
1131 2673 1311 2729 quidem
1358 2663 1428 2716 ed.
1564 2677 1587 2715 6
1635 2674 1755 2716 inter
1791 2671 1834 2714 V

141 2737 283 2776 mater
314 2731 386 2775 ed.
485 2735 512 2775 8
542 2732 750 2788 fieretque
772 2731 814 2774 V
846 2745 929 2787 que
961 2745 1049 2776 om.
1075 2731 1146 2775 ed.
1240 2736 1265 2775 9
1298 2732 1402 2776 odio
1434 2732 1634 2776 conditio
1658 2730 1699 2774 V
1729 2731 1834 2775 odio

140 2804 225 2846 per
256 2790 446 2847 dittogr.
480 2803 535 2835 ex
567 2791 624 2835 od
654 2805 704 2835 co
736 2792 887 2834 ortum
920 2793 1034 2846 puto
1066 2791 1172 2836 odio
1200 2791 1381 2835 condito
1414 2791 1483 2834 ed.
1617 2794 1672 2833 10
1710 2791 1833 2846 aspi-

141 2855 218 2894 rat
247 2850 318 2894 ed.
420 2855 474 2893 12
506 2863 701 2894 amorem
726 2849 767 2892 V
799 2863 926 2894 amor
957 2855 1021 2894 est
1049 2864 1133 2894 nos
1165 2864 1293 2895 amor
1324 2850 1395 2893 ed.
1497 2853 1550 2892 15
1583 2863 1676 2893 non
1705 2855 1769 2893 est
1792 2848 1834 2892 V

141 2923 234 2953 non
266 2909 336 2952 ed.
432 2913 485 2952 19
517 2909 652 2953 ducto
683 2909 753 2952 ed.
852 2912 907 2951 20
931 2910 1168 2965 principes
1191 2909 1232 2952 V
1265 2910 1336 2953 -io
1369 2908 1439 2952 ed.
1541 2912 1596 2951 24
1628 2910 1769 2953 etarci
1791 2907 1828 2951 V

147 2967 311 3012 Graeci
340 2981 424 3011 nos
454 2968 620 3024 Aryivi
651 2968 723 3013 ed.
846 2971 901 3011 26
933 2981 1091 3024 campo
1121 2969 1196 3012 sui
1218 2967 1272 3011 V.
1396 2971 1449 3010 27
1483 2972 1769 3012 noscerentur
1792 2967 1831 3011 V

144 3039 257 3069 corr.
291 3026 362 3071 ed.
