2050 3226
797 148 1101 216 AnNnmos
1132 148 1174 192 x
1725 152 1834 206 385

139 290 194 338 in
233 291 485 339 aeternam
522 290 719 337 noctem
758 289 959 338 duceret
997 288 1130 352 quod
1160 287 1359 351 penitus
1392 289 1651 338 clauserat.
1716 289 1834 339 an-

141 364 280 413 dicus
321 361 612 412 Alcathoum
643 364 916 420 obtruncat,
956 362 1189 412 Sacrator
1224 362 1500 424 Hydaspen
1536 361 1834 425 [Messapus

144 437 460 498 Cloniumque
496 437 896 498 Injcaoniumque
924 435 1247 499 Erichaeten]
1254 455 1271 486 .·
1307 436 1459 486 semel
1496 436 1719 500 positum
1750 439 1832 486 ob·

139 513 340 562 truncat
376 527 477 560 non
515 511 667 560 semel
706 511 1050 575 accipiendum
1099 514 1175 561 est
1222 512 1317 560 hoc
1365 510 1538 560 modot
1593 510 1833 561 Caedicus

84 647 93 653 q
138 586 442 636 Alcathoum
480 585 766 647 obtruncat,
805 584 1040 635 Sacrator
1075 585 1349 649 Hydaspen
1388 585 1677 647 obtruncat,
1707 585 1832 634 Mes-

12 658 15 669 '
82 656 93 670 Ἀ
140 676 289 724 sapus
346 659 671 723 Cloniumque
725 658 1130 722 Lycaoniumque
1192 660 1488 709 Erichaeten
1542 659 1833 709 obtruncat:

139 735 226 783 sed
269 735 363 784 hoc
408 734 664 783 foeditatis
710 734 947 785 vitandae
994 749 1146 783 causa
1190 733 1595 797 praetermissum
1634 736 1730 796 est,
1776 736 1835 782 ut

137 808 462 873 intellegatur
520 807 689 872 potius
752 825 905 871 quam
963 809 1177 872 legatur.
1266 809 1408 857 illum
1458 809 1671 868 infrenis
1725 809 1833 869 equi
1852 817 1935 857 750

138 882 284 943 lapsu
322 883 490 932 tellure
519 883 774 940 iacentem,
813 883 942 931 hunc
969 883 1184 943 peditem
1213 883 1389 943 pedes:
1426 881 1635 932 diversis
1669 882 1831 932 modis

10 999 14 1009 ,.
83 1018 85 1021 v
136 957 227 1006 hos
263 957 387 1006 dicit
417 956 625 1020 occisos;
665 957 879 1005 alterum
919 956 1102 1020 quippe
1141 957 1259 1005 ferit
1295 956 1514 1020 pedestri
1551 972 1833 1021 congressu,

9 1031 21 1074 ὲ
78 1034 88 1047 ’·
137 1031 354 1080 alterum
383 1031 650 1092 iacentem,
690 1046 803 1079 eum
841 1033 971 1080 esset
1006 1031 1214 1079 infrenis
1254 1032 1372 1093 equi
1410 1030 1556 1079 dorso
1597 1030 1830 1080 deiectus.

138 1109 181 1154 et
209 1106 397 1168 Lycius
418 1108 725 1166 processerat
745 1103 892 1166 Ayis,
925 1119 1065 1165 quem
1095 1108 1257 1153 tamen
1285 1105 1407 1154 haut
1435 1119 1604 1166 expers
1625 1105 1833 1155 Valerus

135 1180 330 1228 virtutis
369 1181 530 1228 avitae
568 1179 733 1228 deicit:
781 1195 896 1228 cum
934 1181 1086 1228 etiam
1123 1177 1307 1241 Lycius
1347 1178 1471 1243 Agis
1511 1179 1834 1242 processisset

135 1255 188 1302 in
226 1254 438 1316 bellum,
483 1254 614 1301 hunc
645 1253 857 1302 Valerus
897 1253 1062 1303 avitae
1101 1253 1282 1302 virtuti
1318 1253 1620 1316 respondens
1667 1253 1831 1302 deicit.

137 1331 190 1376 at
235 1329 506 1377 Thronium
549 1327 720 1376 Salius
763 1327 1048 1388 Saliumque
1091 1327 1323 1376 Nealces:
1368 1330 1420 1376 et
1463 1327 1544 1376 hic
1592 1327 1743 1376 deicit
1781 1330 1832 1376 et

137 1401 201 1451 ad
257 1402 451 1451 Salium
510 1401 729 1465 pertinet
781 1404 831 1450 et
878 1401 943 1450 ad
994 1402 1245 1451 Nealcem.
1334 1402 1581 1450 subnectit
1626 1402 1830 1451 diversi·

134 1479 289 1525 tatem
350 1477 484 1525 necis
544 1475 791 1539 ipsorum:
851 1476 1071 1533 insidiis,
1136 1477 1327 1538 inquit,
1386 1476 1546 1524 iaculo
1601 1479 1642 1523 et
1696 1476 1832 1537 lonye

133 1550 333 1611 fallente
381 1551 583 1611 sayitta:
631 1549 827 1599 insidiis
879 1550 1024 1599 ambo
1071 1551 1348 1613 perierunt,
1399 1551 1527 1599 alter
1570 1549 1735 1598 iaculo
1782 1552 1833 1599 et

134 1624 323 1690 sagitta
362 1625 502 1674 alter.

61 1709 104 1745 ιο
252 1699 369 1748 Iam
403 1699 573 1760 yravis
611 1699 854 1758 aequabat
891 1698 1048 1747 luctus
1087 1701 1130 1746 et
1169 1701 1342 1746 mutua
1380 1699 1589 1746 Mavors
1625 1698 1832 1758 funera.-
1849 1704 1933 1745 755

80 1764 84 1775 ⁴
133 1773 298 1822 luctus
338 1775 388 1822 et
419 1773 597 1822 funera
633 1773 736 1821 iam
767 1773 934 1837 gravis
973 1772 1108 1821 Mars
1147 1775 1199 1820 et
1229 1771 1396 1836 gravis
1436 1772 1596 1821 exitus
1628 1771 1830 1822 dimica·

133 1846 285 1896 tionis
326 1847 599 1911 aequabat3
636 1847 780 1910 paria
819 1847 1003 1910 quippe
1034 1847 1334 1894 detrimenta
1371 1847 1633 1909 utriusque
1670 1847 1830 1909 partis

135 1921 385 1970 extabant.
425 1921 547 1970 dicit
568 1922 670 1970 iam
694 1921 941 1984 quomodo
964 1923 1143 1970 mutua
1167 1921 1357 1983 funera,
1382 1921 1629 1984 quomodo
1647 1937 1830 1984 aequa-

134 1996 226 2043 lia:
274 1995 536 2044 caedebant
567 1996 758 2056 pariter
788 1996 1071 2057 pariterque
1114 1996 1323 2044 ruebant
1365 1996 1567 2044 victores
1611 1995 1829 2056 victique,

62 2081 103 2115 ιε
133 2083 285 2130 neque
306 2069 383 2117 his
404 2071 528 2130 fuya
549 2073 666 2118 nota
687 2083 839 2130 neque
856 2070 971 2118 illis.
1011 2085 1123 2118 cum
1145 2070 1406 2133 utriusque
1423 2071 1581 2132 partis
1600 2069 1832 2118 caderent

132 2143 229 2193 viri
260 2146 310 2191 et
341 2143 546 2193 alternis
578 2143 832 2192 vincerent
862 2149 1012 2207 atque
1044 2144 1251 2192 alternis
1289 2144 1626 2205 vincerentur,
1663 2144 1830 2192 nullus

133 2217 421 2268 vertebatur
450 2218 503 2265 in
534 2217 708 2282 fugam
739 2219 790 2266 et
820 2218 977 2267 averti
1008 2233 1107 2267 non
1139 2220 1368 2268 noverat:
1406 2219 1551 2267 tanta
1581 2217 1829 2281 cupiditas

254 2379 278 2417 1
310 2375 541 2419 reduceret
570 2373 642 2417 ed.
735 2378 761 2417 2
793 2387 861 2418 vv.
889 2377 1136 2418 748—749
1164 2387 1259 2419 non
1287 2375 1448 2418 extant
1473 2374 1524 2418 in
1547 2373 1603 2428 V,
1632 2373 1714 2417 sed
1743 2376 1827 2416 749

135 2433 415 2489 explicatur,
455 2446 600 2489 quare
638 2433 763 2477 hunc
803 2432 966 2477 addidi
1002 2447 1106 2477 cum
1138 2433 1210 2478 ed.
1332 2438 1360 2477 4
1398 2435 1480 2478 hoc
1518 2434 1648 2478 modo
1678 2431 1720 2476 V
1750 2432 1830 2477 sed

132 2493 174 2536 h.
200 2507 256 2538 m.
291 2493 362 2537 ed.
457 2498 483 2537 6
515 2493 800 2548 cloniumque
822 2491 865 2535 V
895 2506 980 2548 que
1011 2505 1099 2536 om.
1126 2492 1197 2537 ed.
1234 2493 1238 2544 1
1278 2494 1496 2538 erieheten
1519 2491 1574 2535 V.
1669 2495 1694 2534 9
1726 2491 1828 2547 lap·-

133 2565 234 2596 sum
256 2551 311 2595 V:
342 2552 432 2596 hoc
462 2552 654 2607 interpr.
682 2551 914 2596 affirmare
937 2551 1135 2607 videtur,
1168 2552 1250 2596 sed
1277 2553 1410 2596 dorso
1432 2551 1557 2594 unde
1579 2551 1712 2606 petat
1735 2563 1829 2594 non

135 2612 346 2667 apparet.
439 2615 495 2655 10
526 2611 621 2665 fuit
642 2610 684 2654 V
709 2610 781 2655 ed.
815 2624 904 2655 om.
937 2611 1009 2655 ed.
1040 2613 1160 2667 post.
1193 2612 1302 2666 ferit
1330 2625 1427 2655 noe.
1531 2614 1584 2652 12
1616 2610 1748 2666 hayis
1770 2608 1826 2654 V.

136 2674 190 2714 13
223 2670 383 2715 deiecit
411 2670 462 2714 in
491 2670 646 2715 lemm.
663 2669 706 2713 V
730 2670 868 2714 deicit
891 2670 1055 2726 scripsi
1079 2683 1135 2714 ex
1158 2670 1350 2726 interpr.
1383 2671 1389 2726 l
1423 2683 1593 2714 cum—
1612 2673 1668 2711 14
1692 2668 1830 2713 deicit

135 2742 225 2773 om.
257 2729 328 2773 ed.
381 2730 386 2787 Ι
436 2731 603 2787 lyctius
641 2729 706 2786 (in
745 2729 898 2773 lemm.
931 2730 1093 2787 lycius)
1129 2729 1183 2773 V.
1316 2732 1369 2772 15
1402 2729 1683 2772 dithronium
1706 2726 1749 2770 V
1779 2732 1829 2771 at

140 2789 244 2833 Thr.
276 2802 360 2832 nos
391 2789 644 2834 Arronium
676 2788 747 2833 ed.
845 2792 899 2831 17
930 2788 1132 2845 ipsorum
1154 2788 1197 2833 V
1228 2801 1381 2833 eorum
1412 2787 1483 2830 ed.
1528 2787 1533 2844 Ι
1578 2786 1763 2843 ipsidiis
1785 2785 1829 2831 V

134 2847 332 2904 insiynis
362 2847 433 2891 ed.
480 2847 486 2907 Ι
535 2849 686 2904 inquit
716 2861 805 2892 om.
831 2847 903 2892 ed.
934 2847 1371 2904 interpretationem
1401 2847 1575 2889 temere
1606 2846 1720 2890 mut.
1753 2845 1826 2890 ed.

137 2909 192 2948 20
223 2906 382 2960 fenera
412 2906 477 2964 (in
506 2906 698 2963 interpr.
723 2907 906 2962 funera)
929 2905 985 2951 V.
1072 2911 1127 2951 23
1159 2911 1383 2952 mutua—
1398 2904 1616 2962 quomodo
1639 2918 1728 2949 om.
1753 2904 1825 2949 ed.

137 2968 192 3007 25
225 2979 280 3010 ex
309 2971 502 3022 utraque
524 2971 661 3022 parte
693 2965 765 3010 ed.

224 3053 322 3087 Don.
338 3054 495 3094 interpr.
509 3055 622 3095 Verg.
646 3054 723 3087 vol.
739 3054 792 3087 11.
1502 3055 1557 3095 25
