2050 3226
214 204 320 257 170
683 201 917 247 DONATI
944 202 1011 247 IN
1012 202 1225 247 TERPR.
1250 202 1428 249 VERG.

209 342 422 399 miseriS,
455 356 554 390 uon
585 357 729 391 arma
757 343 929 403 roqavi
959 343 1082 391 artis
1112 343 1275 402 opisve
1304 346 1417 392 tuae
1446 357 1533 392 uec
1562 347 1618 402 te,
1652 345 1902 393 carissime

211 416 442 473 conduma,
474 417 530 464 iu
561 430 812 464 eassumve
842 420 948 464 tuos
977 417 1110 464 volui
1141 431 1355 465 exercere
1387 417 1597 466 labores:
1634 419 1797 480 nolui,
1826 418 1902 466 in-

211 491 341 553 quit,
393 492 514 538 tunc
569 491 763 552 aliquid
814 492 1004 554 petere,
1058 490 1296 552 quoniam
1349 491 1467 540 fatis
1522 492 1901 541 adversantibus

209 565 455 627 perituros
493 563 664 613 iuvare
704 581 804 613 non
841 566 1054 627 poteras,
1116 566 1340 624 quamvis
1378 569 1421 613 et
1456 566 1649 614 Priami
1686 567 1904 615 deberem

107 649 192 690 380
205 639 426 698 plurima
474 639 607 686 natis
657 642 701 686 et
748 639 929 686 durum
966 636 1163 686 Aeneae
1198 678 1202 682 .
1210 640 1449 697 flevissem
1485 654 1629 700 saepe
1668 641 1904 689 laborem.-

209 711 327 760 licet
378 729 479 773 me,
532 713 720 775 inquit,
775 714 964 760 artaret
1015 713 1242 761 adfectus
1296 730 1443 777 quem
1497 714 1734 762 debebam
1785 714 1903 763 filiis

162 840 166 843 ,
210 786 399 834 Priami
437 779 554 853 (hoc
593 787 796 849 propter
835 786 1069 834 Creusam
1113 789 1280 849 potest
1316 787 1484 836 videre
1523 788 1727 850 dixisse,
1775 804 1902 851 quae

209 860 313 909 filia
351 860 542 908 Priami
579 860 680 908 fuit
717 862 767 908 et
803 861 959 923 ipsius
991 860 1199 909 Veneris
1231 855 1425 928 nurus),
1457 861 1674 910 dolerem
1706 878 1903 926 quoque

210 935 526 983 vehementer
578 934 771 983 labores
825 935 1047 996 Aeneae,
1100 935 1239 983 nolui
1291 938 1405 985 tuos
1459 936 1652 985 labores
1707 937 1904 985 effundi.

211 1024 320 1057 ecce
371 1007 591 1056 ostendit
640 1024 691 1057 se
740 1010 922 1057 marito
974 1008 1327 1072 obsequentem
1377 1025 1434 1058 ac
1483 1025 1534 1058 se
1584 1011 1677 1059 hoc
1727 1027 1903 1075 genere

211 1082 542 1143 commendat,
590 1082 723 1144 quod
767 1082 820 1130 in
866 1082 1092 1145 petendis
1137 1083 1386 1132 beneficiis
1430 1100 1520 1132 nec
1559 1084 1768 1133 adsidua
1805 1084 1906 1132 fuit

209 1172 300 1204 nec
330 1156 534 1219 perinde
567 1155 758 1218 odiosa3
791 1173 949 1220 neque
972 1158 1065 1205 hoc
1089 1158 1375 1220 inpetrandi
1399 1157 1678 1207 diffidentia
1700 1159 1905 1220 factum,

210 1231 296 1279 sed
349 1247 410 1279 ne
465 1231 668 1278 Troiani
722 1246 834 1278 cum
878 1231 1096 1280 Vulcani
1147 1231 1395 1280 beneficiis
1448 1232 1723 1281 interirent.
1812 1233 1906 1281 hoc

209 1305 342 1352 idem
370 1304 507 1353 illius
541 1320 735 1366 quoque
765 1305 979 1367 profecit
1007 1305 1235 1368 partibus
1267 1306 1478 1369 ideoque
1510 1306 1758 1355 adseritur
1786 1309 1906 1355 tunc

209 1378 442 1440 tacitum,
488 1381 547 1427 ut
594 1378 857 1427 consilium
903 1380 1057 1428 fuerit
1102 1380 1320 1441 siluisse,
1365 1396 1465 1429 non
1514 1380 1792 1443 desperatio
1830 1380 1905 1428 in-

209 1452 454 1515 petrandi.
553 1453 624 1501 sic
685 1453 817 1500 enim
870 1455 1130 1516 provocari
1193 1454 1257 1502 ad
1309 1454 1621 1518 largiendum
1673 1469 1906 1518 praesens

209 1527 500 1575 beneficium
542 1527 791 1575 Vulcanus
842 1529 1032 1590 potuit,
1082 1529 1126 1577 si
1175 1528 1524 1577 verecundiam
1575 1530 1629 1576 in
1684 1545 1739 1577 eo
1793 1545 1905 1591 pro-

209 1600 378 1649 basset
425 1601 614 1662 uxoris,
665 1603 724 1648 ut
771 1602 942 1649 mariti
991 1618 1193 1665 operam
1241 1618 1341 1651 non
1378 1603 1596 1650 inaniter
1634 1605 1906 1666 quaereret.

210 1691 310 1722 non
347 1675 508 1722 ullum
548 1674 788 1722 auxilium
818 1675 1032 1737 miseris,
1064 1692 1164 1725 non
1196 1692 1335 1724 arma
1365 1677 1542 1740 rogavi
1573 1678 1695 1726 artis
1736 1677 1906 1739 opisve

210 1751 350 1797 tuae:
390 1749 486 1797 duo
520 1748 802 1811 proposuit,
836 1766 974 1798 arma
1012 1752 1062 1797 et
1100 1749 1363 1811 auxilium,
1395 1751 1471 1799 his
1512 1751 1611 1799 cito
1650 1751 1907 1814 respondit

212 1823 378 1871 dicens
419 1823 542 1871 artis
582 1823 751 1886 opisve
791 1826 930 1871 tuae:
971 1840 1110 1872 arma
1147 1824 1311 1872 voluit
1347 1826 1594 1887 pertinere
1633 1826 1698 1873 ad
1733 1826 1906 1887 artem,

213 1897 453 1944 auxilium
491 1912 606 1945 vero
648 1897 712 1944 ad
750 1913 894 1959 opem
931 1897 1089 1960 ipsius
1130 1897 1224 1946 dei.
1299 1898 1493 1947 interea
1531 1899 1650 1947 fatis
1691 1899 1907 1948 adstruit

211 1971 396 2033 perisse
435 1970 699 2033 imperium
738 1971 939 2032 Troiae,
990 1972 1124 2034 quod
1168 1971 1324 2035 ipsius
1375 1973 1499 2021 vitio
1538 1973 1747 2022 Veneris
1793 1989 1905 2022 con-

212 2044 380 2093 stabat
417 2060 634 2106 erasum,
656 2047 731 2092 ut
766 2045 1008 2094 invidiam
1046 2047 1162 2094 fatis
1200 2048 1394 2110 tegeret
1431 2050 1480 2096 et
1518 2047 1715 2096 vitaret.
1792 2063 1904 2096 cau-

213 2134 320 2167 sam
357 2118 430 2166 fili
469 2117 548 2166 sui
586 2119 851 2167 secundam
889 2120 1029 2181 fecit,
1068 2121 1120 2167 in
1168 2136 1268 2183 qua
1313 2121 1584 2169 maximum
1629 2121 1907 2170 sustinebat

213 2193 453 2254 dolorem,
502 2193 740 2254 quoniam
786 2208 915 2255 quae
961 2193 1159 2256 potiora
1205 2197 1323 2243 sunt
1367 2196 1544 2244 melius
1584 2196 1906 2244 conlocantur

210 2267 264 2314 in
302 2266 411 2317 fine.
472 2280 604 2314 nune
640 2266 776 2314 Iovis
806 2268 1025 2327 imperiis
1063 2269 1359 2316 Rutulorum
1397 2270 1604 2317 constitit
1633 2270 1756 2317 oris:
1795 2285 1904 2317 ecce

211 2340 490 2389 necessaria
527 2340 749 2388 inventio
790 2343 840 2389 et
884 2342 1027 2390 utilis
1074 2342 1138 2390 ad
1183 2342 1601 2405 persuadendum3
1649 2342 1736 2404 qui
1774 2343 1902 2391 enim

212 2416 345 2463 Iovis
369 2415 579 2477 imperio
606 2414 669 2462 ad
692 2414 892 2462 Italiam
916 2416 1081 2464 venire
1107 2418 1374 2479 conpulsus
1400 2418 1475 2466 est
1504 2433 1604 2465 non
1633 2417 1905 2465 iuvabatur

212 2489 264 2536 in
297 2503 512 2550 cassum,
543 2488 844 2550 perindeque
877 2490 1139 2538 constabat
1170 2494 1220 2538 et
1249 2490 1389 2539 illam
1414 2492 1658 2552 oportuno
1682 2493 1904 2554 tempore

212 2563 466 2626 postulare
513 2565 562 2609 et
607 2563 751 2609 illum
805 2578 904 2610 non
953 2564 1275 2613 inefficaciter
1324 2566 1710 2627 praestaturum.
1795 2579 1903 2625 eryo

334 2722 359 2761 3
386 2723 535 2773 petere
558 2715 599 2760 V
623 2732 653 2761 a
676 2722 717 2761 te
741 2731 790 2773 p.
818 2718 889 2762 ed.
979 2725 1004 2763 6
1036 2733 1165 2776 quem
1196 2720 1404 2764 debebam
1427 2719 1470 2763 V
1492 2721 1666 2764 temere
1690 2721 1803 2763 mut.
1830 2720 1901 2764 ed.

214 2781 240 2820 8
273 2777 470 2821 dolorem
493 2775 547 2819 V.
667 2780 692 2819 9
726 2777 957 2823 laboribus
987 2779 1102 2823 Aen.
1137 2779 1208 2823 ed.
1325 2783 1378 2822 12
1409 2779 1601 2833 fidentia
1624 2779 1666 2822 V
1691 2792 1803 2822 corr.
1830 2779 1901 2822 ed.

215 2840 269 2879 13
308 2836 387 2880 sed
423 2849 504 2880 ‘nee
534 2834 576 2878 V
612 2848 725 2879 corr.
762 2836 833 2879 ed.
950 2842 1004 2881 14
1043 2839 1116 2882 illi
1145 2837 1187 2880 V
1223 2838 1353 2882 illius
1391 2837 1462 2882 ed.
1571 2842 1624 2881 18
1666 2839 1827 2882 uxoris
1860 2837 1903 2881 V

212 2896 349 2939 uxori
380 2894 450 2938 ed.
484 2907 602 2938 uxor
633 2894 703 2938 ed.
729 2897 848 2950 post.
950 2901 1005 2939 20
1037 2898 1197 2941 duo—
1216 2901 1269 2940 21
1296 2902 1402 2941 tuae
1433 2910 1521 2940 om.
1547 2897 1617 2940 ed.
1718 2901 1774 2939 24
1805 2898 1903 2951 fae-

214 2955 272 2998 tis
295 2953 335 2995 V
366 2954 480 3007 fatis
511 2953 581 2996 ed.
705 2958 759 2997 25
799 2955 850 2998 in
888 2969 1025 3011 quam
1055 2956 1097 2999 V
1133 2969 1245 3000 corr.
1275 2955 1348 3000 ed.
1470 2960 1525 2998 29
1558 2956 1620 2999 ad
1649 2956 1829 2999 italiam
1860 2954 1903 2998 V

214 3013 276 3056 ad
307 3025 395 3057 om.
429 3011 499 3055 ed.
623 3016 678 3056 30
709 3014 915 3058 ineasum
939 3014 993 3058 V.

1936 1025 1979 1057 10

1937 1393 1980 1426 15

1936 2132 1979 2165 25
