<?xml version="1.0" encoding="UTF-8"?>
<!DOCTYPE html PUBLIC "-//W3C//DTD XHTML 1.0 Transitional//EN"
    "http://www.w3.org/TR/xhtml1/DTD/xhtml1-transitional.dtd">
<html xmlns="http://www.w3.org/1999/xhtml" xml:lang="en" lang="en">
 <head>
  <title>
</title>
<meta http-equiv="Content-Type" content="text/html;charset=utf-8" />
  <meta name='ocr-system' content='tesseract 3.04.00' />
  <meta name='ocr-capabilities' content='ocr_page ocr_carea ocr_par ocr_line ocrx_word'/>
</head>
<body>
  <div class='ocr_page' id='page_1' title='image "./interpretationes02donauoft_0022.png"; bbox 0 0 2050 3226; ppageno 0'>
   <div class='ocr_carea' id='block_1_1' title="bbox 238 159 1458 219">
    <p class='ocr_par' dir='ltr' id='par_1_1' title="bbox 238 159 1458 219">
     <span class='ocr_line' id='line_1_1' title="bbox 238 159 1458 219; baseline -0.002 -13"><span class='ocrx_word' id='word_1_1' title='bbox 238 165 306 219; x_wconf 86' lang='lat'>18</span> <span class='ocrx_word' id='word_1_2' title='bbox 710 160 945 206; x_wconf 87' lang='lat' dir='ltr'><strong>DONATI</strong></span> <span class='ocrx_word' id='word_1_3' title='bbox 973 160 1254 206; x_wconf 83' lang='lat' dir='ltr'>INTERPR.</span> <span class='ocrx_word' id='word_1_4' title='bbox 1278 159 1458 204; x_wconf 79' lang='lat' dir='ltr'><strong>VERG.</strong></span> 
     </span>
    </p>
   </div>
   <div class='ocr_carea' id='block_1_2' title="bbox 133 299 2005 2508">
    <p class='ocr_par' dir='ltr' id='par_1_2' title="bbox 133 299 2005 2508">
     <span class='ocr_line' id='line_1_2' title="bbox 235 299 1930 365; baseline -0.001 -15"><span class='ocrx_word' id='word_1_5' title='bbox 235 301 465 365; x_wconf 88' lang='lat' dir='ltr'>cipienda</span> <span class='ocrx_word' id='word_1_6' title='bbox 501 316 761 365; x_wconf 84' lang='lat' dir='ltr'>responsa,</span> <span class='ocrx_word' id='word_1_7' title='bbox 791 318 892 350; x_wconf 92' lang='lat' dir='ltr'>non</span> <span class='ocrx_word' id='word_1_8' title='bbox 921 301 1060 349; x_wconf 90' lang='lat' dir='ltr'>misit</span> <span class='ocrx_word' id='word_1_9' title='bbox 1089 301 1303 349; x_wconf 88' lang='lat' dir='ltr'>alterum</span> <span class='ocrx_word' id='word_1_10' title='bbox 1331 315 1422 348; x_wconf 89' lang='lat' dir='ltr'>nec</span> <span class='ocrx_word' id='word_1_11' title='bbox 1453 299 1684 348; x_wconf 74' lang='lat' dir='ltr'><strong>adhibuit</strong></span> <span class='ocrx_word' id='word_1_12' title='bbox 1713 299 1930 362; x_wconf 78' lang='lat' dir='ltr'><strong>aliquem</strong></span> 
     </span>
     <span class='ocr_line' id='line_1_3' title="bbox 235 373 1931 439; baseline -0.002 -14"><span class='ocrx_word' id='word_1_13' title='bbox 235 376 411 438; x_wconf 85' lang='lat' dir='ltr'>sacris,</span> <span class='ocrx_word' id='word_1_14' title='bbox 447 377 503 424; x_wconf 89' lang='lat' dir='ltr'>in</span> <span class='ocrx_word' id='word_1_15' title='bbox 540 378 684 425; x_wconf 87' lang='lat' dir='ltr'>tanta</span> <span class='ocrx_word' id='word_1_16' title='bbox 722 391 875 424; x_wconf 86' lang='lat' dir='ltr'>causa</span> <span class='ocrx_word' id='word_1_17' title='bbox 906 377 1106 424; x_wconf 87' lang='lat' dir='ltr'>tantum</span> <span class='ocrx_word' id='word_1_18' title='bbox 1137 374 1428 439; x_wconf 75' lang='lat' dir='ltr'>diligentiae</span> <span class='ocrx_word' id='word_1_19' title='bbox 1459 373 1617 435; x_wconf 91' lang='lat' dir='ltr'>dedit,</span> <span class='ocrx_word' id='word_1_20' title='bbox 1646 375 1706 422; x_wconf 88' lang='lat' dir='ltr'>ut</span> <span class='ocrx_word' id='word_1_21' title='bbox 1734 375 1931 422; x_wconf 85' lang='lat' dir='ltr'>curaret</span> 
     </span>
     <span class='ocr_line' id='line_1_4' title="bbox 234 447 1929 512; baseline -0.002 -14"><span class='ocrx_word' id='word_1_22' title='bbox 234 450 469 503; x_wconf 83' lang='lat' dir='ltr'>universa</span> <span class='ocrx_word' id='word_1_23' title='bbox 505 466 595 512; x_wconf 90' lang='lat' dir='ltr'>per</span> <span class='ocrx_word' id='word_1_24' title='bbox 631 465 683 499; x_wconf 90' lang='lat' dir='ltr'>se</span> <span class='ocrx_word' id='word_1_25' title='bbox 720 449 849 498; x_wconf 91' lang='lat' dir='ltr'>nulli</span> <span class='ocrx_word' id='word_1_26' title='bbox 884 449 1070 498; x_wconf 89' lang='lat' dir='ltr'>habens</span> <span class='ocrx_word' id='word_1_27' title='bbox 1108 448 1277 510; x_wconf 89' lang='lat' dir='ltr'>fidem,</span> <span class='ocrx_word' id='word_1_28' title='bbox 1314 448 1518 511; x_wconf 92' lang='lat' dir='ltr'>plenum</span> <span class='ocrx_word' id='word_1_29' title='bbox 1555 447 1787 497; x_wconf 85' lang='lat' dir='ltr'>exhibens</span> <span class='ocrx_word' id='word_1_30' title='bbox 1823 447 1929 497; x_wconf 87' lang='lat' dir='ltr'>offi-</span> 
     </span>
     <span class='ocr_line' id='line_1_5' title="bbox 235 521 1930 588; baseline -0.002 -15"><span class='ocrx_word' id='word_1_31' title='bbox 235 524 367 573; x_wconf 90' lang='lat' dir='ltr'>cium</span> <span class='ocrx_word' id='word_1_32' title='bbox 426 524 584 586; x_wconf 89' lang='lat' dir='ltr'>patris</span> <span class='ocrx_word' id='word_1_33' title='bbox 645 525 697 572; x_wconf 93' lang='lat' dir='ltr'>et</span> <span class='ocrx_word' id='word_1_34' title='bbox 754 524 899 588; x_wconf 90' lang='lat' dir='ltr'>regis.</span> <span class='ocrx_word' id='word_1_35' title='bbox 997 525 1195 571; x_wconf 89' lang='lat' dir='ltr'>centum</span> <span class='ocrx_word' id='word_1_36' title='bbox 1245 522 1494 587; x_wconf 84' lang='lat' dir='ltr'>lanigeras</span> <span class='ocrx_word' id='word_1_37' title='bbox 1543 521 1787 571; x_wconf 84' lang='lat' dir='ltr'>mactavit</span> <span class='ocrx_word' id='word_1_38' title='bbox 1836 523 1930 570; x_wconf 89' lang='lat' dir='ltr'>rite</span> 
     </span>
     <span class='ocr_line' id='line_1_6' title="bbox 234 596 2004 660; baseline -0.002 -13"><span class='ocrx_word' id='word_1_39' title='bbox 234 597 450 647; x_wconf 80' lang='lat' dir='ltr'>bidentis</span> <span class='ocrx_word' id='word_1_40' title='bbox 498 597 820 646; x_wconf 81' lang='lat' dir='ltr'>multitudine</span> <span class='ocrx_word' id='word_1_41' title='bbox 870 597 1163 645; x_wconf 91' lang='lat' dir='ltr'>animalium</span> <span class='ocrx_word' id='word_1_42' title='bbox 1217 597 1509 660; x_wconf 87' lang='lat' dir='ltr'>obsequium</span> <span class='ocrx_word' id='word_1_43' title='bbox 1562 596 1738 659; x_wconf 83' lang='lat' dir='ltr'>plenae</span> <span class='ocrx_word' id='word_1_44' title='bbox 1787 611 1930 645; x_wconf 84' lang='lat' dir='ltr'>vene·</span> <span class='ocrx_word' id='word_1_45' title='bbox 1984 605 2004 639; x_wconf 83' lang='lat'>⁵</span> 
     </span>
     <span class='ocr_line' id='line_1_7' title="bbox 166 669 1928 734; baseline -0.003 -13"><span class='ocrx_word' id='word_1_46' title='bbox 166 693 171 696; x_wconf 95' lang='lat'>·</span> <span class='ocrx_word' id='word_1_47' title='bbox 233 672 443 721; x_wconf 88' lang='lat' dir='ltr'>rationis</span> <span class='ocrx_word' id='word_1_48' title='bbox 490 671 753 720; x_wconf 89' lang='lat' dir='ltr'>ostendens</span> <span class='ocrx_word' id='word_1_49' title='bbox 798 673 850 720; x_wconf 90' lang='lat' dir='ltr'>et</span> <span class='ocrx_word' id='word_1_50' title='bbox 891 673 946 719; x_wconf 88' lang='lat' dir='ltr'>in</span> <span class='ocrx_word' id='word_1_51' title='bbox 986 670 1188 734; x_wconf 87' lang='lat' dir='ltr'>negotio</span> <span class='ocrx_word' id='word_1_52' title='bbox 1226 670 1321 720; x_wconf 85' lang='lat' dir='ltr'>tali</span> <span class='ocrx_word' id='word_1_53' title='bbox 1358 686 1409 719; x_wconf 90' lang='lat' dir='ltr'>se</span> <span class='ocrx_word' id='word_1_54' title='bbox 1448 669 1679 719; x_wconf 87' lang='lat' dir='ltr'>exhibens</span> <span class='ocrx_word' id='word_1_55' title='bbox 1717 670 1928 734; x_wconf 88' lang='lat' dir='ltr'>largum.</span> 
     </span>
     <span class='ocr_line' id='line_1_8' title="bbox 235 744 1930 810; baseline -0.002 -16"><span class='ocrx_word' id='word_1_56' title='bbox 235 748 388 810; x_wconf 89' lang='lat' dir='ltr'>atque</span> <span class='ocrx_word' id='word_1_57' title='bbox 426 747 604 794; x_wconf 88' lang='lat' dir='ltr'>harum</span> <span class='ocrx_word' id='word_1_58' title='bbox 640 746 841 794; x_wconf 87' lang='lat' dir='ltr'>effultus</span> <span class='ocrx_word' id='word_1_59' title='bbox 879 745 1160 809; x_wconf 86' lang='lat' dir='ltr'>tergoribus</span> <span class='ocrx_word' id='word_1_60' title='bbox 1199 746 1469 808; x_wconf 89' lang='lat' dir='ltr'>stratisque</span> <span class='ocrx_word' id='word_1_61' title='bbox 1506 744 1704 794; x_wconf 86' lang='lat' dir='ltr'>iacebat</span> <span class='ocrx_word' id='word_1_62' title='bbox 1734 744 1930 793; x_wconf 83' lang='lat' dir='ltr'>velleri·</span> 
     </span>
     <span class='ocr_line' id='line_1_9' title="bbox 233 818 1930 883; baseline -0.002 -15"><span class='ocrx_word' id='word_1_63' title='bbox 233 819 348 869; x_wconf 86' lang='lat' dir='ltr'>bus:</span> <span class='ocrx_word' id='word_1_64' title='bbox 411 835 520 868; x_wconf 91' lang='lat' dir='ltr'>ecce</span> <span class='ocrx_word' id='word_1_65' title='bbox 566 835 666 882; x_wconf 89' lang='lat' dir='ltr'>quo</span> <span class='ocrx_word' id='word_1_66' title='bbox 712 822 1004 883; x_wconf 85' lang='lat' dir='ltr'>pervenerat</span> <span class='ocrx_word' id='word_1_67' title='bbox 1049 819 1269 883; x_wconf 84' lang='lat' dir='ltr'>dignitas</span> <span class='ocrx_word' id='word_1_68' title='bbox 1313 819 1446 883; x_wconf 85' lang='lat' dir='ltr'>regis</span> <span class='ocrx_word' id='word_1_69' title='bbox 1491 820 1696 882; x_wconf 89' lang='lat' dir='ltr'>propter</span> <span class='ocrx_word' id='word_1_70' title='bbox 1733 818 1930 881; x_wconf 92' lang='lat' dir='ltr'>expedi-</span> 
     </span>
     <span class='ocr_line' id='line_1_10' title="bbox 233 894 1931 957; baseline -0.001 -16"><span class='ocrx_word' id='word_1_71' title='bbox 233 894 386 943; x_wconf 89' lang='lat' dir='ltr'>tionis</span> <span class='ocrx_word' id='word_1_72' title='bbox 440 895 690 942; x_wconf 85' lang='lat' dir='ltr'>effectum:</span> <span class='ocrx_word' id='word_1_73' title='bbox 750 895 865 957; x_wconf 88' lang='lat' dir='ltr'>post</span> <span class='ocrx_word' id='word_1_74' title='bbox 916 895 1160 957; x_wconf 84' lang='lat' dir='ltr'>plumam,</span> <span class='ocrx_word' id='word_1_75' title='bbox 1212 895 1328 956; x_wconf 91' lang='lat' dir='ltr'>post</span> <span class='ocrx_word' id='word_1_76' title='bbox 1380 895 1540 942; x_wconf 88' lang='lat' dir='ltr'>vestes</span> <span class='ocrx_word' id='word_1_77' title='bbox 1594 895 1730 942; x_wconf 87' lang='lat' dir='ltr'>ostro</span> <span class='ocrx_word' id='word_1_78' title='bbox 1779 895 1931 954; x_wconf 89' lang='lat' dir='ltr'>atque</span> 
     </span>
     <span class='ocr_line' id='line_1_11' title="bbox 235 965 2005 1032; baseline -0.001 -16"><span class='ocrx_word' id='word_1_79' title='bbox 235 983 358 1016; x_wconf 88' lang='lat' dir='ltr'>auro</span> <span class='ocrx_word' id='word_1_80' title='bbox 412 968 654 1032; x_wconf 80' lang='lat' dir='ltr'>fulgentis</span> <span class='ocrx_word' id='word_1_81' title='bbox 708 968 903 1030; x_wconf 91' lang='lat' dir='ltr'>plebeio</span> <span class='ocrx_word' id='word_1_82' title='bbox 963 983 1099 1015; x_wconf 91' lang='lat' dir='ltr'>more</span> <span class='ocrx_word' id='word_1_83' title='bbox 1158 967 1319 1016; x_wconf 87' lang='lat' dir='ltr'>iacuit</span> <span class='ocrx_word' id='word_1_84' title='bbox 1376 968 1431 1015; x_wconf 93' lang='lat' dir='ltr'>in</span> <span class='ocrx_word' id='word_1_85' title='bbox 1490 967 1726 1029; x_wconf 84' lang='lat' dir='ltr'>pellibus,</span> <span class='ocrx_word' id='word_1_86' title='bbox 1787 965 1931 1030; x_wconf 84' lang='lat' dir='ltr'>gravi</span> <span class='ocrx_word' id='word_1_87' title='bbox 1962 976 2005 1010; x_wconf 90' lang='lat'>10</span> 
     </span>
     <span class='ocr_line' id='line_1_12' title="bbox 162 1041 1931 1104; baseline -0.001 -15"><span class='ocrx_word' id='word_1_88' title='bbox 162 1054 217 1095; x_wconf 82' lang='lat'>95</span> <span class='ocrx_word' id='word_1_89' title='bbox 234 1058 432 1104; x_wconf 87' lang='lat' dir='ltr'>quoque</span> <span class='ocrx_word' id='word_1_90' title='bbox 471 1058 642 1090; x_wconf 91' lang='lat' dir='ltr'>earum</span> <span class='ocrx_word' id='word_1_91' title='bbox 679 1042 827 1091; x_wconf 91' lang='lat' dir='ltr'>odore</span> <span class='ocrx_word' id='word_1_92' title='bbox 867 1043 1142 1090; x_wconf 82' lang='lat' dir='ltr'>contentus,</span> <span class='ocrx_word' id='word_1_93' title='bbox 1210 1042 1374 1090; x_wconf 75' lang='lat' dir='ltr'>subita</span> <span class='ocrx_word' id='word_1_94' title='bbox 1404 1056 1461 1090; x_wconf 79' lang='lat' dir='ltr'>ex</span> <span class='ocrx_word' id='word_1_95' title='bbox 1492 1042 1588 1089; x_wconf 75' lang='lat' dir='ltr'>alto</span> <span class='ocrx_word' id='word_1_96' title='bbox 1617 1055 1710 1089; x_wconf 75' lang='lat' dir='ltr'>vox</span> <span class='ocrx_word' id='word_1_97' title='bbox 1738 1041 1931 1088; x_wconf 82' lang='lat' dir='ltr'>reddita</span> 
     </span>
     <span class='ocr_line' id='line_1_13' title="bbox 235 1114 1930 1178; baseline -0.001 -14"><span class='ocrx_word' id='word_1_98' title='bbox 235 1117 340 1164; x_wconf 84' lang='lat' dir='ltr'>luco</span> <span class='ocrx_word' id='word_1_99' title='bbox 378 1119 469 1164; x_wconf 77' lang='lat' dir='ltr'>est:</span> <span class='ocrx_word' id='word_1_100' title='bbox 528 1116 741 1178; x_wconf 84' lang='lat' dir='ltr'>peractis</span> <span class='ocrx_word' id='word_1_101' title='bbox 780 1115 1102 1164; x_wconf 88' lang='lat' dir='ltr'>sollemnibus</span> <span class='ocrx_word' id='word_1_102' title='bbox 1140 1115 1307 1165; x_wconf 89' lang='lat' dir='ltr'>subito</span> <span class='ocrx_word' id='word_1_103' title='bbox 1340 1116 1387 1163; x_wconf 92' lang='lat' dir='ltr'>ei</span> <span class='ocrx_word' id='word_1_104' title='bbox 1424 1131 1482 1163; x_wconf 92' lang='lat' dir='ltr'>ex</span> <span class='ocrx_word' id='word_1_105' title='bbox 1521 1115 1626 1163; x_wconf 87' lang='lat' dir='ltr'>alto</span> <span class='ocrx_word' id='word_1_106' title='bbox 1662 1115 1773 1163; x_wconf 89' lang='lat' dir='ltr'>luco</span> <span class='ocrx_word' id='word_1_107' title='bbox 1811 1114 1930 1162; x_wconf 89' lang='lat' dir='ltr'>talis</span> 
     </span>
     <span class='ocr_line' id='line_1_14' title="bbox 233 1188 1930 1251; baseline -0.001 -14"><span class='ocrx_word' id='word_1_108' title='bbox 233 1189 431 1238; x_wconf 82' lang='lat' dir='ltr'>reddita</span> <span class='ocrx_word' id='word_1_109' title='bbox 462 1193 537 1238; x_wconf 90' lang='lat' dir='ltr'>est</span> <span class='ocrx_word' id='word_1_110' title='bbox 566 1205 675 1251; x_wconf 84' lang='lat' dir='ltr'>vox,</span> <span class='ocrx_word' id='word_1_111' title='bbox 707 1190 800 1239; x_wconf 89' lang='lat' dir='ltr'>hoc</span> <span class='ocrx_word' id='word_1_112' title='bbox 831 1192 908 1239; x_wconf 91' lang='lat' dir='ltr'>est</span> <span class='ocrx_word' id='word_1_113' title='bbox 937 1190 1077 1238; x_wconf 86' lang='lat' dir='ltr'>nulla</span> <span class='ocrx_word' id='word_1_114' title='bbox 1107 1205 1247 1237; x_wconf 91' lang='lat' dir='ltr'>mora</span> <span class='ocrx_word' id='word_1_115' title='bbox 1275 1189 1575 1251; x_wconf 88' lang='lat' dir='ltr'>interposita</span> <span class='ocrx_word' id='word_1_116' title='bbox 1606 1205 1664 1236; x_wconf 88' lang='lat' dir='ltr'>ex</span> <span class='ocrx_word' id='word_1_117' title='bbox 1693 1188 1930 1236; x_wconf 85' lang='lat' dir='ltr'>interiore</span> 
     </span>
     <span class='ocr_line' id='line_1_15' title="bbox 233 1262 1932 1326; baseline -0.001 -15"><span class='ocrx_word' id='word_1_118' title='bbox 233 1264 334 1311; x_wconf 88' lang='lat' dir='ltr'>luci</span> <span class='ocrx_word' id='word_1_119' title='bbox 385 1266 527 1326; x_wconf 87' lang='lat' dir='ltr'>parte</span> <span class='ocrx_word' id='word_1_120' title='bbox 580 1263 699 1312; x_wconf 90' lang='lat' dir='ltr'>talis</span> <span class='ocrx_word' id='word_1_121' title='bbox 748 1281 845 1313; x_wconf 84' lang='lat' dir='ltr'>vox</span> <span class='ocrx_word' id='word_1_122' title='bbox 897 1264 1084 1325; x_wconf 78' lang='lat' dir='ltr'>extitit,</span> <span class='ocrx_word' id='word_1_123' title='bbox 1138 1280 1266 1326; x_wconf 89' lang='lat' dir='ltr'>quae</span> <span class='ocrx_word' id='word_1_124' title='bbox 1320 1278 1613 1326; x_wconf 90' lang='lat' dir='ltr'>suspensum</span> <span class='ocrx_word' id='word_1_125' title='bbox 1663 1262 1932 1310; x_wconf 83' lang='lat' dir='ltr'>instrueret</span> 
     </span>
     <span class='ocr_line' id='line_1_16' title="bbox 234 1337 2005 1399; baseline -0.004 -12"><span class='ocrx_word' id='word_1_126' title='bbox 234 1338 587 1387; x_wconf 82' lang='lat' dir='ltr'>consulentem.</span> <span class='ocrx_word' id='word_1_127' title='bbox 647 1352 708 1386; x_wconf 87' lang='lat' dir='ltr'>ne</span> <span class='ocrx_word' id='word_1_128' title='bbox 731 1342 840 1399; x_wconf 78' lang='lat' dir='ltr'>pete</span> <span class='ocrx_word' id='word_1_129' title='bbox 870 1339 1088 1387; x_wconf 84' lang='lat' dir='ltr'>conubiis</span> <span class='ocrx_word' id='word_1_130' title='bbox 1117 1342 1289 1386; x_wconf 77' lang='lat' dir='ltr'>natam</span> <span class='ocrx_word' id='word_1_131' title='bbox 1318 1339 1503 1386; x_wconf 84' lang='lat' dir='ltr'>sociare</span> <span class='ocrx_word' id='word_1_132' title='bbox 1526 1337 1741 1393; x_wconf 81' lang='lat' dir='ltr'>Latini3‚</span> <span class='ocrx_word' id='word_1_133' title='bbox 1766 1351 1792 1384; x_wconf 93' lang='lat' dir='ltr'>o</span> <span class='ocrx_word' id='word_1_134' title='bbox 1822 1350 1932 1384; x_wconf 89' lang='lat' dir='ltr'>mea</span> <span class='ocrx_word' id='word_1_135' title='bbox 1962 1346 2005 1380; x_wconf 73' lang='lat'>1⁵</span> 
     </span>
     <span class='ocr_line' id='line_1_17' title="bbox 229 1411 1931 1473; baseline -0.001 -14"><span class='ocrx_word' id='word_1_136' title='bbox 229 1412 505 1472; x_wconf 74' lang='lat' dir='ltr'>proyenies,</span> <span class='ocrx_word' id='word_1_137' title='bbox 553 1412 782 1460; x_wconf 78' lang='lat' dir='ltr'>thalamis</span> <span class='ocrx_word' id='word_1_138' title='bbox 827 1427 923 1460; x_wconf 91' lang='lat' dir='ltr'>neu</span> <span class='ocrx_word' id='word_1_139' title='bbox 968 1412 1104 1460; x_wconf 85' lang='lat' dir='ltr'>erede</span> <span class='ocrx_word' id='word_1_140' title='bbox 1144 1412 1368 1471; x_wconf 76' lang='lat' dir='ltr'>paratis:</span> <span class='ocrx_word' id='word_1_141' title='bbox 1436 1413 1479 1459; x_wconf 89' lang='lat' dir='ltr'>si</span> <span class='ocrx_word' id='word_1_142' title='bbox 1517 1411 1597 1458; x_wconf 85' lang='lat' dir='ltr'>cui</span> <span class='ocrx_word' id='word_1_143' title='bbox 1637 1411 1931 1473; x_wconf 89' lang='lat' dir='ltr'>oportunius</span> 
     </span>
     <span class='ocr_line' id='line_1_18' title="bbox 234 1485 1932 1550; baseline -0.001 -17"><span class='ocrx_word' id='word_1_144' title='bbox 234 1488 407 1534; x_wconf 91' lang='lat' dir='ltr'>natam</span> <span class='ocrx_word' id='word_1_145' title='bbox 444 1486 639 1550; x_wconf 89' lang='lat' dir='ltr'>iungas,</span> <span class='ocrx_word' id='word_1_146' title='bbox 669 1486 756 1547; x_wconf 86' lang='lat' dir='ltr'>fili,</span> <span class='ocrx_word' id='word_1_147' title='bbox 790 1485 987 1549; x_wconf 90' lang='lat' dir='ltr'>quaeris</span> <span class='ocrx_word' id='word_1_148' title='bbox 1025 1486 1219 1534; x_wconf 83' lang='lat' dir='ltr'>audire:</span> <span class='ocrx_word' id='word_1_149' title='bbox 1258 1486 1376 1549; x_wconf 88' lang='lat' dir='ltr'>fuge</span> <span class='ocrx_word' id='word_1_150' title='bbox 1412 1486 1618 1547; x_wconf 87' lang='lat' dir='ltr'>nuptias</span> <span class='ocrx_word' id='word_1_151' title='bbox 1650 1499 1773 1547; x_wconf 88' lang='lat' dir='ltr'>quas</span> <span class='ocrx_word' id='word_1_152' title='bbox 1809 1485 1932 1532; x_wconf 84' lang='lat' dir='ltr'>civis</span> 
     </span>
     <span class='ocr_line' id='line_1_19' title="bbox 233 1559 1931 1623; baseline -0.001 -16"><span class='ocrx_word' id='word_1_153' title='bbox 233 1559 445 1608; x_wconf 89' lang='lat' dir='ltr'>Latinus</span> <span class='ocrx_word' id='word_1_154' title='bbox 490 1560 733 1623; x_wconf 86' lang='lat' dir='ltr'>exposcit,</span> <span class='ocrx_word' id='word_1_155' title='bbox 770 1576 863 1608; x_wconf 90' lang='lat' dir='ltr'>nec</span> <span class='ocrx_word' id='word_1_156' title='bbox 906 1560 1199 1609; x_wconf 85' lang='lat' dir='ltr'>transducat</span> <span class='ocrx_word' id='word_1_157' title='bbox 1237 1559 1535 1608; x_wconf 87' lang='lat' dir='ltr'>sententiam</span> <span class='ocrx_word' id='word_1_158' title='bbox 1572 1561 1714 1607; x_wconf 88' lang='lat' dir='ltr'>tuam</span> <span class='ocrx_word' id='word_1_159' title='bbox 1751 1562 1931 1621; x_wconf 89' lang='lat' dir='ltr'>parata</span> 
     </span>
     <span class='ocr_line' id='line_1_20' title="bbox 233 1633 1930 1696; baseline -0.002 -14"><span class='ocrx_word' id='word_1_160' title='bbox 233 1633 531 1683; x_wconf 79' lang='lat' dir='ltr'>coniunctio,</span> <span class='ocrx_word' id='word_1_161' title='bbox 601 1635 784 1682; x_wconf 73' lang='lat' dir='ltr'>eoeterni</span> <span class='ocrx_word' id='word_1_162' title='bbox 827 1635 1019 1682; x_wconf 77' lang='lat' dir='ltr'>venient</span> <span class='ocrx_word' id='word_1_163' title='bbox 1058 1635 1247 1695; x_wconf 71' lang='lat' dir='ltr'>ymeri:</span> <span class='ocrx_word' id='word_1_164' title='bbox 1301 1634 1447 1696; x_wconf 88' lang='lat' dir='ltr'>quasi</span> <span class='ocrx_word' id='word_1_165' title='bbox 1484 1633 1625 1681; x_wconf 89' lang='lat' dir='ltr'>Italis</span> <span class='ocrx_word' id='word_1_166' title='bbox 1667 1634 1755 1680; x_wconf 90' lang='lat' dir='ltr'>aut</span> <span class='ocrx_word' id='word_1_167' title='bbox 1792 1649 1930 1695; x_wconf 87' lang='lat' dir='ltr'>pere-</span> 
     </span>
     <span class='ocr_line' id='line_1_21' title="bbox 234 1707 2005 1771; baseline -0.003 -16"><span class='ocrx_word' id='word_1_168' title='bbox 234 1707 389 1771; x_wconf 88' lang='lat' dir='ltr'>grinis</span> <span class='ocrx_word' id='word_1_169' title='bbox 428 1707 655 1769; x_wconf 88' lang='lat' dir='ltr'>pluribus</span> <span class='ocrx_word' id='word_1_170' title='bbox 694 1709 900 1757; x_wconf 87' lang='lat' dir='ltr'>daturus</span> <span class='ocrx_word' id='word_1_171' title='bbox 941 1710 1069 1756; x_wconf 90' lang='lat' dir='ltr'>esset</span> <span class='ocrx_word' id='word_1_172' title='bbox 1105 1708 1262 1756; x_wconf 91' lang='lat' dir='ltr'>filiam</span> <span class='ocrx_word' id='word_1_173' title='bbox 1296 1723 1460 1768; x_wconf 89' lang='lat' dir='ltr'>suam,</span> <span class='ocrx_word' id='word_1_174' title='bbox 1490 1707 1565 1755; x_wconf 86' lang='lat' dir='ltr'>ita</span> <span class='ocrx_word' id='word_1_175' title='bbox 1595 1707 1783 1769; x_wconf 91' lang='lat' dir='ltr'>plurali</span> <span class='ocrx_word' id='word_1_176' title='bbox 1811 1722 1930 1755; x_wconf 88' lang='lat' dir='ltr'>usus</span> <span class='ocrx_word' id='word_1_177' title='bbox 1962 1717 2005 1750; x_wconf 82' lang='lat'>20</span> 
     </span>
     <span class='ocr_line' id='line_1_22' title="bbox 234 1780 1930 1845; baseline -0.001 -16"><span class='ocrx_word' id='word_1_178' title='bbox 234 1784 310 1830; x_wconf 89' lang='lat' dir='ltr'>est</span> <span class='ocrx_word' id='word_1_179' title='bbox 362 1798 579 1830; x_wconf 87' lang='lat' dir='ltr'>numero.</span> <span class='ocrx_word' id='word_1_180' title='bbox 655 1799 754 1830; x_wconf 92' lang='lat' dir='ltr'>non</span> <span class='ocrx_word' id='word_1_181' title='bbox 807 1783 882 1831; x_wconf 90' lang='lat' dir='ltr'>ita</span> <span class='ocrx_word' id='word_1_182' title='bbox 936 1784 1031 1843; x_wconf 90' lang='lat' dir='ltr'>est,</span> <span class='ocrx_word' id='word_1_183' title='bbox 1086 1783 1173 1830; x_wconf 92' lang='lat' dir='ltr'>sed</span> <span class='ocrx_word' id='word_1_184' title='bbox 1223 1782 1353 1829; x_wconf 84' lang='lat' dir='ltr'>illud</span> <span class='ocrx_word' id='word_1_185' title='bbox 1400 1780 1793 1845; x_wconf 87' lang='lat' dir='ltr'>intellegendum</span> <span class='ocrx_word' id='word_1_186' title='bbox 1842 1782 1930 1842; x_wconf 89' lang='lat' dir='ltr'>est,</span> 
     </span>
     <span class='ocr_line' id='line_1_23' title="bbox 233 1855 1931 1920; baseline -0.001 -17"><span class='ocrx_word' id='word_1_187' title='bbox 233 1871 471 1917; x_wconf 89' lang='lat' dir='ltr'>responsa</span> <span class='ocrx_word' id='word_1_188' title='bbox 521 1857 626 1904; x_wconf 89' lang='lat' dir='ltr'>sine</span> <span class='ocrx_word' id='word_1_189' title='bbox 677 1856 1005 1920; x_wconf 88' lang='lat' dir='ltr'>ambiguitate</span> <span class='ocrx_word' id='word_1_190' title='bbox 1053 1872 1157 1904; x_wconf 91' lang='lat' dir='ltr'>esse</span> <span class='ocrx_word' id='word_1_191' title='bbox 1202 1873 1302 1904; x_wconf 92' lang='lat' dir='ltr'>non</span> <span class='ocrx_word' id='word_1_192' title='bbox 1348 1871 1507 1918; x_wconf 91' lang='lat' dir='ltr'>posse.</span> <span class='ocrx_word' id='word_1_193' title='bbox 1582 1855 1708 1916; x_wconf 89' lang='lat' dir='ltr'>noli,</span> <span class='ocrx_word' id='word_1_194' title='bbox 1749 1855 1931 1916; x_wconf 87' lang='lat' dir='ltr'>inquit,</span> 
     </span>
     <span class='ocr_line' id='line_1_24' title="bbox 234 1929 1930 1994; baseline 0 -17"><span class='ocrx_word' id='word_1_195' title='bbox 234 1930 356 1978; x_wconf 86' lang='lat' dir='ltr'>civis</span> <span class='ocrx_word' id='word_1_196' title='bbox 397 1945 594 1991; x_wconf 90' lang='lat' dir='ltr'>sperare</span> <span class='ocrx_word' id='word_1_197' title='bbox 634 1947 693 1978; x_wconf 91' lang='lat' dir='ltr'>ex</span> <span class='ocrx_word' id='word_1_198' title='bbox 724 1931 905 1993; x_wconf 88' lang='lat' dir='ltr'>quibus</span> <span class='ocrx_word' id='word_1_199' title='bbox 935 1948 1090 1978; x_wconf 89' lang='lat' dir='ltr'>unum</span> <span class='ocrx_word' id='word_1_200' title='bbox 1122 1930 1311 1994; x_wconf 89' lang='lat' dir='ltr'>deligas</span> <span class='ocrx_word' id='word_1_201' title='bbox 1343 1930 1497 1991; x_wconf 86' lang='lat' dir='ltr'>filiae,</span> <span class='ocrx_word' id='word_1_202' title='bbox 1529 1929 1616 1977; x_wconf 91' lang='lat' dir='ltr'>sed</span> <span class='ocrx_word' id='word_1_203' title='bbox 1645 1930 1930 1992; x_wconf 88' lang='lat' dir='ltr'>peregrinos</span> 
     </span>
     <span class='ocr_line' id='line_1_25' title="bbox 234 2002 1930 2067; baseline 0 -17"><span class='ocrx_word' id='word_1_204' title='bbox 234 2005 459 2065; x_wconf 90' lang='lat' dir='ltr'>expecta,</span> <span class='ocrx_word' id='word_1_205' title='bbox 497 2004 549 2051; x_wconf 89' lang='lat' dir='ltr'>in</span> <span class='ocrx_word' id='word_1_206' title='bbox 590 2021 801 2067; x_wconf 90' lang='lat' dir='ltr'>quorum</span> <span class='ocrx_word' id='word_1_207' title='bbox 831 2021 1036 2052; x_wconf 91' lang='lat' dir='ltr'>numero</span> <span class='ocrx_word' id='word_1_208' title='bbox 1069 2007 1144 2053; x_wconf 87' lang='lat' dir='ltr'>est</span> <span class='ocrx_word' id='word_1_209' title='bbox 1172 2005 1258 2052; x_wconf 93' lang='lat' dir='ltr'>ille</span> <span class='ocrx_word' id='word_1_210' title='bbox 1291 2004 1370 2052; x_wconf 89' lang='lat' dir='ltr'>cui</span> <span class='ocrx_word' id='word_1_211' title='bbox 1401 2003 1546 2051; x_wconf 90' lang='lat' dir='ltr'>debet</span> <span class='ocrx_word' id='word_1_212' title='bbox 1574 2005 1705 2051; x_wconf 88' lang='lat' dir='ltr'>recte</span> <span class='ocrx_word' id='word_1_213' title='bbox 1737 2002 1930 2051; x_wconf 90' lang='lat' dir='ltr'>sociari.</span> 
     </span>
     <span class='ocr_line' id='line_1_26' title="bbox 234 2078 2003 2137; baseline -0.002 -14"><span class='ocrx_word' id='word_1_214' title='bbox 234 2078 316 2137; x_wconf 76' lang='lat' dir='ltr'>qui</span> <span class='ocrx_word' id='word_1_215' title='bbox 364 2078 604 2137; x_wconf 66' lang='lat' dir='ltr'>sanquine</span> <span class='ocrx_word' id='word_1_216' title='bbox 652 2082 872 2126; x_wconf 81' lang='lat' dir='ltr'>nostrum</span> <span class='ocrx_word' id='word_1_217' title='bbox 919 2093 1094 2126; x_wconf 90' lang='lat' dir='ltr'>nomen</span> <span class='ocrx_word' id='word_1_218' title='bbox 1142 2079 1197 2125; x_wconf 90' lang='lat' dir='ltr'>in</span> <span class='ocrx_word' id='word_1_219' title='bbox 1243 2082 1380 2126; x_wconf 80' lang='lat' dir='ltr'>astra</span> <span class='ocrx_word' id='word_1_220' title='bbox 1426 2078 1593 2137; x_wconf 76' lang='lat' dir='ltr'>ferant</span> <span class='ocrx_word' id='word_1_221' title='bbox 1637 2090 1930 2136; x_wconf 79' lang='lat' dir='ltr'>quorumque</span> <span class='ocrx_word' id='word_1_222' title='bbox 1961 2088 2003 2120; x_wconf 80' lang='lat'>25</span> 
     </span>
     <span class='ocr_line' id='line_1_27' title="bbox 133 2151 1929 2212; baseline -0.003 -11"><span class='ocrx_word' id='word_1_223' title='bbox 133 2161 266 2201; x_wconf 88' lang='grc' dir='ltr'>10οα</span> <span class='ocrx_word' id='word_1_224' title='bbox 304 2151 452 2210; x_wconf 71' lang='lat' dir='ltr'>stirpe</span> <span class='ocrx_word' id='word_1_225' title='bbox 489 2155 681 2210; x_wconf 75' lang='lat' dir='ltr'>nepotes</span> <span class='ocrx_word' id='word_1_226' title='bbox 719 2154 884 2200; x_wconf 89' lang='lat' dir='ltr'>omnia</span> <span class='ocrx_word' id='word_1_227' title='bbox 921 2154 1011 2200; x_wconf 83' lang='lat' dir='ltr'>sub</span> <span class='ocrx_word' id='word_1_228' title='bbox 1043 2153 1273 2212; x_wconf 77' lang='lat' dir='ltr'>pedibus,</span> <span class='ocrx_word' id='word_1_229' title='bbox 1315 2167 1413 2212; x_wconf 79' lang='lat' dir='ltr'>qua</span> <span class='ocrx_word' id='word_1_230' title='bbox 1445 2151 1529 2199; x_wconf 78' lang='lat' dir='ltr'>Sol</span> <span class='ocrx_word' id='word_1_231' title='bbox 1565 2154 1820 2209; x_wconf 76' lang='lat' dir='ltr'>utrimnque</span> <span class='ocrx_word' id='word_1_232' title='bbox 1856 2164 1929 2197; x_wconf 83' lang='lat' dir='ltr'>re-</span> 
     </span>
     <span class='ocr_line' id='line_1_28' title="bbox 234 2225 2003 2286; baseline -0.001 -14"><span class='ocrx_word' id='word_1_233' title='bbox 234 2238 434 2272; x_wconf 79' lang='lat' dir='ltr'>currens</span> <span class='ocrx_word' id='word_1_234' title='bbox 480 2226 655 2284; x_wconf 75' lang='lat' dir='ltr'>aspicit</span> <span class='ocrx_word' id='word_1_235' title='bbox 698 2225 964 2282; x_wconf 81' lang='lat' dir='ltr'>Oceanum,</span> <span class='ocrx_word' id='word_1_236' title='bbox 1011 2227 1222 2285; x_wconf 77' lang='lat' dir='ltr'>vertique</span> <span class='ocrx_word' id='word_1_237' title='bbox 1267 2227 1460 2286; x_wconf 74' lang='lat' dir='ltr'>reyique</span> <span class='ocrx_word' id='word_1_238' title='bbox 1500 2225 1752 2271; x_wconf 80' lang='lat' dir='ltr'>videbunt:</span> <span class='ocrx_word' id='word_1_239' title='bbox 1820 2238 1928 2271; x_wconf 92' lang='lat' dir='ltr'>ecce</span> <span class='ocrx_word' id='word_1_240' title='bbox 2001 2239 2003 2241; x_wconf 90' lang='lat'>·</span> 
     </span>
     <span class='ocr_line' id='line_1_29' title="bbox 234 2295 1929 2361; baseline -0.001 -16"><span class='ocrx_word' id='word_1_241' title='bbox 234 2298 432 2359; x_wconf 89' lang='lat' dir='ltr'>quantis</span> <span class='ocrx_word' id='word_1_242' title='bbox 488 2295 621 2359; x_wconf 91' lang='lat' dir='ltr'>[cum</span> <span class='ocrx_word' id='word_1_243' title='bbox 669 2299 901 2347; x_wconf 89' lang='lat' dir='ltr'>laudibus</span> <span class='ocrx_word' id='word_1_244' title='bbox 952 2297 1088 2361; x_wconf 91' lang='lat' dir='ltr'>repe]</span> <span class='ocrx_word' id='word_1_245' title='bbox 1100 2299 1228 2346; x_wconf 87' lang='lat' dir='ltr'>titur</span> <span class='ocrx_word' id='word_1_246' title='bbox 1273 2315 1331 2347; x_wconf 94' lang='lat' dir='ltr'>ex</span> <span class='ocrx_word' id='word_1_247' title='bbox 1371 2298 1569 2345; x_wconf 92' lang='lat' dir='ltr'>Aeneae</span> <span class='ocrx_word' id='word_1_248' title='bbox 1615 2312 1826 2359; x_wconf 90' lang='lat' dir='ltr'>persona</span> <span class='ocrx_word' id='word_1_249' title='bbox 1871 2299 1929 2344; x_wconf 92' lang='lat' dir='ltr'>ut</span> 
     </span>
     <span class='ocr_line' id='line_1_30' title="bbox 233 2362 1929 2434; baseline -0.001 -15"><span class='ocrx_word' id='word_1_250' title='bbox 233 2372 339 2434; x_wconf 90' lang='lat' dir='ltr'>ipse</span> <span class='ocrx_word' id='word_1_251' title='bbox 390 2371 572 2419; x_wconf 91' lang='lat' dir='ltr'>condat</span> <span class='ocrx_word' id='word_1_252' title='bbox 620 2373 755 2434; x_wconf 92' lang='lat' dir='ltr'>quod</span> <span class='ocrx_word' id='word_1_253' title='bbox 806 2374 1058 2420; x_wconf 89' lang='lat' dir='ltr'>cumulent</span> <span class='ocrx_word' id='word_1_254' title='bbox 1105 2373 1293 2434; x_wconf 88' lang='lat' dir='ltr'>posteri</span> <span class='ocrx_word' id='word_1_255' title='bbox 1343 2372 1442 2432; x_wconf 89' lang='lat' dir='ltr'>sui,</span> <span class='ocrx_word' id='word_1_256' title='bbox 1495 2370 1629 2433; x_wconf 93' lang='lat' dir='ltr'>quod</span> <span class='ocrx_word' id='word_1_257' title='bbox 1667 2362 1824 2433; x_wconf 88' lang='lat' dir='ltr'>usque</span> <span class='ocrx_word' id='word_1_258' title='bbox 1865 2370 1929 2418; x_wconf 90' lang='lat' dir='ltr'>ad</span> 
     </span>
     <span class='ocr_line' id='line_1_31' title="bbox 234 2444 2002 2508; baseline -0.001 -15"><span class='ocrx_word' id='word_1_259' title='bbox 234 2446 426 2493; x_wconf 87' lang='lat' dir='ltr'>caelum</span> <span class='ocrx_word' id='word_1_260' title='bbox 464 2445 631 2493; x_wconf 86' lang='lat' dir='ltr'>levent</span> <span class='ocrx_word' id='word_1_261' title='bbox 669 2448 719 2494; x_wconf 92' lang='lat' dir='ltr'>et</span> <span class='ocrx_word' id='word_1_262' title='bbox 757 2445 970 2493; x_wconf 85' lang='lat' dir='ltr'>dilatent</span> <span class='ocrx_word' id='word_1_263' title='bbox 1006 2446 1295 2508; x_wconf 88' lang='lat' dir='ltr'>imperando</span> <span class='ocrx_word' id='word_1_264' title='bbox 1333 2461 1423 2507; x_wconf 91' lang='lat' dir='ltr'>per</span> <span class='ocrx_word' id='word_1_265' title='bbox 1457 2444 1644 2506; x_wconf 89' lang='lat' dir='ltr'>omnia,</span> <span class='ocrx_word' id='word_1_266' title='bbox 1677 2460 1777 2507; x_wconf 87' lang='lat' dir='ltr'>qua</span> <span class='ocrx_word' id='word_1_267' title='bbox 1808 2444 1926 2492; x_wconf 88' lang='lat' dir='ltr'>solis</span> <span class='ocrx_word' id='word_1_268' title='bbox 1958 2457 2002 2490; x_wconf 80' lang='lat'>30</span> 
     </span>
    </p>
   </div>
   <div class='ocr_carea' id='block_1_3' title="bbox 338 2546 592 2551">
    <p class='ocr_par' dir='ltr' id='par_1_3' title="bbox 338 2546 592 2551">
     <span class='ocr_line' id='line_1_32' title="bbox 338 2546 592 2551; baseline 0 0"><span class='ocrx_word' id='word_1_269' title='bbox 338 2546 592 2551; x_wconf 95' lang='lat' dir='ltr'> </span> 
     </span>
    </p>
   </div>
   <div class='ocr_carea' id='block_1_4' title="bbox 231 2614 1927 3023">
    <p class='ocr_par' dir='ltr' id='par_1_4' title="bbox 231 2614 1927 3023">
     <span class='ocr_line' id='line_1_33' title="bbox 352 2614 1927 2671; baseline -0.001 -13"><span class='ocrx_word' id='word_1_270' title='bbox 352 2620 377 2657; x_wconf 84' lang='lat'><strong>2</strong></span> <span class='ocrx_word' id='word_1_271' title='bbox 410 2615 535 2658; x_wconf 84' lang='lat' dir='ltr'>dedit</span> <span class='ocrx_word' id='word_1_272' title='bbox 556 2614 598 2658; x_wconf 95' lang='lat' dir='ltr'><strong>V</strong></span> <span class='ocrx_word' id='word_1_273' title='bbox 629 2615 840 2658; x_wconf 80' lang='lat' dir='ltr'>adhibuit</span> <span class='ocrx_word' id='word_1_274' title='bbox 871 2615 942 2659; x_wconf 91' lang='lat' dir='ltr'>ed.</span> <span class='ocrx_word' id='word_1_275' title='bbox 1066 2619 1091 2658; x_wconf 88' lang='lat'><strong>3</strong></span> <span class='ocrx_word' id='word_1_276' title='bbox 1117 2629 1206 2670; x_wconf 78' lang='lat' dir='ltr'>pro</span> <span class='ocrx_word' id='word_1_277' title='bbox 1236 2629 1281 2658; x_wconf 80' lang='lat' dir='ltr'>se</span> <span class='ocrx_word' id='word_1_278' title='bbox 1314 2614 1384 2658; x_wconf 92' lang='lat' dir='ltr'>ed.</span> <span class='ocrx_word' id='word_1_279' title='bbox 1516 2619 1541 2658; x_wconf 86' lang='lat'>5</span> <span class='ocrx_word' id='word_1_280' title='bbox 1581 2615 1840 2671; x_wconf 80' lang='lat' dir='ltr'>obsequium</span> <span class='ocrx_word' id='word_1_281' title='bbox 1879 2616 1927 2658; x_wconf 92' lang='lat' dir='ltr'>et</span> 
     </span>
     <span class='ocr_line' id='line_1_34' title="bbox 232 2673 1924 2729; baseline -0.002 -11"><span class='ocrx_word' id='word_1_282' title='bbox 232 2675 464 2718; x_wconf 81' lang='lat' dir='ltr'>ostendens</span> <span class='ocrx_word' id='word_1_283' title='bbox 495 2687 581 2717; x_wconf 93' lang='lat' dir='ltr'>om.</span> <span class='ocrx_word' id='word_1_284' title='bbox 610 2674 680 2717; x_wconf 90' lang='lat' dir='ltr'>ed.</span> <span class='ocrx_word' id='word_1_285' title='bbox 767 2678 792 2716; x_wconf 91' lang='grc'>8</span> <span class='ocrx_word' id='word_1_286' title='bbox 820 2675 1106 2729; x_wconf 79' lang='lat' dir='ltr'>expetitionis</span> <span class='ocrx_word' id='word_1_287' title='bbox 1132 2673 1167 2716; x_wconf 92' lang='lat' dir='ltr'>V</span> <span class='ocrx_word' id='word_1_288' title='bbox 1192 2674 1262 2717; x_wconf 90' lang='lat' dir='ltr'>ed.</span> <span class='ocrx_word' id='word_1_289' title='bbox 1350 2678 1404 2717; x_wconf 88' lang='grc'>16</span> <span class='ocrx_word' id='word_1_290' title='bbox 1435 2675 1478 2717; x_wconf 84' lang='lat' dir='ltr'>si</span> <span class='ocrx_word' id='word_1_291' title='bbox 1507 2675 1584 2717; x_wconf 87' lang='lat' dir='ltr'>eui</span> <span class='ocrx_word' id='word_1_292' title='bbox 1605 2673 1649 2717; x_wconf 93' lang='lat' dir='ltr'><strong>V</strong></span> <span class='ocrx_word' id='word_1_293' title='bbox 1677 2675 1743 2718; x_wconf 82' lang='lat' dir='ltr'>sie</span> <span class='ocrx_word' id='word_1_294' title='bbox 1771 2679 1823 2717; x_wconf 82' lang='lat' dir='ltr'>ut</span> <span class='ocrx_word' id='word_1_295' title='bbox 1853 2673 1924 2716; x_wconf 89' lang='lat' dir='ltr'>ed.</span> 
     </span>
     <span class='ocr_line' id='line_1_35' title="bbox 236 2732 1926 2789; baseline 0 -14"><span class='ocrx_word' id='word_1_296' title='bbox 236 2737 288 2775; x_wconf 89' lang='grc'>19</span> <span class='ocrx_word' id='word_1_297' title='bbox 320 2734 603 2776; x_wconf 76' lang='lat' dir='ltr'>matrimonii</span> <span class='ocrx_word' id='word_1_298' title='bbox 632 2734 889 2776; x_wconf 79' lang='lat' dir='ltr'>coniunctio</span> <span class='ocrx_word' id='word_1_299' title='bbox 922 2733 992 2776; x_wconf 87' lang='lat' dir='ltr'>ed.</span> <span class='ocrx_word' id='word_1_300' title='bbox 1029 2734 1033 2789; x_wconf 79' lang='grc' dir='ltr'>Ι</span> <span class='ocrx_word' id='word_1_301' title='bbox 1070 2734 1203 2776; x_wconf 81' lang='lat' dir='ltr'>ceteri</span> <span class='ocrx_word' id='word_1_302' title='bbox 1232 2746 1315 2788; x_wconf 84' lang='lat' dir='ltr'>pro</span> <span class='ocrx_word' id='word_1_303' title='bbox 1346 2734 1499 2789; x_wconf 62' lang='lat' dir='ltr'>generi</span> <span class='ocrx_word' id='word_1_304' title='bbox 1522 2732 1576 2776; x_wconf 88' lang='lat' dir='ltr'>V.</span> <span class='ocrx_word' id='word_1_305' title='bbox 1682 2737 1737 2776; x_wconf 80' lang='lat'>20</span> <span class='ocrx_word' id='word_1_306' title='bbox 1763 2733 1926 2788; x_wconf 81' lang='lat' dir='ltr'>plura-</span> 
     </span>
     <span class='ocr_line' id='line_1_36' title="bbox 234 2789 1925 2836; baseline -0.001 -2"><span class='ocrx_word' id='word_1_307' title='bbox 234 2793 324 2835; x_wconf 76' lang='lat' dir='ltr'>lius</span> <span class='ocrx_word' id='word_1_308' title='bbox 354 2797 405 2835; x_wconf 76' lang='lat' dir='ltr'>ut</span> <span class='ocrx_word' id='word_1_309' title='bbox 429 2791 469 2835; x_wconf 95' lang='lat' dir='ltr'><strong>V</strong></span> <span class='ocrx_word' id='word_1_310' title='bbox 503 2805 614 2834; x_wconf 92' lang='lat' dir='ltr'>corr.</span> <span class='ocrx_word' id='word_1_311' title='bbox 642 2791 712 2835; x_wconf 91' lang='lat' dir='ltr'>ed.</span> <span class='ocrx_word' id='word_1_312' title='bbox 798 2796 854 2834; x_wconf 82' lang='lat'>23</span> <span class='ocrx_word' id='word_1_313' title='bbox 885 2806 1030 2836; x_wconf 89' lang='lat' dir='ltr'>unum</span> <span class='ocrx_word' id='word_1_314' title='bbox 1053 2791 1095 2834; x_wconf 93' lang='lat' dir='ltr'><strong>V</strong></span> <span class='ocrx_word' id='word_1_315' title='bbox 1125 2793 1275 2835; x_wconf 81' lang='lat' dir='ltr'>virum</span> <span class='ocrx_word' id='word_1_316' title='bbox 1307 2792 1376 2835; x_wconf 90' lang='lat' dir='ltr'>ed.</span> <span class='ocrx_word' id='word_1_317' title='bbox 1465 2796 1520 2834; x_wconf 80' lang='lat'>24</span> <span class='ocrx_word' id='word_1_318' title='bbox 1551 2797 1664 2835; x_wconf 74' lang='lat' dir='ltr'>‘reete</span> <span class='ocrx_word' id='word_1_319' title='bbox 1693 2792 1861 2835; x_wconf 82' lang='lat' dir='ltr'>sociari</span> <span class='ocrx_word' id='word_1_320' title='bbox 1883 2789 1925 2832; x_wconf 91' lang='lat' dir='ltr'><strong>V</strong></span> 
     </span>
     <span class='ocr_line' id='line_1_37' title="bbox 231 2849 1924 2907; baseline -0.002 -13"><span class='ocrx_word' id='word_1_321' title='bbox 231 2855 314 2894; x_wconf 85' lang='lat' dir='ltr'>tua</span> <span class='ocrx_word' id='word_1_322' title='bbox 343 2852 445 2905; x_wconf 72' lang='lat' dir='ltr'>filia</span> <span class='ocrx_word' id='word_1_323' title='bbox 481 2850 588 2893; x_wconf 91' lang='lat' dir='ltr'>add.</span> <span class='ocrx_word' id='word_1_324' title='bbox 618 2850 687 2893; x_wconf 90' lang='lat' dir='ltr'>ed.</span> <span class='ocrx_word' id='word_1_325' title='bbox 811 2855 865 2893; x_wconf 79' lang='lat'>27</span> <span class='ocrx_word' id='word_1_326' title='bbox 898 2851 1110 2894; x_wconf 77' lang='lat' dir='ltr'>videbant</span> <span class='ocrx_word' id='word_1_327' title='bbox 1142 2850 1193 2894; x_wconf 91' lang='lat' dir='ltr'>V.</span> <span class='ocrx_word' id='word_1_328' title='bbox 1318 2855 1373 2894; x_wconf 85' lang='lat'>28</span> <span class='ocrx_word' id='word_1_329' title='bbox 1403 2853 1511 2906; x_wconf 85' lang='lat' dir='ltr'>post</span> <span class='ocrx_word' id='word_1_330' title='bbox 1542 2852 1726 2907; x_wconf 77' lang='lat' dir='ltr'>quantis</span> <span class='ocrx_word' id='word_1_331' title='bbox 1755 2849 1924 2892; x_wconf 86' lang='lat' dir='ltr'>lacuna</span> 
     </span>
     <span class='ocr_line' id='line_1_38' title="bbox 233 2909 1924 2965; baseline -0.001 -14"><span class='ocrx_word' id='word_1_332' title='bbox 233 2909 498 2963; x_wconf 89' lang='lat' dir='ltr'>quindecim</span> <span class='ocrx_word' id='word_1_333' title='bbox 539 2909 634 2952; x_wconf 88' lang='lat' dir='ltr'>fere</span> <span class='ocrx_word' id='word_1_334' title='bbox 674 2909 957 2963; x_wconf 87' lang='lat' dir='ltr'>litterarum,</span> <span class='ocrx_word' id='word_1_335' title='bbox 994 2909 1203 2964; x_wconf 85' lang='lat' dir='ltr'>sequitur</span> <span class='ocrx_word' id='word_1_336' title='bbox 1234 2911 1428 2955; x_wconf 79' lang='lat' dir='ltr'>titurrex</span> <span class='ocrx_word' id='word_1_337' title='bbox 1459 2923 1623 2954; x_wconf 84' lang='lat' dir='ltr'>aeneae</span> <span class='ocrx_word' id='word_1_338' title='bbox 1645 2922 1843 2965; x_wconf 77' lang='lat' dir='ltr'>persona</span> <span class='ocrx_word' id='word_1_339' title='bbox 1872 2912 1924 2950; x_wconf 81' lang='lat' dir='ltr'>ut</span> 
     </span>
     <span class='ocr_line' id='line_1_39' title="bbox 232 2968 1088 3023; baseline -0.001 -11"><span class='ocrx_word' id='word_1_340' title='bbox 232 2970 327 3023; x_wconf 76' lang='lat' dir='ltr'>ipse</span> <span class='ocrx_word' id='word_1_341' title='bbox 350 2968 404 3011; x_wconf 88' lang='lat' dir='ltr'>V:</span> <span class='ocrx_word' id='word_1_342' title='bbox 439 2968 640 3023; x_wconf 86' lang='lat' dir='ltr'>explevi,</span> <span class='ocrx_word' id='word_1_343' title='bbox 674 2970 847 3012; x_wconf 88' lang='lat' dir='ltr'>temere</span> <span class='ocrx_word' id='word_1_344' title='bbox 866 2970 991 3011; x_wconf 79' lang='lat' dir='ltr'>mut.</span> <span class='ocrx_word' id='word_1_345' title='bbox 1018 2969 1088 3012; x_wconf 90' lang='lat' dir='ltr'>ed.</span> 
     </span>
    </p>
   </div>
  </div>
 </body>
</html>
