2050 3226
60 1005 103 1038 10

58 1374 100 1408 15

55 1746 100 1779 2⁰

54 2116 99 2149 25

54 2487 98 2520 30

786 181 1090 243 AENEmos
1120 181 1184 225 X1
1722 185 1831 240 497

139 323 254 385 dus,
294 323 414 386 quia
443 324 609 385 pater,
646 322 699 370 in
739 322 919 383 altero,
956 322 1050 370 hoc
1087 323 1163 370 est
1191 322 1245 370 in
1275 323 1547 385 praesenti,
1585 323 1751 372 infans
1783 325 1835 373 et

138 398 244 447 sine
291 396 593 446 adminiculo
639 396 872 459 nutricis,
917 398 976 445 ut
1013 395 1204 445 dictum
1241 398 1338 458 est,
1385 412 1513 460 quae
1559 412 1659 445 non
1705 399 1834 446 esset

137 470 340 520 ferenda
377 472 431 519 in
469 471 591 534 fuga
630 473 680 519 et
719 485 846 534 quae
885 468 1226 533 requiescendi
1263 471 1429 535 gratia
1467 471 1662 533 stratiS,
1706 487 1832 533 quae

135 562 236 594 non
266 546 490 606 fuerant,
527 544 703 608 reponi
732 561 831 593 non
862 546 1051 608 posset,
1089 546 1143 592 in
1173 560 1275 607 qua
1303 546 1472 593 tamen
1510 546 1832 608 conpensatio

135 622 389 669 teneretur
431 617 655 682 perditae
700 618 965 681 potestatis
1011 621 1062 667 et
1098 618 1362 668 familiaris
1399 618 1495 680 rei,
1540 621 1742 684 gratum
1778 619 1833 667 in

136 693 355 743 adversis
394 694 618 756 paternis
648 693 863 756 pondus,
903 693 1038 756 quod
1073 709 1130 741 eo
1162 692 1386 757 gravius,
1426 692 1548 757 quia
1585 694 1708 742 satis
1739 693 1832 741 mi·

134 770 324 816 nimum
374 766 495 830 fuit3
549 770 768 830 quantae
817 769 948 815 enim
998 766 1349 816 sollicitudinis
1395 767 1664 831 ingruebat
1711 783 1833 816 cura

134 844 333 906 portare
379 857 487 890 eam
535 858 660 904 quae
708 857 796 904 per
841 842 1057 890 aetatem
1105 841 1338 904 periculis
1383 843 1512 891 esset
1555 843 1830 892 innumeris

132 916 379 979 proxima!
429 917 695 975 matrisque
731 917 920 964 vocavit
954 916 1148 963 nomine
1181 914 1446 965 Casmiliae
1473 919 1664 965 mutata
1684 920 1832 976 parte

136 989 421 1039 Camillam:
450 989 625 1038 matris
656 990 772 1038 huic
796 988 990 1038 addidit
1011 1005 1190 1038 nomen
1222 990 1394 1052 aliqua
1423 990 1540 1038 inde
1571 990 1831 1039 subtracta

133 1065 397 1128 particula,
424 1067 483 1112 ut
514 1063 727 1113 Camilla
758 1063 928 1127 potius
960 1080 1112 1126 quam
1137 1062 1374 1113 Casmilia
1398 1063 1661 1126 diceretur,
1689 1064 1831 1113 habi-

132 1143 277 1188 turus
316 1140 370 1186 in
409 1138 555 1187 exilio
594 1138 827 1187 comitem
864 1138 1023 1186 filiam
1060 1139 1111 1186 et
1147 1139 1201 1186 in
1247 1138 1581 1202 appellatione
1619 1138 1830 1188 infantis

133 1213 447 1263 dulcissimae
478 1228 658 1261 nomen
696 1213 876 1261 uxoris.
930 1213 1035 1273 ipse
1071 1213 1188 1260 sinu
1214 1227 1345 1272 prae
1382 1227 1434 1261 se
1462 1217 1674 1275 portans
1710 1214 1830 1275 iuya

133 1288 278 1349 lonya
307 1288 502 1347 petebat
537 1287 750 1335 solorum
786 1300 1061 1335 nemorum.-
1110 1285 1398 1351 diligentius
1444 1286 1573 1336 hanc
1618 1303 1736 1350 prae
1777 1303 1827 1336 se
1845 1297 1931 1338 545

132 1361 368 1424 portabat
418 1364 583 1424 pater,
634 1377 788 1424 quam
834 1360 877 1410 si
922 1361 1154 1409 adessent
1205 1361 1446 1423 nutrices,
1493 1360 1675 1424 quibus
1718 1377 1827 1411 mos

131 1438 207 1484 est
243 1435 460 1484 infantes
498 1436 640 1499 tergo
679 1437 887 1499 gestare.
963 1434 1167 1497 petebat
1204 1438 1371 1484 autem
1413 1435 1706 1485 solitudines
1743 1453 1827 1484 ne-

129 1526 347 1572 morum,
385 1526 446 1557 ne
485 1510 539 1557 in
569 1525 748 1558 manus
778 1510 1182 1572 persequentium
1214 1510 1404 1558 veniret
1441 1525 1555 1558 cum
1584 1510 1690 1558 filia
1720 1525 1827 1560 sua.

129 1585 224 1633 tela
254 1585 468 1645 undique
496 1598 646 1632 saeva
671 1584 957 1644 premebant
987 1587 1030 1631 et
1059 1584 1352 1643 circumfuso
1381 1584 1651 1632 volitabant
1678 1585 1829 1633 milite

139 1659 324 1708 Volsci:
366 1658 461 1707 hoc
499 1660 576 1707 est
613 1657 911 1707 circumfuso
951 1657 1084 1720 quod
1131 1659 1206 1706 est
1243 1657 1486 1720 undique3
1534 1658 1638 1706 tela
1676 1673 1827 1708 saeva

130 1748 258 1795 quae
306 1748 475 1782 necem
522 1731 803 1781 insontibus
852 1732 1059 1793 ferrent,
1108 1747 1198 1780 nec
1246 1734 1415 1780 tamen
1463 1731 1578 1794 ipsa
1626 1733 1827 1781 fuerant

129 1822 301 1868 saeva,
340 1806 427 1856 sed
462 1807 687 1855 homines
727 1809 815 1869 qui
853 1822 912 1854 ea
949 1805 1231 1868 portabant.
1292 1805 1451 1855 omnis
1490 1808 1658 1855 autem
1694 1806 1827 1871 fugi·

35 1874 42 1881 ⁸
130 1884 295 1930 entem
346 1883 595 1944 presserat
645 1881 922 1943 desperatio
971 1880 1143 1929 multis
1190 1879 1408 1944 undique
1455 1880 1660 1929 armatis
1714 1898 1824 1944 per-

129 1955 466 2018 sequentibus.
528 1969 629 2003 ecce
656 1955 806 2016 fuyae
834 1955 990 2003 medio
1024 1956 1229 2002 summis
1250 1952 1532 2003 Amasenus
1562 1956 1826 2004 abundans

127 2030 391 2090 spumabat
425 2029 574 2088 ripis:
611 2031 777 2077 tantus
814 2043 865 2076 se
902 2029 1114 2077 nubibus
1144 2029 1297 2076 imber
1325 2032 1550 2090 ruperat:
1589 2029 1677 2078 ubi
1714 2046 1823 2078 ecce

129 2104 333 2167 ponitur
382 2104 459 2152 est
504 2102 697 2166 aliquid
740 2103 883 2164 mali,
933 2104 992 2151 ut
1035 2102 1266 2165 plurimis
1311 2103 1433 2152 locis
1484 2104 1824 2167 exposuimus;

127 2195 245 2227 nam
282 2177 374 2225 hoc
411 2177 521 2225 loco
553 2176 889 2239 deceptionem
927 2176 1049 2225 dicit
1080 2178 1350 2226 occurrisse
1380 2177 1629 2226 torrentis.
1685 2181 1823 2227 ante-

130 2267 302 2314 quam,
340 2251 530 2314 inquit,
567 2253 682 2300 tuta
719 2250 955 2315 fugiendo
995 2251 1250 2313 retineret,
1289 2251 1354 2300 ad
1390 2251 1693 2300 Amasenum
1732 2253 1823 2300 fiu-

128 2327 266 2375 vium
295 2327 454 2386 venit,
495 2341 641 2387 quem
678 2326 750 2373 sic
786 2325 1099 2387 repleverant
1138 2340 1319 2388 aquae,
1360 2327 1418 2374 ut
1456 2341 1673 2375 summas
1713 2327 1819 2375 eius

126 2400 263 2463 ripas
302 2399 632 2463 operuissent,
669 2415 769 2447 non
802 2414 899 2462 quo
937 2398 1011 2447 ita
1044 2401 1312 2463 perpetuus
1343 2400 1537 2462 flueret,
1578 2399 1663 2448 sed
1701 2400 1822 2462 quia

126 2475 236 2537 ipso
285 2476 505 2536 tempore
553 2474 623 2521 sic
673 2472 869 2535 pluvias
917 2488 1060 2522 casus
1111 2474 1375 2536 attulerat,
1423 2476 1483 2522 ut
1531 2476 1822 2538 congestum

129 2564 306 2612 agmen
359 2548 611 2596 undarum
663 2549 966 2610 oportunum
1017 2549 1286 2597 transitum
1338 2551 1644 2612 pernegaret.
1740 2548 1821 2596 ille

250 2710 272 2748 1
306 2706 358 2748 in
383 2704 613 2760 praesenti
635 2702 677 2746 V
707 2704 758 2747 in
797 2716 886 2747 om.
917 2703 988 2747 ed.
1118 2708 1144 2746 2
1185 2704 1439 2748 ameniculo
1472 2702 1527 2746 V.
1656 2707 1685 2746 4
1725 2716 1821 2748 non

127 2763 315 2817 fuerant
336 2762 378 2806 V
409 2763 596 2807 deerant
626 2761 698 2805 ed.
820 2766 845 2805 9
876 2763 1109 2807 cas-miliae
1139 2764 1203 2819 (et
1233 2762 1356 2806 infra
1386 2763 1611 2817 casmilia)
1635 2761 1677 2805 V
1711 2762 1819 2806 Gas-

129 2823 281 2867 millae
311 2822 382 2867 ed.
409 2824 457 2867 et
478 2821 617 2878 Verg.
643 2820 765 2865 libri.
803 2822 807 2876 ῐ
842 2827 1011 2866 mutate
1031 2821 1074 2865 V
1103 2822 1318 2867 mutuata
1350 2821 1423 2865 ed.
1529 2826 1583 2864 12
1615 2822 1819 2866 comitem

128 2883 232 2925 item
255 2881 298 2925 V
327 2883 432 2926 item
464 2895 568 2924 cum
601 2880 702 2924 edF
735 2880 871 2924 omisi
901 2882 956 2925 ut
985 2881 1176 2938 dittogr.
1212 2882 1216 2938 Ι
1251 2882 1399 2935 filiam
1425 2885 1467 2924 et
1489 2879 1532 2924 V
1563 2885 1604 2925 et
1630 2894 1717 2924 om.
1745 2880 1815 2924 ed.

131 2945 186 2983 15
218 2955 351 2996 quam
383 2942 425 2985 si
447 2940 490 2984 V
521 2941 655 2996 quasi
685 2939 755 2984 ed.
880 2944 933 2983 19
965 2942 1109 2985 vulsci
1134 2940 1189 2984 V.
1312 2943 1367 2983 25
1400 2940 1512 2984 mali
1534 2938 1577 2983 V
1607 2941 1715 2984 novi
1744 2939 1818 2985 ed.

129 3003 184 3042 29
216 3013 309 3044 non
338 3000 459 3056 quod
491 2999 562 3042 ed.

217 3088 314 3121 Don.
330 3088 487 3128 interpr.
501 3089 614 3129 Verg.
638 3088 714 3121 vol.
731 3088 783 3121 11.
1490 3090 1545 3130 32
