<?xml version="1.0" encoding="UTF-8"?>
<!DOCTYPE html PUBLIC "-//W3C//DTD XHTML 1.0 Transitional//EN"
    "http://www.w3.org/TR/xhtml1/DTD/xhtml1-transitional.dtd">
<html xmlns="http://www.w3.org/1999/xhtml" xml:lang="en" lang="en">
 <head>
  <title>
</title>
<meta http-equiv="Content-Type" content="text/html;charset=utf-8" />
  <meta name='ocr-system' content='tesseract 3.04.00' />
  <meta name='ocr-capabilities' content='ocr_page ocr_carea ocr_par ocr_line ocrx_word'/>
</head>
<body>
  <div class='ocr_page' id='page_1' title='image "./interpretationes02donauoft_0223.png"; bbox 0 0 2050 3226; ppageno 0'>
   <div class='ocr_carea' id='block_1_1' title="bbox 806 192 1850 250">
    <p class='ocr_par' dir='ltr' id='par_1_1' title="bbox 806 192 1850 250">
     <span class='ocr_line' id='line_1_1' title="bbox 806 192 1850 250; baseline 0 -13"><span class='ocrx_word' id='word_1_1' title='bbox 806 192 1110 238; x_wconf 78' lang='lat' dir='ltr'><em>AENEmos</em></span> <span class='ocrx_word' id='word_1_2' title='bbox 1140 193 1205 237; x_wconf 83' lang='lat' dir='ltr'><em>IX</em></span> <span class='ocrx_word' id='word_1_3' title='bbox 1742 197 1850 250; x_wconf 84' lang='lat'><em>219</em></span> 
     </span>
    </p>
   </div>
   <div class='ocr_carea' id='block_1_2' title="bbox 86 332 1960 2699">
    <p class='ocr_par' dir='ltr' id='par_1_2' title="bbox 86 332 1960 2699">
     <span class='ocr_line' id='line_1_2' title="bbox 161 332 1852 418; baseline 0 -35"><span class='ocrx_word' id='word_1_4' title='bbox 161 335 377 384; x_wconf 84' lang='lat' dir='ltr'><em>aetatem</em></span> <span class='ocrx_word' id='word_1_5' title='bbox 407 334 575 397; x_wconf 90' lang='lat' dir='ltr'><em>potuit</em></span> <span class='ocrx_word' id='word_1_6' title='bbox 604 334 731 382; x_wconf 84' lang='lat' dir='ltr'><em>ferre</em></span> <span class='ocrx_word' id='word_1_7' title='bbox 768 336 968 382; x_wconf 88' lang='lat' dir='ltr'><em>matura</em></span> <span class='ocrx_word' id='word_1_8' title='bbox 1006 332 1227 382; x_wconf 90' lang='lat' dir='ltr'><em>consilia.</em></span> <span class='ocrx_word' id='word_1_9' title='bbox 1288 337 1391 381; x_wconf 88' lang='lat' dir='ltr'><em>twm</em></span> <span class='ocrx_word' id='word_1_10' title='bbox 1427 334 1498 382; x_wconf 86' lang='lat' dir='ltr'><em>sic</em></span> <span class='ocrx_word' id='word_1_11' title='bbox 1534 334 1852 418; x_wconf 75' lang='lat' dir='ltr'><em>Hyrtacides.</em></span> 
     </span>
     <span class='ocr_line' id='line_1_3' title="bbox 161 406 1954 470; baseline 0.001 -12"><span class='ocrx_word' id='word_1_12' title='bbox 161 410 326 459; x_wconf 79' lang='lat' dir='ltr'><em>audite</em></span> <span class='ocrx_word' id='word_1_13' title='bbox 354 423 382 457; x_wconf 91' lang='lat' dir='ltr'><em>o</em></span> <span class='ocrx_word' id='word_1_14' title='bbox 411 408 652 456; x_wconf 83' lang='lat' dir='ltr'><em>mentibus</em></span> <span class='ocrx_word' id='word_1_15' title='bbox 682 409 864 468; x_wconf 76' lang='lat' dir='ltr'><em>aequis,</em></span> <span class='ocrx_word' id='word_1_16' title='bbox 888 406 1176 456; x_wconf 80' lang='lat' dir='ltr'><em>Aeneadae:</em></span> <span class='ocrx_word' id='word_1_17' title='bbox 1212 407 1466 470; x_wconf 87' lang='lat' dir='ltr'><em>praeclare</em></span> <span class='ocrx_word' id='word_1_18' title='bbox 1497 406 1551 455; x_wconf 88' lang='lat' dir='ltr'><em>in</em></span> <span class='ocrx_word' id='word_1_19' title='bbox 1573 407 1696 470; x_wconf 91' lang='lat' dir='ltr'><em>ipsis</em></span> <span class='ocrx_word' id='word_1_20' title='bbox 1719 409 1851 470; x_wconf 89' lang='lat' dir='ltr'><em>prin-</em></span> <span class='ocrx_word' id='word_1_21' title='bbox 1868 419 1954 459; x_wconf 81' lang='lat'><em>235</em></span> 
     </span>
     <span class='ocr_line' id='line_1_4' title="bbox 161 481 1851 547; baseline -0.001 -15"><span class='ocrx_word' id='word_1_22' title='bbox 161 483 305 547; x_wconf 89' lang='lat' dir='ltr'><em>cipiis</em></span> <span class='ocrx_word' id='word_1_23' title='bbox 343 481 514 545; x_wconf 89' lang='lat' dir='ltr'><em>posuit</em></span> <span class='ocrx_word' id='word_1_24' title='bbox 550 481 799 531; x_wconf 85' lang='lat' dir='ltr'><em>mentibus</em></span> <span class='ocrx_word' id='word_1_25' title='bbox 840 482 1035 545; x_wconf 85' lang='lat' dir='ltr'><em>aequis,</em></span> <span class='ocrx_word' id='word_1_26' title='bbox 1072 497 1134 529; x_wconf 89' lang='lat' dir='ltr'><em>ne</em></span> <span class='ocrx_word' id='word_1_27' title='bbox 1174 481 1311 544; x_wconf 88' lang='lat' dir='ltr'><em>quis,</em></span> <span class='ocrx_word' id='word_1_28' title='bbox 1349 497 1462 530; x_wconf 91' lang='lat' dir='ltr'><em>cum</em></span> <span class='ocrx_word' id='word_1_29' title='bbox 1499 482 1741 543; x_wconf 80' lang='lat' dir='ltr'><em>audisset,</em></span> <span class='ocrx_word' id='word_1_30' title='bbox 1778 483 1851 530; x_wconf 88' lang='lat' dir='ltr'><em>in-</em></span> 
     </span>
     <span class='ocr_line' id='line_1_5' title="bbox 160 555 1854 616; baseline -0.001 -10"><span class='ocrx_word' id='word_1_31' title='bbox 160 557 351 607; x_wconf 86' lang='lat' dir='ltr'><em>videret</em></span> <span class='ocrx_word' id='word_1_32' title='bbox 388 555 722 605; x_wconf 78' lang='lat' dir='ltr'><em>audientibus,</em></span> <span class='ocrx_word' id='word_1_33' title='bbox 781 570 899 604; x_wconf 87' lang='lat' dir='ltr'><em>neve</em></span> <span class='ocrx_word' id='word_1_34' title='bbox 935 556 1054 604; x_wconf 82' lang='lat' dir='ltr'><em>haec</em></span> <span class='ocrx_word' id='word_1_35' title='bbox 1081 556 1263 604; x_wconf 86' lang='lat' dir='ltr'><em>nostris</em></span> <span class='ocrx_word' id='word_1_36' title='bbox 1296 559 1567 616; x_wconf 78' lang='lat' dir='ltr'><em>spectentur</em></span> <span class='ocrx_word' id='word_1_37' title='bbox 1605 557 1667 605; x_wconf 87' lang='lat' dir='ltr'><em>ab</em></span> <span class='ocrx_word' id='word_1_38' title='bbox 1707 557 1854 604; x_wconf 86' lang='lat' dir='ltr'><em>annis</em></span> 
     </span>
     <span class='ocr_line' id='line_1_6' title="bbox 110 630 1855 693; baseline 0.001 -16"><span class='ocrx_word' id='word_1_39' title='bbox 110 643 130 677; x_wconf 76' lang='lat'><strong>⁶</strong></span> <span class='ocrx_word' id='word_1_40' title='bbox 161 645 286 692; x_wconf 80' lang='lat' dir='ltr'><em>quae</em></span> <span class='ocrx_word' id='word_1_41' title='bbox 321 632 550 692; x_wconf 86' lang='lat' dir='ltr'><em>ferimus:</em></span> <span class='ocrx_word' id='word_1_42' title='bbox 587 647 649 678; x_wconf 90' lang='lat' dir='ltr'><em>ne</em></span> <span class='ocrx_word' id='word_1_43' title='bbox 689 631 890 693; x_wconf 88' lang='lat' dir='ltr'><em>arrepta</em></span> <span class='ocrx_word' id='word_1_44' title='bbox 929 630 1108 679; x_wconf 85' lang='lat' dir='ltr'><em>aetatis</em></span> <span class='ocrx_word' id='word_1_45' title='bbox 1146 631 1345 679; x_wconf 88' lang='lat' dir='ltr'><em>nostrae</em></span> <span class='ocrx_word' id='word_1_46' title='bbox 1384 630 1640 679; x_wconf 82' lang='lat' dir='ltr'><em>occasione</em></span> <span class='ocrx_word' id='word_1_47' title='bbox 1677 630 1855 679; x_wconf 82' lang='lat' dir='ltr'><em>leviter</em></span> 
     </span>
     <span class='ocr_line' id='line_1_7' title="bbox 161 704 1853 768; baseline -0.001 -13"><span class='ocrx_word' id='word_1_48' title='bbox 161 707 389 755; x_wconf 75' lang='lat' dir='ltr'><strong>sumatur</strong></span> <span class='ocrx_word' id='word_1_49' title='bbox 427 704 561 767; x_wconf 91' lang='lat' dir='ltr'><em>quod</em></span> <span class='ocrx_word' id='word_1_50' title='bbox 599 706 674 754; x_wconf 90' lang='lat' dir='ltr'><em>est</em></span> <span class='ocrx_word' id='word_1_51' title='bbox 703 720 794 766; x_wconf 90' lang='lat' dir='ltr'><em>pro</em></span> <span class='ocrx_word' id='word_1_52' title='bbox 835 704 1059 752; x_wconf 91' lang='lat' dir='ltr'><em>omnium</em></span> <span class='ocrx_word' id='word_1_53' title='bbox 1090 705 1252 753; x_wconf 90' lang='lat' dir='ltr'><em>salute</em></span> <span class='ocrx_word' id='word_1_54' title='bbox 1283 707 1618 768; x_wconf 88' lang='lat' dir='ltr'><em>prospectum.</em></span> <span class='ocrx_word' id='word_1_55' title='bbox 1672 706 1853 753; x_wconf 84' lang='lat' dir='ltr'><em>aetatis</em></span> 
     </span>
     <span class='ocr_line' id='line_1_8' title="bbox 161 778 1856 842; baseline -0.002 -13"><span class='ocrx_word' id='word_1_56' title='bbox 161 778 562 829; x_wconf 71' lang='lat' dir='ltr'><em>commemoratio</em></span> <span class='ocrx_word' id='word_1_57' title='bbox 599 779 737 828; x_wconf 89' lang='lat' dir='ltr'><em>facta</em></span> <span class='ocrx_word' id='word_1_58' title='bbox 767 781 844 827; x_wconf 90' lang='lat' dir='ltr'><em>est</em></span> <span class='ocrx_word' id='word_1_59' title='bbox 880 780 1085 842; x_wconf 89' lang='lat' dir='ltr'><em>propter</em></span> <span class='ocrx_word' id='word_1_60' title='bbox 1121 778 1421 841; x_wconf 75' lang='lat' dir='ltr'><em>Euryalum,</em></span> <span class='ocrx_word' id='word_1_61' title='bbox 1467 779 1527 828; x_wconf 92' lang='lat' dir='ltr'><em>de</em></span> <span class='ocrx_word' id='word_1_62' title='bbox 1568 794 1665 842; x_wconf 93' lang='lat' dir='ltr'><em>quo</em></span> <span class='ocrx_word' id='word_1_63' title='bbox 1705 794 1856 841; x_wconf 87' lang='lat' dir='ltr'><em>supra</em></span> 
     </span>
     <span class='ocr_line' id='line_1_9' title="bbox 161 852 1855 917; baseline -0.001 -15"><span class='ocrx_word' id='word_1_64' title='bbox 161 854 291 902; x_wconf 75' lang='lat' dir='ltr'><em>dixit</em></span> <span class='ocrx_word' id='word_1_65' title='bbox 320 868 447 915; x_wconf 90' lang='lat' dir='ltr'><em>„ora</em></span> <span class='ocrx_word' id='word_1_66' title='bbox 470 869 596 917; x_wconf 90' lang='lat' dir='ltr'><em>puer</em></span> <span class='ocrx_word' id='word_1_67' title='bbox 625 853 789 916; x_wconf 89' lang='lat' dir='ltr'><em>prima</em></span> <span class='ocrx_word' id='word_1_68' title='bbox 819 853 1023 917; x_wconf 87' lang='lat' dir='ltr'><em>signans</em></span> <span class='ocrx_word' id='word_1_69' title='bbox 1053 852 1255 902; x_wconf 89' lang='lat' dir='ltr'><em>intonsa</em></span> <span class='ocrx_word' id='word_1_70' title='bbox 1284 852 1549 915; x_wconf 85' lang='lat' dir='ltr'><em>iuventa“3</em></span> <span class='ocrx_word' id='word_1_71' title='bbox 1580 853 1693 901; x_wconf 86' lang='lat' dir='ltr'><em>vult</em></span> <span class='ocrx_word' id='word_1_72' title='bbox 1723 854 1855 901; x_wconf 91' lang='lat' dir='ltr'><em>enim</em></span> 
     </span>
     <span class='ocr_line' id='line_1_10' title="bbox 160 926 1855 992; baseline -0.001 -16"><span class='ocrx_word' id='word_1_73' title='bbox 160 931 221 977; x_wconf 90' lang='lat' dir='ltr'><em>ut</em></span> <span class='ocrx_word' id='word_1_74' title='bbox 250 928 476 992; x_wconf 87' lang='lat' dir='ltr'><em>egregius</em></span> <span class='ocrx_word' id='word_1_75' title='bbox 509 928 696 976; x_wconf 90' lang='lat' dir='ltr'><em>amicus</em></span> <span class='ocrx_word' id='word_1_76' title='bbox 728 942 924 976; x_wconf 90' lang='lat' dir='ltr'><em>omnem</em></span> <span class='ocrx_word' id='word_1_77' title='bbox 953 928 1173 991; x_wconf 75' lang='lat' dir='ltr'><em>gratiam</em></span> <span class='ocrx_word' id='word_1_78' title='bbox 1202 928 1396 976; x_wconf 87' lang='lat' dir='ltr'><em>inventi</em></span> <span class='ocrx_word' id='word_1_79' title='bbox 1426 927 1624 976; x_wconf 91' lang='lat' dir='ltr'><em>consilii</em></span> <span class='ocrx_word' id='word_1_80' title='bbox 1653 926 1855 990; x_wconf 88' lang='lat' dir='ltr'><em>partici-</em></span> 
     </span>
     <span class='ocr_line' id='line_1_11' title="bbox 88 1001 1858 1066; baseline -0.001 -15"><span class='ocrx_word' id='word_1_81' title='bbox 88 1017 132 1051; x_wconf 86' lang='grc'><em>10</em></span> <span class='ocrx_word' id='word_1_82' title='bbox 160 1018 280 1066; x_wconf 87' lang='lat' dir='ltr'><em>pare</em></span> <span class='ocrx_word' id='word_1_83' title='bbox 330 1018 441 1051; x_wconf 90' lang='lat' dir='ltr'><em>cum</em></span> <span class='ocrx_word' id='word_1_84' title='bbox 479 1002 628 1050; x_wconf 89' lang='lat' dir='ltr'><em>socio.</em></span> <span class='ocrx_word' id='word_1_85' title='bbox 704 1001 881 1049; x_wconf 84' lang='lat' dir='ltr'><em>Rutuli</em></span> <span class='ocrx_word' id='word_1_86' title='bbox 917 1015 1084 1050; x_wconf 86' lang='lat' dir='ltr'><em>somno</em></span> <span class='ocrx_word' id='word_1_87' title='bbox 1127 1002 1334 1063; x_wconf 80' lang='lat' dir='ltr'><em>vinoque</em></span> <span class='ocrx_word' id='word_1_88' title='bbox 1378 1002 1523 1050; x_wconf 83' lang='lat' dir='ltr'><em>soluti</em></span> <span class='ocrx_word' id='word_1_89' title='bbox 1569 1002 1834 1050; x_wconf 85' lang='lat' dir='ltr'><em>conticuere</em></span> <span class='ocrx_word' id='word_1_90' title='bbox 1842 1019 1858 1049; x_wconf 80' lang='lat'><em>.-</em></span> 
     </span>
     <span class='ocr_line' id='line_1_12' title="bbox 159 1075 1855 1140; baseline -0.001 -14"><span class='ocrx_word' id='word_1_91' title='bbox 159 1077 283 1126; x_wconf 90' lang='lat' dir='ltr'><em>bene</em></span> <span class='ocrx_word' id='word_1_92' title='bbox 320 1076 494 1140; x_wconf 89' lang='lat' dir='ltr'><em>posuit</em></span> <span class='ocrx_word' id='word_1_93' title='bbox 531 1076 836 1138; x_wconf 85' lang='lat' dir='ltr'><em>conticuere3</em></span> <span class='ocrx_word' id='word_1_94' title='bbox 873 1075 1043 1138; x_wconf 87' lang='lat' dir='ltr'><em>potuit</em></span> <span class='ocrx_word' id='word_1_95' title='bbox 1081 1075 1214 1123; x_wconf 90' lang='lat' dir='ltr'><em>enim</em></span> <span class='ocrx_word' id='word_1_96' title='bbox 1252 1075 1351 1124; x_wconf 91' lang='lat' dir='ltr'><em>dici</em></span> <span class='ocrx_word' id='word_1_97' title='bbox 1389 1076 1435 1124; x_wconf 92' lang='grc'><em>31</em></span> <span class='ocrx_word' id='word_1_98' title='bbox 1470 1076 1600 1124; x_wconf 84' lang='grc' dir='ltr'><em>1111ᾶ3</em></span> <span class='ocrx_word' id='word_1_99' title='bbox 1639 1075 1735 1125; x_wconf 85' lang='grc'><em>3013</em></span> <span class='ocrx_word' id='word_1_100' title='bbox 1773 1091 1855 1124; x_wconf 89' lang='grc'><em>303</em></span> 
     </span>
     <span class='ocr_line' id='line_1_13' title="bbox 162 1144 1858 1213; baseline -0.001 -14"><span class='ocrx_word' id='word_1_101' title='bbox 162 1150 408 1199; x_wconf 78' lang='lat' dir='ltr'><em>dormire?</em></span> <span class='ocrx_word' id='word_1_102' title='bbox 447 1166 504 1199; x_wconf 87' lang='lat' dir='ltr'><em>ex</em></span> <span class='ocrx_word' id='word_1_103' title='bbox 532 1165 606 1212; x_wconf 92' lang='lat' dir='ltr'><em>e0,</em></span> <span class='ocrx_word' id='word_1_104' title='bbox 631 1150 813 1213; x_wconf 86' lang='lat' dir='ltr'><em>inquit,</em></span> <span class='ocrx_word' id='word_1_105' title='bbox 838 1150 971 1213; x_wconf 93' lang='lat' dir='ltr'><em>quod</em></span> <span class='ocrx_word' id='word_1_106' title='bbox 995 1144 1180 1211; x_wconf 85' lang='lat' dir='ltr'><em>tacent,</em></span> <span class='ocrx_word' id='word_1_107' title='bbox 1211 1149 1480 1198; x_wconf 88' lang='lat' dir='ltr'><em>dormiunt.</em></span> <span class='ocrx_word' id='word_1_108' title='bbox 1535 1150 1670 1212; x_wconf 91' lang='lat' dir='ltr'><em>quod</em></span> <span class='ocrx_word' id='word_1_109' title='bbox 1692 1152 1858 1199; x_wconf 85' lang='lat' dir='ltr'><em>autem</em></span> 
     </span>
     <span class='ocr_line' id='line_1_14' title="bbox 160 1223 1857 1275; baseline -0.002 0"><span class='ocrx_word' id='word_1_110' title='bbox 160 1226 334 1275; x_wconf 87' lang='lat' dir='ltr'><em>vinum</em></span> <span class='ocrx_word' id='word_1_111' title='bbox 370 1226 463 1274; x_wconf 91' lang='lat' dir='ltr'><em>hoc</em></span> <span class='ocrx_word' id='word_1_112' title='bbox 501 1224 699 1273; x_wconf 74' lang='lat' dir='ltr'><em>fecisset</em></span> <span class='ocrx_word' id='word_1_113' title='bbox 736 1225 787 1272; x_wconf 90' lang='lat' dir='ltr'><em>et</em></span> <span class='ocrx_word' id='word_1_114' title='bbox 825 1239 1024 1273; x_wconf 86' lang='lat' dir='ltr'><em>somnus</em></span> <span class='ocrx_word' id='word_1_115' title='bbox 1063 1223 1292 1273; x_wconf 86' lang='lat' dir='ltr'><em>viderant</em></span> <span class='ocrx_word' id='word_1_116' title='bbox 1330 1240 1511 1273; x_wconf 91' lang='lat' dir='ltr'><em>omnes.</em></span> <span class='ocrx_word' id='word_1_117' title='bbox 1590 1225 1746 1272; x_wconf 84' lang='lat' dir='ltr'><em>locum</em></span> <span class='ocrx_word' id='word_1_118' title='bbox 1781 1225 1857 1272; x_wconf 89' lang='lat' dir='ltr'><em>in-</em></span> 
     </span>
     <span class='ocr_line' id='line_1_15' title="bbox 160 1299 1858 1360; baseline -0.001 -12"><span class='ocrx_word' id='word_1_119' title='bbox 160 1300 303 1349; x_wconf 85' lang='lat' dir='ltr'><em>sidiis</em></span> <span class='ocrx_word' id='word_1_120' title='bbox 371 1299 707 1359; x_wconf 77' lang='lat' dir='ltr'><em>conspeximus</em></span> <span class='ocrx_word' id='word_1_121' title='bbox 759 1299 858 1358; x_wconf 88' lang='lat' dir='ltr'><em>ipsi</em></span> <span class='ocrx_word' id='word_1_122' title='bbox 910 1300 995 1358; x_wconf 79' lang='lat' dir='ltr'><em>qui</em></span> <span class='ocrx_word' id='word_1_123' title='bbox 1038 1301 1176 1359; x_wconf 89' lang='lat' dir='ltr'><em>patet</em></span> <span class='ocrx_word' id='word_1_124' title='bbox 1226 1299 1282 1346; x_wconf 87' lang='lat' dir='ltr'><em>in</em></span> <span class='ocrx_word' id='word_1_125' title='bbox 1335 1299 1461 1347; x_wconf 82' lang='lat' dir='ltr'><em>bivio</em></span> <span class='ocrx_word' id='word_1_126' title='bbox 1507 1302 1682 1358; x_wconf 88' lang='lat' dir='ltr'><em>portae</em></span> <span class='ocrx_word' id='word_1_127' title='bbox 1735 1312 1858 1360; x_wconf 79' lang='lat' dir='ltr'><em>quae</em></span> 
     </span>
     <span class='ocr_line' id='line_1_16' title="bbox 88 1372 1858 1435; baseline 0 -15"><span class='ocrx_word' id='word_1_128' title='bbox 88 1386 130 1420; x_wconf 82' lang='lat'><em>15</em></span> <span class='ocrx_word' id='word_1_129' title='bbox 154 1374 386 1435; x_wconf 68' lang='lat' dir='ltr'><em>promima</em></span> <span class='ocrx_word' id='word_1_130' title='bbox 422 1376 595 1434; x_wconf 87' lang='lat' dir='ltr'><em>ponto,</em></span> <span class='ocrx_word' id='word_1_131' title='bbox 640 1373 903 1433; x_wconf 76' lang='lat' dir='ltr'><em>interrupti</em></span> <span class='ocrx_word' id='word_1_132' title='bbox 946 1373 1082 1434; x_wconf 72' lang='lat' dir='ltr'><em>iynes</em></span> <span class='ocrx_word' id='word_1_133' title='bbox 1128 1376 1323 1432; x_wconf 81' lang='lat' dir='ltr'><em>aterque</em></span> <span class='ocrx_word' id='word_1_134' title='bbox 1367 1373 1435 1420; x_wconf 83' lang='lat' dir='ltr'><em>ad</em></span> <span class='ocrx_word' id='word_1_135' title='bbox 1479 1372 1645 1421; x_wconf 86' lang='lat' dir='ltr'><em>sidera</em></span> <span class='ocrx_word' id='word_1_136' title='bbox 1688 1373 1858 1431; x_wconf 80' lang='lat' dir='ltr'><em>fumus</em></span> 
     </span>
     <span class='ocr_line' id='line_1_17' title="bbox 162 1446 1960 1511; baseline -0.002 -15"><span class='ocrx_word' id='word_1_137' title='bbox 162 1449 387 1509; x_wconf 72' lang='lat' dir='ltr'><em>eriqttur:</em></span> <span class='ocrx_word' id='word_1_138' title='bbox 434 1448 557 1496; x_wconf 89' lang='grc'><em>11330</em></span> <span class='ocrx_word' id='word_1_139' title='bbox 604 1462 801 1510; x_wconf 91' lang='lat' dir='ltr'><em>quoque</em></span> <span class='ocrx_word' id='word_1_140' title='bbox 847 1447 993 1511; x_wconf 87' lang='lat' dir='ltr'><em>signa</em></span> <span class='ocrx_word' id='word_1_141' title='bbox 1038 1446 1301 1496; x_wconf 74' lang='lat' dir='ltr'><em>constabat</em></span> <span class='ocrx_word' id='word_1_142' title='bbox 1339 1462 1444 1496; x_wconf 90' lang='lat' dir='ltr'><em>esse</em></span> <span class='ocrx_word' id='word_1_143' title='bbox 1490 1447 1856 1496; x_wconf 83' lang='lat' dir='ltr'><em>dormientium.</em></span> <span class='ocrx_word' id='word_1_144' title='bbox 1874 1453 1960 1493; x_wconf 83' lang='lat'><em>240</em></span> 
     </span>
     <span class='ocr_line' id='line_1_18' title="bbox 161 1520 1859 1584; baseline -0.001 -13"><span class='ocrx_word' id='word_1_145' title='bbox 161 1524 292 1584; x_wconf 87' lang='lat' dir='ltr'><em>ater,</em></span> <span class='ocrx_word' id='word_1_146' title='bbox 328 1523 517 1584; x_wconf 88' lang='lat' dir='ltr'><em>inquit,</em></span> <span class='ocrx_word' id='word_1_147' title='bbox 555 1521 743 1583; x_wconf 80' lang='lat' dir='ltr'><em>fumuS,</em></span> <span class='ocrx_word' id='word_1_148' title='bbox 782 1536 882 1569; x_wconf 91' lang='lat' dir='ltr'><em>non</em></span> <span class='ocrx_word' id='word_1_149' title='bbox 921 1538 1019 1584; x_wconf 91' lang='lat' dir='ltr'><em>quo</em></span> <span class='ocrx_word' id='word_1_150' title='bbox 1051 1523 1120 1570; x_wconf 89' lang='lat' dir='ltr'><em>sit</em></span> <span class='ocrx_word' id='word_1_151' title='bbox 1157 1520 1428 1584; x_wconf 89' lang='lat' dir='ltr'><em>aliquando</em></span> <span class='ocrx_word' id='word_1_152' title='bbox 1468 1521 1634 1583; x_wconf 79' lang='lat' dir='ltr'><em>albuS,</em></span> <span class='ocrx_word' id='word_1_153' title='bbox 1673 1521 1760 1570; x_wconf 90' lang='lat' dir='ltr'><em>sed</em></span> <span class='ocrx_word' id='word_1_154' title='bbox 1805 1524 1859 1570; x_wconf 91' lang='lat' dir='ltr'><em>ut</em></span> 
     </span>
     <span class='ocr_line' id='line_1_19' title="bbox 161 1595 1857 1659; baseline -0.001 -14"><span class='ocrx_word' id='word_1_155' title='bbox 161 1612 384 1645; x_wconf 89' lang='lat' dir='ltr'><em>crassum</em></span> <span class='ocrx_word' id='word_1_156' title='bbox 422 1597 780 1659; x_wconf 88' lang='lat' dir='ltr'><em>copiosumque</em></span> <span class='ocrx_word' id='word_1_157' title='bbox 825 1598 1141 1646; x_wconf 86' lang='lat' dir='ltr'><em>monstraret.</em></span> <span class='ocrx_word' id='word_1_158' title='bbox 1216 1597 1410 1644; x_wconf 87' lang='lat' dir='ltr'><em>interea</em></span> <span class='ocrx_word' id='word_1_159' title='bbox 1446 1611 1583 1645; x_wconf 89' lang='lat' dir='ltr'><em>more</em></span> <span class='ocrx_word' id='word_1_160' title='bbox 1623 1611 1711 1645; x_wconf 90' lang='lat' dir='ltr'><em>suo</em></span> <span class='ocrx_word' id='word_1_161' title='bbox 1735 1595 1857 1643; x_wconf 89' lang='lat' dir='ltr'><em>Ver-</em></span> 
     </span>
     <span class='ocr_line' id='line_1_20' title="bbox 161 1669 1859 1735; baseline 0 -17"><span class='ocrx_word' id='word_1_162' title='bbox 161 1670 312 1735; x_wconf 87' lang='lat' dir='ltr'><em>gilius</em></span> <span class='ocrx_word' id='word_1_163' title='bbox 353 1672 469 1719; x_wconf 89' lang='lat' dir='ltr'><em>ante</em></span> <span class='ocrx_word' id='word_1_164' title='bbox 500 1671 661 1733; x_wconf 89' lang='lat' dir='ltr'><em>ipsius</em></span> <span class='ocrx_word' id='word_1_165' title='bbox 701 1670 897 1719; x_wconf 86' lang='lat' dir='ltr'><em>consilii</em></span> <span class='ocrx_word' id='word_1_166' title='bbox 928 1670 1263 1734; x_wconf 86' lang='lat' dir='ltr'><em>cognitionem</em></span> <span class='ocrx_word' id='word_1_167' title='bbox 1299 1669 1687 1733; x_wconf 89' lang='lat' dir='ltr'><em>possibilitatem</em></span> <span class='ocrx_word' id='word_1_168' title='bbox 1717 1685 1859 1732; x_wconf 88' lang='lat' dir='ltr'><em>prae-</em></span> 
     </span>
     <span class='ocr_line' id='line_1_21' title="bbox 86 1743 1857 1807; baseline 0.001 -17"><span class='ocrx_word' id='word_1_169' title='bbox 86 1758 131 1791; x_wconf 73' lang='grc'><em>30</em></span> <span class='ocrx_word' id='word_1_170' title='bbox 159 1745 322 1794; x_wconf 86' lang='lat' dir='ltr'><em>mittit</em></span> <span class='ocrx_word' id='word_1_171' title='bbox 352 1746 575 1806; x_wconf 88' lang='lat' dir='ltr'><em>effectus,</em></span> <span class='ocrx_word' id='word_1_172' title='bbox 613 1747 733 1793; x_wconf 86' lang='lat' dir='ltr'><em>tunc</em></span> <span class='ocrx_word' id='word_1_173' title='bbox 762 1743 1101 1794; x_wconf 85' lang='lat' dir='ltr'><em>inventionem</em></span> <span class='ocrx_word' id='word_1_174' title='bbox 1131 1746 1296 1807; x_wconf 88' lang='lat' dir='ltr'><em>ipsam</em></span> <span class='ocrx_word' id='word_1_175' title='bbox 1326 1744 1470 1805; x_wconf 88' lang='lat' dir='ltr'><em>dicit,</em></span> <span class='ocrx_word' id='word_1_176' title='bbox 1501 1760 1562 1792; x_wconf 91' lang='lat' dir='ltr'><em>ne</em></span> <span class='ocrx_word' id='word_1_177' title='bbox 1595 1745 1857 1793; x_wconf 84' lang='lat' dir='ltr'><em>contrariis</em></span> 
     </span>
     <span class='ocr_line' id='line_1_22' title="bbox 159 1818 1861 1883; baseline -0.001 -15"><span class='ocrx_word' id='word_1_178' title='bbox 159 1818 638 1883; x_wconf 84' lang='lat' dir='ltr'><em>interrogationibus</em></span> <span class='ocrx_word' id='word_1_179' title='bbox 675 1819 935 1868; x_wconf 89' lang='lat' dir='ltr'><em>relationis</em></span> <span class='ocrx_word' id='word_1_180' title='bbox 974 1819 1135 1882; x_wconf 90' lang='lat' dir='ltr'><em>ipsius</em></span> <span class='ocrx_word' id='word_1_181' title='bbox 1173 1818 1388 1868; x_wconf 86' lang='lat' dir='ltr'><em>intentio</em></span> <span class='ocrx_word' id='word_1_182' title='bbox 1426 1820 1754 1882; x_wconf 89' lang='lat' dir='ltr'><em>rumperetur.</em></span> <span class='ocrx_word' id='word_1_183' title='bbox 1816 1818 1861 1867; x_wconf 91' lang='grc'><em>31</em></span> 
     </span>
     <span class='ocr_line' id='line_1_23' title="bbox 162 1893 1860 1956; baseline 0 -15"><span class='ocrx_word' id='word_1_184' title='bbox 162 1895 295 1942; x_wconf 88' lang='grc'><em>3111111</em></span> <span class='ocrx_word' id='word_1_185' title='bbox 337 1893 391 1941; x_wconf 89' lang='grc'><em>111</em></span> <span class='ocrx_word' id='word_1_186' title='bbox 436 1894 601 1956; x_wconf 87' lang='lat' dir='ltr'><em>prima</em></span> <span class='ocrx_word' id='word_1_187' title='bbox 644 1894 790 1956; x_wconf 90' lang='lat' dir='ltr'><em>parte</em></span> <span class='ocrx_word' id='word_1_188' title='bbox 836 1893 1022 1942; x_wconf 89' lang='lat' dir='ltr'><em>diceret</em></span> <span class='ocrx_word' id='word_1_189' title='bbox 1064 1893 1220 1942; x_wconf 82' lang='lat' dir='ltr'><em>Nisus</em></span> <span class='ocrx_word' id='word_1_190' title='bbox 1259 1910 1320 1941; x_wconf 91' lang='lat' dir='ltr'><em>ne</em></span> <span class='ocrx_word' id='word_1_191' title='bbox 1359 1893 1585 1942; x_wconf 85' lang='lat' dir='ltr'><em>tractetis</em></span> <span class='ocrx_word' id='word_1_192' title='bbox 1631 1893 1860 1954; x_wconf 84' lang='lat' dir='ltr'><em>ulterius,</em></span> 
     </span>
     <span class='ocr_line' id='line_1_24' title="bbox 161 1966 1859 2031; baseline -0.001 -15"><span class='ocrx_word' id='word_1_193' title='bbox 161 1983 251 2016; x_wconf 91' lang='lat' dir='ltr'><em>nos</em></span> <span class='ocrx_word' id='word_1_194' title='bbox 300 1967 428 2016; x_wconf 90' lang='lat' dir='ltr'><em>imus</em></span> <span class='ocrx_word' id='word_1_195' title='bbox 479 1967 544 2015; x_wconf 84' lang='lat' dir='ltr'><em>ad</em></span> <span class='ocrx_word' id='word_1_196' title='bbox 580 1968 807 2030; x_wconf 89' lang='lat' dir='ltr'><em>Aenean,</em></span> <span class='ocrx_word' id='word_1_197' title='bbox 860 1969 1030 2031; x_wconf 87' lang='lat' dir='ltr'><em>posset</em></span> <span class='ocrx_word' id='word_1_198' title='bbox 1076 1968 1366 2031; x_wconf 90' lang='lat' dir='ltr'><em>responderi</em></span> <span class='ocrx_word' id='word_1_199' title='bbox 1419 1967 1667 2030; x_wconf 92' lang='lat' dir='ltr'><em>quomodo</em></span> <span class='ocrx_word' id='word_1_200' title='bbox 1719 1966 1859 2016; x_wconf 89' lang='lat' dir='ltr'><em>ibitis</em></span> 
     </span>
     <span class='ocr_line' id='line_1_25' title="bbox 163 2041 1860 2106; baseline -0.001 -15"><span class='ocrx_word' id='word_1_201' title='bbox 163 2044 214 2091; x_wconf 89' lang='lat' dir='ltr'><em>et</em></span> <span class='ocrx_word' id='word_1_202' title='bbox 237 2041 524 2091; x_wconf 86' lang='lat' dir='ltr'><em>circumfusi</em></span> <span class='ocrx_word' id='word_1_203' title='bbox 546 2043 666 2090; x_wconf 88' lang='lat' dir='ltr'><em>sunt</em></span> <span class='ocrx_word' id='word_1_204' title='bbox 686 2041 888 2091; x_wconf 77' lang='lat' dir='ltr'><em>hostes?</em></span> <span class='ocrx_word' id='word_1_205' title='bbox 926 2043 1020 2091; x_wconf 89' lang='lat' dir='ltr'><em>hoc</em></span> <span class='ocrx_word' id='word_1_206' title='bbox 1043 2041 1128 2091; x_wconf 86' lang='lat' dir='ltr'><em>isti</em></span> <span class='ocrx_word' id='word_1_207' title='bbox 1150 2043 1283 2091; x_wconf 89' lang='lat' dir='ltr'><em>inter</em></span> <span class='ocrx_word' id='word_1_208' title='bbox 1302 2041 1451 2090; x_wconf 88' lang='lat' dir='ltr'><em>initia</em></span> <span class='ocrx_word' id='word_1_209' title='bbox 1473 2058 1572 2091; x_wconf 91' lang='lat' dir='ltr'><em>non</em></span> <span class='ocrx_word' id='word_1_210' title='bbox 1597 2044 1860 2106; x_wconf 85' lang='lat' dir='ltr'><em>negarunt,</em></span> 
     </span>
     <span class='ocr_line' id='line_1_26' title="bbox 89 2115 1859 2179; baseline -0.002 -13"><span class='ocrx_word' id='word_1_211' title='bbox 89 2127 132 2160; x_wconf 76' lang='lat'><em>25</em></span> <span class='ocrx_word' id='word_1_212' title='bbox 162 2115 250 2166; x_wconf 90' lang='lat' dir='ltr'><em>sed</em></span> <span class='ocrx_word' id='word_1_213' title='bbox 288 2116 510 2179; x_wconf 88' lang='lat' dir='ltr'><em>sepultos</em></span> <span class='ocrx_word' id='word_1_214' title='bbox 542 2115 659 2164; x_wconf 86' lang='lat' dir='ltr'><em>vino</em></span> <span class='ocrx_word' id='word_1_215' title='bbox 698 2131 803 2165; x_wconf 89' lang='lat' dir='ltr'><em>esse</em></span> <span class='ocrx_word' id='word_1_216' title='bbox 834 2116 1161 2166; x_wconf 85' lang='lat' dir='ltr'><em>adsemerunt</em></span> <span class='ocrx_word' id='word_1_217' title='bbox 1199 2132 1257 2165; x_wconf 89' lang='lat' dir='ltr'><em>ac</em></span> <span class='ocrx_word' id='word_1_218' title='bbox 1295 2131 1490 2165; x_wconf 91' lang='lat' dir='ltr'><em>somno:</em></span> <span class='ocrx_word' id='word_1_219' title='bbox 1528 2116 1736 2179; x_wconf 82' lang='lat' dir='ltr'><em>proinde</em></span> <span class='ocrx_word' id='word_1_220' title='bbox 1768 2131 1859 2178; x_wconf 87' lang='lat' dir='ltr'><em>pro</em></span> 
     </span>
     <span class='ocr_line' id='line_1_27' title="bbox 163 2189 1861 2253; baseline -0.001 -14"><span class='ocrx_word' id='word_1_221' title='bbox 163 2190 448 2239; x_wconf 86' lang='lat' dir='ltr'><em>absentibus</em></span> <span class='ocrx_word' id='word_1_222' title='bbox 468 2189 643 2238; x_wconf 87' lang='lat' dir='ltr'><em>haberi</em></span> <span class='ocrx_word' id='word_1_223' title='bbox 666 2189 940 2239; x_wconf 87' lang='lat' dir='ltr'><em>debuerant</em></span> <span class='ocrx_word' id='word_1_224' title='bbox 959 2190 1049 2253; x_wconf 90' lang='lat' dir='ltr'><em>qui</em></span> <span class='ocrx_word' id='word_1_225' title='bbox 1064 2190 1131 2239; x_wconf 85' lang='lat' dir='ltr'><em>ad</em></span> <span class='ocrx_word' id='word_1_226' title='bbox 1147 2192 1462 2239; x_wconf 87' lang='lat' dir='ltr'><em>mortuorum</em></span> <span class='ocrx_word' id='word_1_227' title='bbox 1477 2190 1636 2239; x_wconf 87' lang='lat' dir='ltr'><em>vicem</em></span> <span class='ocrx_word' id='word_1_228' title='bbox 1658 2191 1861 2238; x_wconf 85' lang='lat' dir='ltr'><em>fuerunt</em></span> 
     </span>
     <span class='ocr_line' id='line_1_28' title="bbox 162 2263 1861 2325; baseline -0.001 -11"><span class='ocrx_word' id='word_1_229' title='bbox 162 2264 339 2314; x_wconf 85' lang='lat' dir='ltr'><em>stricti.</em></span> <span class='ocrx_word' id='word_1_230' title='bbox 415 2265 460 2313; x_wconf 85' lang='lat' dir='ltr'><em>si</em></span> <span class='ocrx_word' id='word_1_231' title='bbox 511 2265 714 2324; x_wconf 80' lang='lat' dir='ltr'><em>fortuna</em></span> <span class='ocrx_word' id='word_1_232' title='bbox 761 2266 1041 2324; x_wconf 80' lang='lat' dir='ltr'><em>permittitis</em></span> <span class='ocrx_word' id='word_1_233' title='bbox 1092 2266 1166 2312; x_wconf 85' lang='lat' dir='ltr'><em>uti</em></span> <span class='ocrx_word' id='word_1_234' title='bbox 1227 2265 1500 2325; x_wconf 71' lang='lat' dir='ltr'><em>quaesitum</em></span> <span class='ocrx_word' id='word_1_235' title='bbox 1559 2263 1765 2313; x_wconf 87' lang='lat' dir='ltr'><em>Aenean</em></span> <span class='ocrx_word' id='word_1_236' title='bbox 1819 2267 1861 2311; x_wconf 90' lang='lat' dir='ltr'><em>et</em></span> 
     </span>
     <span class='ocr_line' id='line_1_29' title="bbox 161 2338 1861 2400; baseline 0 -14"><span class='ocrx_word' id='word_1_237' title='bbox 161 2339 355 2387; x_wconf 86' lang='lat' dir='ltr'><em>moenia</em></span> <span class='ocrx_word' id='word_1_238' title='bbox 384 2338 658 2394; x_wconf 84' lang='lat' dir='ltr'><em>Pallantea,</em></span> <span class='ocrx_word' id='word_1_239' title='bbox 689 2353 802 2387; x_wconf 80' lang='lat' dir='ltr'><em>mox</em></span> <span class='ocrx_word' id='word_1_240' title='bbox 831 2339 908 2387; x_wconf 77' lang='lat' dir='ltr'><em>hic</em></span> <span class='ocrx_word' id='word_1_241' title='bbox 938 2354 1047 2387; x_wconf 85' lang='lat' dir='ltr'><em>cum</em></span> <span class='ocrx_word' id='word_1_242' title='bbox 1077 2339 1247 2399; x_wconf 85' lang='lat' dir='ltr'><em>spoliis</em></span> <span class='ocrx_word' id='word_1_243' title='bbox 1275 2339 1460 2400; x_wconf 75' lang='lat' dir='ltr'><em>inyenti</em></span> <span class='ocrx_word' id='word_1_244' title='bbox 1490 2339 1634 2388; x_wconf 83' lang='lat' dir='ltr'><em>caede</em></span> <span class='ocrx_word' id='word_1_245' title='bbox 1654 2341 1861 2398; x_wconf 87' lang='lat' dir='ltr'><em>peracta</em></span> 
     </span>
     <span class='ocr_line' id='line_1_30' title="bbox 164 2411 1859 2477; baseline -0.002 -15"><span class='ocrx_word' id='word_1_246' title='bbox 164 2414 336 2473; x_wconf 84' lang='lat' dir='ltr'><em>adfore</em></span> <span class='ocrx_word' id='word_1_247' title='bbox 373 2413 598 2461; x_wconf 85' lang='lat' dir='ltr'><em>cernetis:</em></span> <span class='ocrx_word' id='word_1_248' title='bbox 642 2413 813 2477; x_wconf 84' lang='lat' dir='ltr'><em>tetigit</em></span> <span class='ocrx_word' id='word_1_249' title='bbox 857 2412 1171 2477; x_wconf 85' lang='lat' dir='ltr'><em>disciplinam</em></span> <span class='ocrx_word' id='word_1_250' title='bbox 1207 2412 1498 2475; x_wconf 85' lang='lat' dir='ltr'><em>militarem3</em></span> <span class='ocrx_word' id='word_1_251' title='bbox 1538 2414 1663 2462; x_wconf 90' lang='lat' dir='ltr'><em>citra</em></span> <span class='ocrx_word' id='word_1_252' title='bbox 1700 2411 1859 2474; x_wconf 86' lang='lat' dir='ltr'><em>potio-</em></span> 
     </span>
     <span class='ocr_line' id='line_1_31' title="bbox 91 2486 1861 2550; baseline 0.001 -19"><span class='ocrx_word' id='word_1_253' title='bbox 91 2498 134 2531; x_wconf 79' lang='grc'><em>30</em></span> <span class='ocrx_word' id='word_1_254' title='bbox 163 2504 277 2536; x_wconf 84' lang='grc'><em>111111</em></span> <span class='ocrx_word' id='word_1_255' title='bbox 326 2488 509 2550; x_wconf 89' lang='lat' dir='ltr'><em>quippe</em></span> <span class='ocrx_word' id='word_1_256' title='bbox 565 2486 836 2536; x_wconf 89' lang='lat' dir='ltr'><em>iussionem</em></span> <span class='ocrx_word' id='word_1_257' title='bbox 884 2487 1012 2535; x_wconf 90' lang='lat' dir='ltr'><em>nulli</em></span> <span class='ocrx_word' id='word_1_258' title='bbox 1066 2487 1186 2536; x_wconf 92' lang='lat' dir='ltr'><em>licet</em></span> <span class='ocrx_word' id='word_1_259' title='bbox 1242 2487 1516 2536; x_wconf 83' lang='lat' dir='ltr'><em>abscedere.</em></span> <span class='ocrx_word' id='word_1_260' title='bbox 1606 2487 1861 2534; x_wconf 85' lang='lat' dir='ltr'><em>fortunam</em></span> 
     </span>
     <span class='ocr_line' id='line_1_32' title="bbox 164 2560 1858 2624; baseline -0.002 -14"><span class='ocrx_word' id='word_1_261' title='bbox 164 2563 396 2610; x_wconf 85' lang='lat' dir='ltr'><em>eventum</em></span> <span class='ocrx_word' id='word_1_262' title='bbox 449 2560 682 2610; x_wconf 90' lang='lat' dir='ltr'><em>debemus</em></span> <span class='ocrx_word' id='word_1_263' title='bbox 744 2562 986 2624; x_wconf 86' lang='lat' dir='ltr'><em>accipere:</em></span> <span class='ocrx_word' id='word_1_264' title='bbox 1047 2561 1092 2610; x_wconf 88' lang='lat' dir='ltr'><em>si</em></span> <span class='ocrx_word' id='word_1_265' title='bbox 1142 2561 1434 2624; x_wconf 83' lang='lat' dir='ltr'><em>permittitis</em></span> <span class='ocrx_word' id='word_1_266' title='bbox 1486 2563 1545 2609; x_wconf 92' lang='lat' dir='ltr'><em>ut</em></span> <span class='ocrx_word' id='word_1_267' title='bbox 1597 2560 1858 2608; x_wconf 89' lang='lat' dir='ltr'><em>subeamus</em></span> 
     </span>
     <span class='ocr_line' id='line_1_33' title="bbox 165 2633 1860 2699; baseline -0.001 -16"><span class='ocrx_word' id='word_1_268' title='bbox 165 2638 410 2696; x_wconf 87' lang='lat' dir='ltr'><em>eventum,</em></span> <span class='ocrx_word' id='word_1_269' title='bbox 440 2650 704 2698; x_wconf 89' lang='lat' dir='ltr'><em>possumus</em></span> <span class='ocrx_word' id='word_1_270' title='bbox 735 2635 948 2684; x_wconf 89' lang='lat' dir='ltr'><em>transire</em></span> <span class='ocrx_word' id='word_1_271' title='bbox 979 2651 1067 2699; x_wconf 90' lang='lat' dir='ltr'><em>per</em></span> <span class='ocrx_word' id='word_1_272' title='bbox 1094 2635 1253 2685; x_wconf 86' lang='lat' dir='ltr'><em>hostis</em></span> <span class='ocrx_word' id='word_1_273' title='bbox 1285 2634 1443 2684; x_wconf 91' lang='lat' dir='ltr'><em>ebrios</em></span> <span class='ocrx_word' id='word_1_274' title='bbox 1476 2636 1526 2683; x_wconf 86' lang='lat' dir='ltr'><em>et</em></span> <span class='ocrx_word' id='word_1_275' title='bbox 1556 2633 1860 2695; x_wconf 85' lang='lat' dir='ltr'><em>dormientiS,</em></span> 
     </span>
    </p>
   </div>
   <div class='ocr_carea' id='block_1_3' title="bbox 164 2729 521 2735">
    <p class='ocr_par' dir='ltr' id='par_1_3' title="bbox 164 2729 521 2735">
     <span class='ocr_line' id='line_1_34' title="bbox 164 2729 521 2735; baseline 0 0"><span class='ocrx_word' id='word_1_276' title='bbox 164 2729 521 2735; x_wconf 95' lang='lat' dir='ltr'><em> </em></span> 
     </span>
    </p>
   </div>
   <div class='ocr_carea' id='block_1_4' title="bbox 165 2775 1860 3070">
    <p class='ocr_par' dir='ltr' id='par_1_4' title="bbox 165 2775 1860 3070">
     <span class='ocr_line' id='line_1_35' title="bbox 284 2775 1860 2833; baseline -0.001 -13"><span class='ocrx_word' id='word_1_277' title='bbox 284 2782 312 2820; x_wconf 85' lang='lat'>4</span> <span class='ocrx_word' id='word_1_278' title='bbox 344 2782 631 2833; x_wconf 70' lang='lat' dir='ltr'><em>expectentur</em></span> <span class='ocrx_word' id='word_1_279' title='bbox 653 2777 707 2819; x_wconf 92' lang='lat' dir='ltr'><em>V.</em></span> <span class='ocrx_word' id='word_1_280' title='bbox 808 2781 834 2820; x_wconf 88' lang='grc'>6</span> <span class='ocrx_word' id='word_1_281' title='bbox 866 2781 1018 2821; x_wconf 85' lang='lat' dir='ltr'><em>sumat</em></span> <span class='ocrx_word' id='word_1_282' title='bbox 1040 2775 1081 2820; x_wconf 98' lang='lat' dir='ltr'><strong>V</strong></span> <span class='ocrx_word' id='word_1_283' title='bbox 1114 2782 1216 2821; x_wconf 86' lang='lat' dir='ltr'><em>-tur</em></span> <span class='ocrx_word' id='word_1_284' title='bbox 1245 2790 1329 2820; x_wconf 86' lang='lat' dir='ltr'><em>nos</em></span> <span class='ocrx_word' id='word_1_285' title='bbox 1359 2780 1544 2821; x_wconf 85' lang='lat' dir='ltr'><em>sumant</em></span> <span class='ocrx_word' id='word_1_286' title='bbox 1575 2775 1645 2819; x_wconf 87' lang='lat' dir='ltr'><em>ed.</em></span> <span class='ocrx_word' id='word_1_287' title='bbox 1751 2778 1776 2817; x_wconf 86' lang='lat'>9</span> <span class='ocrx_word' id='word_1_288' title='bbox 1808 2779 1860 2819; x_wconf 87' lang='lat' dir='ltr'><em>ut</em></span> 
     </span>
     <span class='ocr_line' id='line_1_36' title="bbox 167 2834 1859 2894; baseline -0.001 -14"><span class='ocrx_word' id='word_1_289' title='bbox 167 2849 256 2880; x_wconf 89' lang='lat' dir='ltr'><em>om.</em></span> <span class='ocrx_word' id='word_1_290' title='bbox 289 2836 361 2881; x_wconf 87' lang='lat' dir='ltr'><em>ed.</em></span> <span class='ocrx_word' id='word_1_291' title='bbox 408 2836 413 2894; x_wconf 90' lang='grc' dir='ltr'>Ι</span> <span class='ocrx_word' id='word_1_292' title='bbox 463 2849 636 2881; x_wconf 87' lang='lat' dir='ltr'><em>omnem</em></span> <span class='ocrx_word' id='word_1_293' title='bbox 652 2835 701 2885; x_wconf 58' lang='lat' dir='ltr'><em>,V</em></span> <span class='ocrx_word' id='word_1_294' title='bbox 732 2836 916 2880; x_wconf 86' lang='lat' dir='ltr'><em>omnino</em></span> <span class='ocrx_word' id='word_1_295' title='bbox 946 2835 1018 2879; x_wconf 89' lang='lat' dir='ltr'><em>ed.</em></span> <span class='ocrx_word' id='word_1_296' title='bbox 1142 2841 1195 2880; x_wconf 92' lang='grc'><em>11</em></span> <span class='ocrx_word' id='word_1_297' title='bbox 1236 2837 1279 2880; x_wconf 83' lang='lat' dir='ltr'><em>ei</em></span> <span class='ocrx_word' id='word_1_298' title='bbox 1308 2835 1350 2878; x_wconf 91' lang='lat' dir='ltr'><strong>V</strong></span> <span class='ocrx_word' id='word_1_299' title='bbox 1384 2840 1426 2879; x_wconf 87' lang='lat' dir='ltr'><em>et</em></span> <span class='ocrx_word' id='word_1_300' title='bbox 1464 2834 1535 2878; x_wconf 90' lang='lat' dir='ltr'><em>ed.</em></span> <span class='ocrx_word' id='word_1_301' title='bbox 1661 2838 1715 2878; x_wconf 83' lang='lat'><em>16</em></span> <span class='ocrx_word' id='word_1_302' title='bbox 1754 2847 1859 2878; x_wconf 87' lang='lat' dir='ltr'><em>con-</em></span> 
     </span>
     <span class='ocr_line' id='line_1_37' title="bbox 165 2893 1860 2952; baseline -0.001 -13"><span class='ocrx_word' id='word_1_303' title='bbox 165 2896 350 2940; x_wconf 86' lang='lat' dir='ltr'><em>stabant</em></span> <span class='ocrx_word' id='word_1_304' title='bbox 371 2894 443 2939; x_wconf 85' lang='lat' dir='ltr'><em>ed.</em></span> <span class='ocrx_word' id='word_1_305' title='bbox 529 2899 583 2939; x_wconf 81' lang='lat'><em>17</em></span> <span class='ocrx_word' id='word_1_306' title='bbox 609 2909 697 2952; x_wconf 78' lang='lat' dir='ltr'><em>quo</em></span> <span class='ocrx_word' id='word_1_307' title='bbox 719 2894 762 2938; x_wconf 91' lang='lat' dir='ltr'><strong>V</strong></span> <span class='ocrx_word' id='word_1_308' title='bbox 786 2895 906 2952; x_wconf 79' lang='lat' dir='ltr'><em>quod</em></span> <span class='ocrx_word' id='word_1_309' title='bbox 928 2894 999 2938; x_wconf 92' lang='lat' dir='ltr'><em>ed.</em></span> <span class='ocrx_word' id='word_1_310' title='bbox 1086 2898 1142 2939; x_wconf 86' lang='lat'><em>20</em></span> <span class='ocrx_word' id='word_1_311' title='bbox 1171 2900 1282 2940; x_wconf 86' lang='lat' dir='ltr'><em>tunc</em></span> <span class='ocrx_word' id='word_1_312' title='bbox 1304 2894 1346 2937; x_wconf 92' lang='lat' dir='ltr'><strong>V</strong></span> <span class='ocrx_word' id='word_1_313' title='bbox 1370 2900 1465 2939; x_wconf 87' lang='lat' dir='ltr'><em>tum</em></span> <span class='ocrx_word' id='word_1_314' title='bbox 1490 2893 1561 2936; x_wconf 91' lang='lat' dir='ltr'><em>ed.</em></span> <span class='ocrx_word' id='word_1_315' title='bbox 1646 2897 1702 2936; x_wconf 82' lang='lat'><em>23</em></span> <span class='ocrx_word' id='word_1_316' title='bbox 1733 2894 1860 2938; x_wconf 81' lang='lat' dir='ltr'><em>ibitis</em></span> 
     </span>
     <span class='ocr_line' id='line_1_38' title="bbox 168 2952 1857 3009; baseline -0.001 -11"><span class='ocrx_word' id='word_1_317' title='bbox 168 2959 210 2999; x_wconf 84' lang='lat' dir='ltr'><em>et</em></span> <span class='ocrx_word' id='word_1_318' title='bbox 231 2953 274 2998; x_wconf 91' lang='lat' dir='ltr'><strong>V</strong></span> <span class='ocrx_word' id='word_1_319' title='bbox 303 2955 336 2998; x_wconf 78' lang='lat' dir='ltr'><em>i.</em></span> <span class='ocrx_word' id='word_1_320' title='bbox 359 2956 402 2999; x_wconf 84' lang='lat' dir='ltr'><em>si</em></span> <span class='ocrx_word' id='word_1_321' title='bbox 432 2954 503 2999; x_wconf 90' lang='lat' dir='ltr'><em>ed.</em></span> <span class='ocrx_word' id='word_1_322' title='bbox 628 2959 684 2998; x_wconf 83' lang='lat'><em>24</em></span> <span class='ocrx_word' id='word_1_323' title='bbox 717 2955 799 2999; x_wconf 83' lang='lat' dir='ltr'><em>hoc</em></span> <span class='ocrx_word' id='word_1_324' title='bbox 828 2953 870 2997; x_wconf 92' lang='lat' dir='ltr'><strong>V</strong></span> <span class='ocrx_word' id='word_1_325' title='bbox 907 2954 1018 2998; x_wconf 79' lang='lat' dir='ltr'><em>haec</em></span> <span class='ocrx_word' id='word_1_326' title='bbox 1056 2954 1128 2998; x_wconf 83' lang='lat' dir='ltr'><em>ed.</em></span> <span class='ocrx_word' id='word_1_327' title='bbox 1251 2959 1307 2997; x_wconf 84' lang='lat'><em>26</em></span> <span class='ocrx_word' id='word_1_328' title='bbox 1346 2953 1457 3009; x_wconf 77' lang='lat' dir='ltr'><em>quid</em></span> <span class='ocrx_word' id='word_1_329' title='bbox 1487 2952 1529 2996; x_wconf 90' lang='lat' dir='ltr'><strong>V</strong></span> <span class='ocrx_word' id='word_1_330' title='bbox 1568 2954 1648 3008; x_wconf 78' lang='lat' dir='ltr'><em>qui</em></span> <span class='ocrx_word' id='word_1_331' title='bbox 1684 2953 1748 2997; x_wconf 81' lang='lat' dir='ltr'><em>ad</em></span> <span class='ocrx_word' id='word_1_332' title='bbox 1786 2952 1857 2997; x_wconf 89' lang='lat' dir='ltr'><em>ed.</em></span> 
     </span>
     <span class='ocr_line' id='line_1_39' title="bbox 169 3011 1687 3070; baseline 0 -14"><span class='ocrx_word' id='word_1_333' title='bbox 169 3017 223 3056; x_wconf 82' lang='lat'><em>27</em></span> <span class='ocrx_word' id='word_1_334' title='bbox 256 3014 404 3058; x_wconf 85' lang='lat' dir='ltr'><em>stricti</em></span> <span class='ocrx_word' id='word_1_335' title='bbox 426 3013 469 3057; x_wconf 91' lang='lat' dir='ltr'><strong>V</strong></span> <span class='ocrx_word' id='word_1_336' title='bbox 493 3013 563 3058; x_wconf 89' lang='lat' dir='ltr'><em>ed.</em></span> <span class='ocrx_word' id='word_1_337' title='bbox 597 3015 763 3058; x_wconf 81' lang='lat' dir='ltr'><em>strati?</em></span> <span class='ocrx_word' id='word_1_338' title='bbox 811 3013 815 3070; x_wconf 80' lang='lat' dir='ltr'><em>l</em></span> <span class='ocrx_word' id='word_1_339' title='bbox 866 3013 929 3058; x_wconf 81' lang='lat' dir='ltr'><em>ad</em></span> <span class='ocrx_word' id='word_1_340' title='bbox 958 3014 1138 3059; x_wconf 84' lang='lat' dir='ltr'><em>moenia</em></span> <span class='ocrx_word' id='word_1_341' title='bbox 1169 3012 1239 3057; x_wconf 89' lang='lat' dir='ltr'><em>ed.</em></span> <span class='ocrx_word' id='word_1_342' title='bbox 1366 3016 1421 3055; x_wconf 87' lang='lat'><em>30</em></span> <span class='ocrx_word' id='word_1_343' title='bbox 1454 3012 1585 3056; x_wconf 86' lang='lat' dir='ltr'><em>licere</em></span> <span class='ocrx_word' id='word_1_344' title='bbox 1615 3011 1687 3056; x_wconf 89' lang='lat' dir='ltr'><em>ed.</em></span> 
     </span>
    </p>
   </div>
  </div>
 </body>
</html>
