2050 3226
750 174 1056 219 AENEIDOS
1080 174 1188 219 Vm
1716 177 1822 230 123

126 319 384 372 secantem,
425 316 676 363 caeruleus
715 316 938 377 Thybri&
978 315 1108 363 caelo
1143 315 1456 375 qratissimus
1494 316 1670 362 amnis,
1724 330 1824 363 non

127 389 428 454 adroganter
463 389 635 454 tetigit
671 390 844 439 laudes
876 405 1006 449 θυαε,
1038 388 1124 437 sed
1154 389 1450 450 necessari03
1490 387 1663 436 debuit
1694 389 1824 437 enim

126 463 321 512 Aeneas
343 463 623 512 multifario
647 463 794 513 modo
821 465 932 527 quis
955 463 1041 511 ille
1066 466 1196 511 esset
1227 462 1548 511 consiliorum
1577 461 1823 510 bonorum

126 538 553 587 commodissimus
592 538 960 587 demonstrator
998 537 1253 586 evidenter
1291 537 1568 598 attendere,
1613 539 1673 584 ut
1710 552 1823 585 con-

27 630 41 650 is
126 611 343 660 siderato
373 613 630 661 tantorum
662 615 865 661 auctore
898 611 1146 660 dictorum
1183 611 1358 659 fideret
1394 627 1512 659 vera
1551 626 1656 659 esse
1695 626 1824 673 quae

51 1364 94 1398 15

50 2104 95 2138 25

52 2475 96 2508 30

125 685 321 734 viderat
352 687 502 748 atque
543 686 747 735 auribus
787 689 1080 749 sumpserat.
1134 686 1212 734 hic
1249 686 1369 733 mihi
1404 698 1592 745 mayna
1629 685 1825 732 domus:
1842 693 1897 732 65

123 760 205 809 hic
252 759 347 819 ait,
394 775 692 822 commoror,
738 761 820 810 hic
867 760 1173 809 domicilium
1218 759 1400 820 habeo,
1446 760 1527 807 hic
1574 759 1700 806 dixit
1737 758 1826 806 ubi

124 833 440 897 loquebatur.
528 835 667 883 celsis
710 839 858 896 caput
903 836 1108 883 urbibus
1159 835 1276 882 exit:
1325 833 1590 898 originem,
1643 834 1825 896 inquit,

124 924 242 958 vero
283 910 334 956 et
372 910 527 971 caput
562 909 696 958 inter
734 911 952 958 excelsas
990 908 1128 958 urbis
1165 908 1337 956 habeo.

242 983 406 1039 Dixit,
448 983 620 1031 deinde
660 984 771 1031 lacu
809 985 992 1042 fluvius
1030 997 1082 1031 se
1120 983 1334 1031 condidit
1371 982 1467 1030 alto
1505 982 1610 1029 ima
1629 984 1826 1041 petens:

124 1056 273 1104 rediit
318 1056 382 1104 ad
424 1057 592 1105 sedem
636 1058 894 1121 propriam
941 1073 1184 1120 aquarum
1230 1055 1478 1119 profundo
1527 1055 1826 1116 submersus,

125 1147 238 1180 cum
274 1146 333 1178 ea
364 1132 641 1193 conplesset
672 1149 800 1194 quae
831 1131 1123 1180 instruendo
1154 1132 1260 1179 viro
1292 1131 1495 1178 fuerant
1531 1131 1824 1178 necessaria.

124 1220 220 1253 nox
250 1203 457 1253 Aenean
494 1221 786 1266 somnusque
822 1207 1039 1267 reliquit:
1076 1205 1204 1253 nihil
1242 1204 1448 1253 celerius
1488 1203 1587 1253 dici
1625 1204 1706 1253 vel
1745 1204 1825 1252 de-

126 1278 275 1327 scribi
322 1279 511 1342 potuit,
561 1283 620 1328 ut
666 1280 872 1329 Aenean
919 1281 1322 1343 expergefactum
1372 1281 1421 1327 et
1469 1281 1666 1327 noctem
1711 1293 1823 1327 con-

125 1355 379 1416 sumptam
432 1369 536 1402 esse
596 1356 899 1403 monstraret
958 1357 1256 1417 tantumque
1318 1353 1523 1401 Aenean
1586 1353 1824 1400 dormisse

126 1430 371 1491 quantum
411 1427 492 1475 dei
531 1429 907 1478 commonitioni
945 1429 1148 1477 fuffecit.
1224 1427 1394 1491 potuit
1439 1427 1571 1476 enim
1616 1426 1724 1475 fieri
1759 1430 1826 1474 .ut

125 1504 240 1550 ante
279 1502 440 1550 lucem
477 1503 644 1551 media
681 1507 826 1552 nocte
865 1503 1138 1568 vigilasset.
1214 1502 1434 1550 reddidit
1478 1503 1629 1564 poeta
1667 1501 1824 1550 totius

124 1576 284 1624 noctis
315 1576 585 1625 rationem:
616 1576 669 1625 in
700 1578 863 1640 prima
893 1579 1036 1641 parte
1069 1577 1305 1641 vigilavit
1326 1577 1522 1625 Aeneas
1555 1578 1824 1638 occupatus

125 1651 255 1699 curis
294 1651 598 1714 ingentibus,
630 1651 808 1701 dehinc
846 1653 1100 1701 transacto
1140 1667 1241 1699 non
1279 1666 1435 1714 parvo
1468 1651 1632 1713 spatio
1664 1650 1824 1698 noctis

125 1724 346 1773 eiusdem
407 1724 612 1774 dormiit
670 1727 965 1776 necessitate
1025 1726 1249 1774 naturali
1310 1725 1591 1787 conpulsus.
1692 1724 1827 1786 quod

123 1799 290 1861 ipsum
338 1799 538 1848 videtur
587 1816 687 1848 non
738 1801 842 1850 sine
892 1800 1096 1848 numine
1145 1802 1488 1862 procuratum,
1538 1802 1598 1846 ut
1644 1798 1824 1847 divinis

125 1872 378 1921 adfatibus
423 1873 607 1922 instrui
643 1878 813 1937 posset
850 1877 901 1924 et
937 1875 1041 1923 iam
1080 1875 1299 1923 securior
1334 1874 1492 1922 reddi.
1568 1873 1645 1921 fas
1693 1873 1826 1920 enim

125 1963 224 1996 non
277 1947 378 1995 fuit
429 1950 488 1995 ut
537 1964 649 1997 cum
695 1949 938 2014 vigilante
978 1949 1097 1998 deus
1135 1949 1434 2011 loqueretur.
1512 1947 1631 1995 dum
1668 1948 1827 2011 igitur

124 2022 280 2070 tantis
330 2021 475 2070 rebus
526 2023 814 2085 instruitur,
863 2026 1029 2073 totum
1066 2024 1225 2072 noctis
1271 2025 1468 2085 tempus
1508 2021 1699 2070 effluxit
1736 2037 1827 2070 nec

124 2097 379 2144 transacta
410 2098 487 2144 est
514 2096 638 2145 hora
662 2114 763 2160 qua
792 2098 975 2146 Iunoni
1003 2098 1170 2146 iussus
1202 2098 1367 2145 fuerat
1389 2098 1508 2146 vota
1530 2096 1825 2159 persolvere.

124 2171 281 2230 suryit
326 2173 367 2217 et
406 2170 606 2219 aetherii
650 2175 874 2231 spectans
920 2173 1128 2220 orientia
1172 2173 1290 2220 solis
1337 2172 1526 2219 lumina
1562 2171 1654 2218 rite
1692 2171 1826 2218 cavis

124 2245 312 2292 undam
344 2244 401 2292 de
430 2246 633 2303 flumine
653 2246 842 2305 palmis
865 2248 1069 2295 sustinet
1093 2261 1151 2294 ac
1174 2246 1288 2294 talis
1313 2245 1519 2305 effundit
1541 2245 1608 2292 ad
1631 2245 1825 2292 aethera
1844 2248 1898 2288 70

125 2332 288 2366 voces:
327 2318 564 2381 quoniam
604 2323 899 2383 consumpta
930 2322 1096 2369 fuerat
1125 2336 1237 2382 noir,
1269 2319 1485 2368 surrexit
1516 2321 1566 2366 et
1597 2321 1823 2381 spectans

126 2393 293 2440 ortum
336 2393 504 2455 ipsum
551 2394 691 2455 solis,
730 2395 824 2443 hoc
870 2397 946 2444 est
990 2395 1214 2456 intuens,
1252 2396 1500 2442 recentem
1538 2394 1726 2441 undam
1765 2393 1824 2439 de

125 2466 327 2514 flumine
366 2466 526 2529 ipsius
560 2469 770 2517 fautoris
812 2469 911 2530 sui,
950 2469 1179 2517 manibus
1213 2469 1420 2517 sustulit
1450 2471 1500 2517 et
1530 2468 1649 2515 talis
1681 2482 1823 2515 voces

248 2583 270 2621 1
311 2579 509 2624 ceruleos
537 2579 592 2624 V.
716 2585 741 2623 2
782 2581 1031 2638 adrogante
1057 2580 1100 2624 V
1136 2594 1250 2624 corr.
1284 2580 1356 2624 ed.
1409 2579 1413 2638 Ι
1470 2579 1751 2624 necessariae
1782 2578 1824 2620 V

126 2638 224 2681 -rio
256 2637 327 2681 ed.
452 2643 477 2681 6
516 2639 694 2684 viderat
719 2639 763 2683 V
796 2641 1041 2685 audiverat
1070 2639 1142 2684 ed.
1194 2640 1199 2698 Ι
1249 2645 1425 2684 suserat
1447 2638 1490 2682 V
1520 2643 1721 2683 senserat
1751 2637 1823 2682 ed.

127 2696 186 2739 cf.
220 2701 260 2750 7,
286 2701 385 2740 505.
503 2702 528 2741 9
559 2713 663 2743 vero
686 2698 728 2742 V
758 2700 856 2754 fero
888 2699 960 2743 ed.
1009 2699 1013 2756 Ι
1060 2700 1201 2743 celsas
1233 2699 1305 2743 ed.
1415 2703 1470 2741 12
1502 2698 1565 2741 ad
1595 2699 1824 2741 instruen-

127 2756 235 2799 dum
266 2757 415 2799 virum
447 2758 519 2801 ed.
637 2763 690 2802 16
722 2759 898 2813 sufficit
919 2757 963 2802 V
992 2759 1200 2813 sufficere
1223 2759 1381 2814 potuit
1410 2757 1480 2800 ed.
1602 2761 1656 2799 22
1690 2757 1824 2810 affec-

126 2815 248 2859 tibus
277 2814 319 2857 V
354 2814 426 2860 ed.
471 2817 710 2871 adfatibus
751 2831 835 2861 nos
879 2816 936 2862 cf.
974 2821 1044 2861 35.
1097 2818 1101 2875 Ι
1151 2823 1245 2862 tam
1280 2816 1322 2859 V
1361 2818 1456 2860 iam
1497 2829 1581 2859 nos
1625 2829 1713 2859 om.
1750 2815 1823 2859 ed.

128 2878 185 2917 24
215 2875 405 2919 instruit
435 2876 507 2919 ed.
551 2876 555 2934 Ι
602 2882 749 2921 tutum
772 2875 827 2920 V.
951 2880 1006 2919 25
1038 2878 1207 2920 iunone
1230 2875 1284 2920 V.
1413 2880 1468 2918 26
1502 2876 1649 2931 surqit
1678 2875 1824 2918 aethe-

127 2933 212 2976 riis
234 2932 289 2977 V.
394 2938 447 2977 27
482 2935 536 2979 de
568 2949 657 2979 om.
683 2936 756 2980 ed.
793 2935 798 2993 Ι
833 2935 1302 2990 sustinet—effundit
1324 2934 1365 2977 V
1396 2934 1826 2989 sustulit—effudit

130 2991 200 3035 ed.
234 2993 308 3048 (ex
337 2992 757 3051 interpretatione).
880 2998 935 3037 29
968 2996 1021 3038 de
1050 2996 1238 3050 flumine
1269 3008 1356 3038 om.
1384 2993 1454 3037 ed.
