2050 3226
13 0 54 197 3⁴
780 105 1085 152 AENnmos
1115 105 1181 150 1x
1724 109 1830 165 195

136 249 346 298 sidiatus
394 248 511 297 ovili
559 262 669 297 cwm
712 246 879 308 fremit
926 245 994 295 ad
1046 246 1219 294 caulas
1269 249 1435 294 ventos
1473 260 1737 308 perpessus
1790 251 1833 296 et
1849 258 1905 299 60

135 323 308 371 imbris
344 325 478 370 nocte
513 335 662 382 super
697 321 881 376 media,
921 320 1012 368 tuti
1048 320 1140 368 sub
1176 320 1419 368 matribus
1458 321 1577 381 aqni
1615 322 1833 370 balatum

136 399 365 458 exercent,
394 395 477 444 ille
507 409 653 456 asper
683 398 728 443 et
754 394 991 454 inprobus
1019 395 1101 442 ira
1122 394 1278 442 saevit
1298 394 1354 442 in
1376 395 1605 453 absentis,
1641 395 1834 444 collecta

15 509 26 538 ἶ
134 470 315 531 fatigat
358 469 532 518 edendi
577 483 634 518 ex
673 469 812 530 lonqo
857 468 1021 517 rabies
1065 470 1109 516 et
1151 468 1308 516 siccae
1355 469 1596 529 sanquine
1639 469 1834 529 fauces:

15 540 27 589 -5
85 557 108 592 s
135 543 257 592 haut
292 543 434 592 aliter
470 543 654 592 Rutulo
691 557 860 591 ‘muros
898 545 942 590 et
978 544 1142 590 castra
1180 542 1332 590 tuenti
1367 543 1621 603 iynescimt
1654 543 1761 591 irae
1792 545 1836 590 et
1851 555 1906 594 65

27 623 29 627 ⁴
136 617 277 667 duris
314 617 453 666 dolor
482 618 673 666 ossibus
705 617 862 673 ardet,
903 631 1002 676 qua
1032 619 1222 676 temptet
1248 617 1437 664 ratione
1467 616 1632 665 aditus
1663 620 1707 665 et
1736 630 1835 676 qna

134 692 220 740 via
258 691 450 740 clausos
481 691 691 740 excutiat
721 691 932 739 Teucros
961 690 1090 739 vallo
1122 693 1265 750 atque
1295 690 1516 750 effundat
1544 691 1600 738 in
1631 705 1835 750 aequor:

55 758 58 759 ⁷
137 767 189 814 et
223 765 305 814 hic
341 765 655 828 hyperbaton
693 767 790 827 est3
833 780 951 813 nam
988 765 1246 827 proposito
1286 763 1440 827 capiti
1476 765 1745 827 respondet
1781 766 1850 812 in.

134 839 254 901 fine,
284 838 416 887 unde
454 841 619 888 totum
650 839 796 888 debet
830 838 885 886 in
922 837 1331 902 pronuntiatione
1371 838 1632 901 suspendi;
1670 838 1835 886 media

62 927 108 964 ιο
137 911 269 962 enim
305 913 730 976 pronuntiationis
770 914 902 962 sunt.
963 914 1056 974 sic,
1094 912 1282 976 inquit,
1314 912 1511 962 Turnus
1543 912 1838 962 circumibat

134 1002 327 1049 murOS,
380 988 627 1050 quomodo
678 988 828 1051 lupus
879 987 1164 1051 exagitatus
1214 987 1345 1035 fame
1394 986 1549 1036 ovilia
1597 988 1835 1036 infestare

137 1061 394 1111 contendit
430 1077 520 1110 nec
558 1063 726 1126 potest
763 1061 958 1111 aditum
993 1062 1227 1124 reperire.
1286 1060 1440 1110 ovilia
1479 1063 1599 1110 sunt
1634 1062 1745 1111 loca
1782 1062 1836 1109 in

138 1135 317 1198 quibus
350 1151 466 1185 oves
489 1138 708 1198 manent,
739 1135 909 1184 caulas
936 1134 1063 1184 dixit
1093 1134 1337 1183 ambitum
1367 1135 1534 1198 ipsum
1565 1151 1664 1198 quo
1695 1137 1836 1185 tutae

138 1210 373 1259 adversus
404 1210 611 1260 insidias
636 1211 968 1259 continentur.
1013 1208 1268 1272 inprobu8‚
1299 1208 1539 1272 abruptus
1565 1210 1755 1259 scilicet
1785 1213 1836 1259 et

64 1297 107 1332 15
136 1283 448 1333 inmodarate
495 1285 738 1334 saeviens:
792 1285 905 1347 plus
951 1285 1085 1331 enim
1129 1282 1315 1331 irarum
1362 1283 1574 1346 accedit,
1625 1299 1737 1332 cum
1781 1285 1836 1332 in

136 1373 317 1407 manus
365 1357 533 1408 venire
582 1374 682 1407 non
730 1360 898 1421 potest
944 1357 1025 1406 cui
1068 1357 1352 1406 irascimur:
1404 1357 1539 1420 quod
1587 1373 1649 1406 ne
1697 1358 1837 1407 fieret

138 1431 344 1481 Troiani
382 1432 610 1481 consulto
649 1434 1022 1495 praevenerant.
1083 1431 1170 1479 ille
1215 1434 1385 1480 tamen
1424 1432 1695 1494 quaerebat
1737 1448 1835 1496 quo

137 1506 344 1556 consilio
382 1508 552 1570 posset
590 1522 672 1556 eos
705 1523 730 1556 e
760 1506 981 1556 tun-ibus
1020 1506 1073 1554 in
1110 1505 1320 1569 planum
1357 1507 1586 1568 fundere3
1626 1506 1836 1555 arbitra-

135 1579 285 1630 batur
307 1580 439 1629 enim
460 1582 782 1644 profuturum
805 1580 902 1630 sibi
926 1579 1059 1644 quod
1081 1580 1239 1629 hostis
1263 1580 1583 1629 formidabat.
1618 1581 1836 1638 classem,

63 1668 108 1703 20
138 1668 262 1715 quae
300 1655 442 1703 lateri
479 1659 751 1704 castrorwm
796 1655 1031 1704 adiuncta
1069 1655 1268 1711 latebat,
1315 1656 1573 1716 ayyeribus
1617 1658 1837 1715 saeptam
1855 1665 1910 1705 70

137 1729 319 1778 circmn
357 1732 401 1778 et
428 1730 715 1788 fluvialibus
751 1730 902 1778 undis
931 1729 1126 1777 invadit
1153 1729 1398 1788 sociosque
1427 1729 1656 1777 incendia
1678 1731 1839 1790 poscit

137 1804 353 1851 ovantis:
389 1819 489 1852 non
527 1804 694 1868 potuit
731 1803 906 1853 fecisse
946 1803 1083 1866 quod
1119 1803 1283 1852 fuerat
1313 1803 1553 1865 primum,
1591 1804 1838 1852 convertit

138 1892 190 1926 se
229 1876 294 1925 ad
332 1877 489 1940 aliud,
527 1894 589 1927 ne
625 1877 680 1926 in
716 1879 882 1926 totum
919 1877 1047 1926 nihil
1084 1877 1349 1941 profecisse
1381 1877 1645 1926 videretur.
1697 1893 1836 1926 occa-

139 1950 328 1999 sionem
367 1951 551 2015 quippe
589 1951 820 2000 laedendi
864 1954 1015 2015 atque
1060 1951 1271 2000 nocendi
1314 1953 1585 2015 utcumque
1631 1952 1837 2001 navium

66 2037 109 2072 15
138 2024 372 2074 vicinitas
404 2026 545 2090 fecit3
590 2042 804 2089 namque
844 2026 1182 2075 adhaerebant
1226 2025 1425 2087 castris,
1474 2042 1532 2074 ex
1578 2027 1680 2075 alia
1717 2041 1835 2076 vero

138 2103 280 2162 parte
318 2101 456 2149 tutas
486 2100 760 2149 reddebant
789 2099 1080 2150 circumfusi
1110 2115 1316 2164 aggeres
1349 2102 1399 2149 et
1428 2099 1563 2148 unda
1593 2100 1835 2149 fluvialis:

139 2174 211 2222 sic
247 2176 416 2222 tamen
455 2190 537 2223 eas
571 2174 832 2238 adgressus
871 2177 948 2224 est
983 2189 1190 2237 poscens
1220 2174 1465 2236 incendia,
1505 2191 1604 2237 quo
1636 2174 1834 2223 facilius

138 2247 413 2296 interirent.
483 2250 680 2298 ovantis
728 2249 887 2298 socios
937 2249 1085 2310 dixit,
1137 2247 1272 2312 quod
1316 2249 1588 2298 nescientes
1628 2249 1836 2297 consilia

140 2321 470 2370 Troianorum
514 2339 605 2385 pro
653 2323 864 2373 victoria
907 2322 1192 2372 habuerunt
1237 2323 1358 2386 quia
1403 2323 1570 2372 nullus
1617 2322 1834 2387 egredie-

69 2406 112 2441 ιο
139 2393 291 2444 batur
328 2412 354 2444 e
393 2396 568 2445 castris
608 2399 659 2445 et
695 2397 834 2444 nullo
874 2397 1144 2446 obsistente
1181 2399 1385 2459 possent
1429 2398 1573 2446 navis
1620 2413 1833 2445 exurere.

142 2472 282 2529 atque
325 2485 530 2519 manwm
569 2472 701 2530 pinu
752 2472 988 2532 tlaqranti
1039 2471 1262 2531 fervidus
1314 2471 1487 2532 inplet:
1540 2471 1677 2534 prior
1727 2472 1834 2533 ipse

259 2630 286 2670 5
331 2627 565 2683 iyniscunt
601 2626 656 2671 V.
787 2631 812 2670 6
856 2627 987 2671 ardet
1023 2626 1066 2670 V
1106 2627 1259 2671 haeret
1298 2627 1371 2670 ed.
1424 2627 1428 2685 Ι
1485 2640 1600 2682 quae
1640 2627 1719 2670 via
1760 2626 1831 2669 ed.

144 2688 168 2727 7
199 2686 316 2730 valle
338 2685 392 2729 V.
516 2689 542 2729 8
573 2687 923 2743 hyperbatonem
949 2685 992 2728 V
1024 2699 1138 2730 corr.
1171 2686 1264 2730 ed.:
1297 2685 1413 2730 Don.
1447 2687 1626 2742 quaerit
1657 2698 1711 2728 ac
1743 2699 1834 2741 qua

143 2748 322 2800 temptet
359 2743 661 2802 coniungere,
699 2744 971 2801 parabolam
1011 2747 1059 2789 et
1095 2746 1276 2790 haut—
1290 2746 1419 2789 ardet
1451 2744 1834 2800 pronuntiatione

145 2803 424 2858 suspendere
447 2803 644 2848 videtur.
732 2809 784 2848 11
810 2805 931 2858 fame
954 2804 996 2847 V
1026 2805 1060 2858 f.
1086 2810 1128 2849 et
1150 2805 1305 2857 furore
1329 2804 1387 2847 ed
1396 2804 1445 2847 F.
1533 2809 1587 2847 17
1619 2809 1770 2848 tamen
1792 2803 1834 2847 V

145 2866 294 2907 autem
317 2863 388 2907 ed.
473 2867 529 2907 20
560 2869 765 2920 septnam
789 2863 843 2906 V.
929 2867 985 2907 30
1017 2877 1230 2921 exurgere
1252 2863 1295 2906 V
1316 2877 1428 2907 corr.
1455 2863 1526 2906 ed.
1613 2867 1666 2906 31
1692 2877 1834 2908 manu

140 2921 305 2975 pinum
334 2922 563 2979 fraylanti
583 2923 806 2979 pervidus
828 2922 884 2966 V.
928 2922 932 2981 Ι
978 2923 1124 2979 inplet
1146 2922 1187 2966 V
1217 2922 1359 2976 infert
1390 2922 1460 2967 ed.

1484 3009 1570 3054 13*
