2050 3226
225 178 335 233 364
701 177 932 222 DONATI
962 177 1243 223 INTERPR.
1266 177 1446 223 VERG.

224 332 318 379 pus
349 316 529 366 hostile
553 316 697 366 ferire
727 333 828 365 non
858 318 1048 381 posset,
1086 320 1189 366 tum
1211 320 1358 378 caput
1382 318 1569 367 orantis
1598 317 1917 379 nequicquam

123 400 208 440 555
226 395 268 439 et
304 391 460 440 multa
487 392 723 451 parantis
761 391 917 439 dicere
955 392 1178 440 deturbat
1213 395 1370 441 terrae
1407 395 1724 453 truncumque
1759 395 1917 453 tepen-

226 469 317 514 tem
332 466 648 525 provolvens:
680 467 834 528 caput
857 466 1046 515 orantis
1070 465 1260 515 frustra
1283 468 1333 515 et
1354 467 1523 530 parati
1551 467 1713 515 multa
1738 466 1916 516 addere

225 554 461 589 conversa
498 538 772 588 intentione
804 554 897 588 sua
925 538 1179 602 provolvit
1207 542 1368 589 terrae
1407 542 1457 589 et
1485 542 1718 589 truncum
1755 540 1917 590 reddi-

225 613 312 662 dit.
373 627 521 674 super
557 614 674 662 haec
717 613 913 662 inimico
944 617 1135 674 pectore
1170 616 1332 675 fatur:
1376 614 1617 677 expressit
1653 614 1772 663 irati
1807 632 1916 679 per·
1963 614 1987 661 ‘⁵

224 702 418 749 sonam3
457 703 574 735 nam
608 702 840 735 casurum
871 686 1066 750 perdito
1097 687 1259 751 capite
1290 688 1561 751 provolvit,
1599 689 1691 738 1100
1730 691 1806 738 est
1843 690 1916 738 in-

149 752 153 755 ’
224 761 378 824 pulit,
430 761 574 824 quasi
628 776 831 810 casurus
889 777 989 809 non
1043 765 1183 811 esset.
1261 761 1456 811 addidit
1503 765 1554 811 et
1600 763 1752 812 verba
1803 766 1918 826 post

223 835 412 883 factum
464 834 636 897 qualia
681 835 849 884 furens
893 850 1118 898 promere
1172 835 1346 884 debuit
1390 839 1441 884 et
1484 837 1645 886 victor
1687 838 1916 887 inimicus

224 909 486 958 effundere.
556 909 773 958 breviter
818 909 939 958 dicit
983 911 1091 958 istic
1134 925 1286 967 nunc,
1336 911 1605 968 metuende,
1651 912 1779 960 iace.-
1832 911 1918 974 sic,

223 982 412 1046 inquit,
449 984 611 1032 iacere
648 983 898 1045 meruisti,
937 984 1025 1047 qui
1053 986 1103 1032 te
1140 985 1293 1033 talem
1340 985 1610 1034 arbitratus
1649 1001 1723 1047 es,
1760 987 1818 1034 ut
1854 985 1917 1035 ti-
1950 1000 1991 1032 lo

222 1056 347 1105 meri
377 1056 643 1107 debuisses.
701 1073 800 1106 non
838 1062 881 1106 te
912 1059 1094 1119 optima
1134 1062 1289 1108 mater
1328 1059 1494 1107 condet
1529 1060 1665 1108 humi
1698 1060 1918 1120 patriove

222 1132 443 1180 onerabit
476 1133 694 1180 membra
730 1132 1005 1192 sepulchro:
1043 1133 1242 1181 alitibus
1274 1133 1487 1194 linquere
1524 1134 1645 1193 feris
1683 1137 1771 1182 aut
1802 1149 1918 1195 yur—

121 1212 206 1252 560
219 1206 314 1267 qite
351 1220 564 1254 mersum
607 1206 747 1255 unda
783 1208 905 1266 feret
932 1207 1184 1267 piscesque
1221 1207 1406 1267 inpasti
1449 1208 1655 1256 vulnera
1686 1208 1918 1256 lambent:

222 1279 469 1341 Meruisti,
508 1280 695 1344 inquit,
743 1280 921 1343 capitis
962 1281 1283 1344 supplicium,
1330 1281 1426 1329 erit
1461 1281 1557 1330 tibi
1595 1282 1697 1330 alia
1734 1297 1917 1345 poena:

222 1356 338 1416 post
374 1355 584 1402 mortem
615 1355 764 1402 funus
802 1357 947 1402 tuum
992 1371 1092 1403 non
1130 1357 1459 1419 prosequetur
1502 1357 1663 1405 mater
1699 1357 1790 1404 tua
1827 1372 1918 1405 1100
1949 1364 1989 1404 15

222 1427 454 1477 humabit
485 1429 761 1476 exanimem
783 1445 873 1477 nec
897 1429 1107 1478 sociabit
1130 1429 1324 1478 ossibus
1347 1428 1521 1492 patris.
1575 1432 1774 1493 praeter
1796 1430 1917 1479 haec

224 1502 417 1550 addidit
457 1502 558 1550 alia
589 1505 640 1551 et
670 1519 797 1566 quae
827 1503 927 1551 ista
959 1503 1059 1552 sint
1090 1503 1228 1552 dixit.
1289 1503 1492 1552 alitibus
1523 1503 1746 1566 linquere
1777 1503 1915 1553 feris:

225 1592 357 1638 cum,
395 1577 581 1638 inquit,
619 1579 669 1625 te
709 1577 850 1625 nulla
887 1580 1021 1626 terra
1053 1577 1346 1639 contexerit,
1390 1593 1504 1626 aves
1542 1580 1592 1626 te
1631 1578 1764 1626 ferae
1804 1594 1916 1626 con-

223 1653 441 1712 sument,
474 1652 563 1699 aut
593 1650 636 1699 si
665 1651 718 1698 in
749 1650 999 1715 gurgitem
1022 1651 1174 1700 fueris
1205 1667 1415 1713 mersus,
1446 1668 1546 1700 non
1574 1652 1771 1708 131001ος
1802 1668 1914 1715 por-

222 1724 353 1773 tabit
385 1724 569 1788 quippe
599 1727 650 1773 te
680 1726 816 1773 unda
847 1725 1107 1774 sublimem
1136 1728 1187 1774 et
1215 1725 1428 1788 piscium
1452 1726 1635 1774 famem
1666 1728 1915 1789 oportuna
1947 1741 1990 1773 20

221 1798 408 1861 praeda
446 1799 668 1847 satiabis.

368 1873 601 1921 Protinus
645 1871 893 1922 Antaeum
935 1877 978 1922 et
1021 1872 1234 1930 Lucam,
1277 1874 1448 1934 prima
1493 1875 1692 1935 aymina
1740 1875 1912 1931 Turni,

215 1947 523 2007 persequitur
566 1949 829 2008 fortemque
865 1947 1086 1996 Numam
1122 1947 1405 2008 fulvumque
1446 1946 1734 2005 Camertem,
1780 1963 1914 2009 maq-

222 2021 421 2068 nanimo
455 2021 674 2069 Volcente
703 2025 886 2078 satum,
927 2022 1196 2070 ditissimus
1227 2022 1336 2083 aqri
1367 2022 1449 2082 qui
1477 2023 1575 2082 fuit
1602 2021 1915 2070 Ausonidum

223 2098 266 2142 et
294 2094 453 2142 tacitis
483 2096 703 2155 reynavit
728 2094 958 2144 Amiclis:
988 2111 1088 2144 non
1108 2094 1332 2144 Antaeus
1364 2107 1415 2143 et
1444 2095 1608 2144 Lucae
1640 2097 1736 2145 soli
1764 2097 1913 2158 primi
1946 2107 1999 2143 25³

221 2169 315 2216 hoc
354 2171 430 2216 est
463 2169 647 2236 virtute
685 2172 995 2231 praestantes
1034 2170 1239 2218 fuerunt
1276 2171 1330 2217 in
1361 2170 1517 2218 Turni
1556 2171 1795 2231 exercitu,
1827 2170 1914 2218 sed

223 2246 272 2290 et-
303 2241 452 2290 ceteri
485 2257 608 2304 quos
640 2246 814 2305 postea
844 2244 1143 2305 nominavit,
1174 2245 1225 2291 et
1250 2245 1440 2305 tamen,
1473 2260 1584 2292 cum
1614 2243 1678 2292 ad
1709 2243 1913 2292 Aenean

222 2316 492 2376 venissent,
517 2317 695 2364 virtuti
719 2317 822 2365 eius
848 2319 1095 2381 armisque
1123 2320 1395 2379 cesserunt,
1420 2317 1630 2380 denique
1653 2333 1911 2381 perseque-

221 2390 372 2438 batur
410 2405 506 2438 eos.
571 2391 664 2439 hoc
704 2391 838 2453 quod
877 2391 1004 2439 dixit
1040 2392 1356 2455 persequitur
1393 2407 1491 2439 non
1524 2392 1588 2440 ad
1617 2408 1795 2452 unum,
1827 2391 1912 2440 sed

223 2463 287 2511 ad
337 2463 496 2512 omnis
542 2465 779 2527 pertinet,
824 2467 881 2512 ut
926 2466 1127 2514 illorum
1171 2466 1417 2514 neminem
1454 2466 1623 2514 vivum
1669 2465 1911 2514 dimisisse
1943 2461 2003 2512 303

121 2543 205 2583 565
222 2537 465 2586 videatur.
519 2536 747 2599 Aeyaeon
785 2539 965 2598 quaZiS,
1007 2543 1193 2588 centum
1231 2540 1310 2588 cui
1348 2539 1573 2588 bracchia
1611 2538 1778 2586 dicunt
1807 2553 1910 2587 cen-

223 2615 450 2672 tenasque
493 2626 693 2668 manu3‚
745 2614 1096 2674 quinquaqinta
1142 2614 1307 2662 oribus
1351 2613 1510 2674 iqnem
1549 2613 1911 2673 pectoribusque

343 2758 368 2797 2
395 2759 616 2810 parantes
636 2752 733 2796 VR.
763 2753 767 2809 1
798 2758 1019 2808 petentem
1042 2753 1137 2797 VR.
1225 2758 1250 2797 3
1276 2754 1439 2809 parati
1461 2752 1546 2796 VR
1568 2758 1813 2809 parantem
1837 2753 1907 2796 ed.

225 2817 249 2855 6
282 2826 495 2857 casurum
518 2812 603 2855 VR
633 2812 765 2856 illum
787 2811 858 2856 ed.
954 2817 1006 2855 11
1034 2814 1242 2868 patriove
1264 2813 1467 2857 oneravit
1488 2811 1584 2855 VR.
1676 2816 1729 2856 15
1756 2825 1908 2868 prose-

223 2873 379 2927 quitur
402 2871 486 2915 VR
525 2885 638 2915 corr.
672 2870 743 2914 ed.
867 2875 921 2914 16
952 2873 1127 2927 patriis
1164 2871 1235 2915 ed.
1289 2878 1293 2912 1
1342 2875 1526 2927 praeter
1556 2870 1640 2913 VR
1670 2876 1806 2927 pater
1837 2871 1906 2914 ed.

226 2935 279 2973 17
313 2935 354 2975 et
384 2931 483 2974 alia
514 2930 583 2974 ed.
622 2933 626 2984 Ι
661 2930 774 2984 feris
796 2943 882 2973 om.
906 2930 977 2973 ed.
1063 2935 1118 2974 22
1143 2930 1402 2974 Anthaeum
1430 2929 1500 2972 ed.
1587 2934 1641 2974 25
1666 2930 1910 2987 amisslclis

225 3003 329 3032 cum
361 3002 450 3034 rae.
476 2989 530 3034 V.
654 2993 709 3033 27
741 2989 805 3033 ad
836 3002 923 3032 om.
949 2988 1005 3032 V.
1129 2993 1181 3032 31
1216 3002 1351 3046 eqeon
1373 2987 1469 3032 VR.
