2078 3260
31 971 73 1003 10

29 1340 72 1372 15

29 1711 74 1744 20

30 2082 74 2115 25

29 2453 73 2485 ³0

745 148 1048 198 AENEIDOS
1079 148 1166 194 XII
1692 152 1798 206 637

110 291 282 340 avidos
312 290 560 339 extendere
591 304 764 339 cursus
793 290 912 338 velle
941 289 1163 338 videmur
1197 292 1240 338 et
1267 289 1322 337 in
1350 289 1525 338 mediis
1556 290 1805 338 conatibus
1822 299 1907 341 910

110 366 245 426 aeyri
265 364 574 420 succidimuS,
605 379 705 412 non
735 364 906 424 linqua
931 363 1072 420 valet,
1103 377 1202 412 non
1233 377 1429 424 corpore
1457 366 1599 411 notae
1627 364 1805 423 suffici-

109 443 198 487 unt
240 440 370 487 vires
413 452 500 486 nec
542 453 635 486 vox
681 441 768 487 aut
811 439 960 486 verba
1001 441 1292 497 sequwntur:
1339 438 1411 486 sic
1448 438 1639 494 Turne,
1672 439 1805 497 “qua-

109 527 308 574 owmque
335 513 470 561 viam
498 513 673 560 virtute
698 512 881 572 petivit,
904 526 1179 560 successum
1201 512 1295 560 dea
1317 511 1430 560 dira
1459 515 1626 573 neyat:
1656 511 1806 560 datur

106 587 369 650 parabola,
419 603 478 634 ex
524 602 626 650 qua
669 586 1015 648 unusquisque
1061 602 1121 634 ex
1165 601 1217 634 se
1265 585 1527 649 intellegat
1573 586 1805 649 quemad-

105 661 311 710 modum
346 661 399 708 in
438 660 606 708 Turno
646 660 812 708 omnia
846 659 1119 708 inminente
1149 660 1328 709 ultimo
1359 661 1465 709 fato
1495 659 1805 722 hebuissent3

105 751 223 784 nam
261 734 488 784 omnibus
526 734 811 783 hominibus
841 750 931 797 per
968 749 1195 783 somnum
1228 735 1354 783 talia
1385 735 1687 783 consuerunt
1726 749 1804 782 ac·

105 809 292 870 cidere,
337 811 395 857 ut
450 808 748 857 dormientes
798 808 1064 857 videantur
1110 808 1237 857 velle
1287 824 1415 871 quae
1466 807 1656 871 inplere
1705 824 1804 857 non

104 886 335 947 possunt:
384 899 764 946 nonnumquam
813 882 1043 931 nituntur
1088 882 1283 945 aliquid
1321 882 1506 931 viribus
1547 884 1598 931 et
1635 897 1804 931 eorum

105 961 313 1006 conatus
365 953 482 1005 ante
532 957 760 1006 effectum
811 973 976 1005 rerum
1037 956 1285 1005 debilitati
1346 956 1700 1018 succumbunt,
1760 958 1805 1005 si

103 1033 355 1080 voluerint
391 1031 551 1094 loqui,
582 1046 672 1080 nec
702 1031 878 1095 lingua
907 1031 1069 1094 inplet
1098 1031 1316 1079 officium
1348 1046 1495 1079 suum
1525 1047 1614 1079 nec
1643 1031 1803 1079 inten-

103 1107 291 1156 tionem
327 1105 541 1155 volentis
581 1105 832 1168 explicant
870 1104 1044 1167 verba,
1093 1107 1257 1154 totum
1298 1121 1514 1154 vacuum
1552 1108 1629 1154 est
1668 1104 1803 1168 quic-

106 1180 228 1243 quid
266 1180 516 1229 videbitur
553 1180 681 1244 geri,
718 1181 882 1228 totum
920 1179 1194 1241 infirmum,
1236 1181 1412 1241 utpote
1453 1179 1586 1242 quod
1623 1178 1803 1227 habere

105 1254 303 1302 videtur
341 1270 372 1302 a
403 1254 677 1302 dormiente
716 1254 1064 1303 substantiam.
1111 1254 1182 1302 sic
1220 1269 1337 1317 ergo
1368 1255 1629 1315 tamquam
1660 1268 1802 1316 sopo-

104 1330 204 1377 rati
235 1327 429 1377 actibus
459 1327 677 1392 negabat
705 1328 797 1376 dea
820 1327 929 1376 dira
952 1343 1246 1377 successum.
1301 1330 1403 1375 tum
1421 1332 1609 1388 pectore
1631 1341 1805 1376 sensus

103 1406 358 1451 vertuntur
399 1403 552 1451 varii:
601 1401 782 1465 incipit
826 1417 1068 1465 exponere
1114 1417 1242 1464 quae
1292 1403 1360 1450 sit
1406 1401 1518 1464 ipsa
1562 1402 1803 1450 varietas:
1821 1409 1906 1450 915

104 1477 313 1525 Rutulos
351 1479 566 1537 aspectat
595 1480 638 1524 et
666 1477 858 1524 urbem:
895 1476 949 1524 in
987 1475 1330 1539 desperatione
1362 1476 1542 1524 salutis
1578 1477 1804 1539 respicie-

104 1550 192 1599 bat
241 1550 519 1612 civitatem,
568 1551 649 1599 vel
695 1550 831 1614 quod
878 1550 985 1599 illic
1029 1549 1244 1599 Lavinia
1289 1549 1408 1611 fuit,
1457 1550 1538 1598 vel
1581 1567 1643 1599 ne
1689 1550 1804 1598 inde

103 1626 295 1674 veniret
344 1626 607 1686 auxilium,
661 1624 852 1687 pudore
903 1626 1071 1673 autem
1118 1624 1351 1673 confusus
1400 1625 1655 1686 deprecari
1703 1640 1803 1673 non

106 1698 321 1747 audebat
373 1699 674 1747 Rutulorum
727 1714 872 1761 opem
926 1715 1076 1762 quam
1129 1698 1379 1761 inpetrare
1439 1714 1538 1746 non
1591 1699 1803 1761 poterat.

106 1773 262 1822 oculis
310 1775 479 1822 tamen
525 1773 914 1837 intellegebatur
961 1788 1160 1835 poscere
1209 1772 1600 1833 miserationem,
1652 1789 1803 1835 quam

105 1863 327 1896 sermone
381 1847 636 1910 nequibat.
698 1851 1042 1906 cunctaturque
1085 1850 1215 1894 metu
1268 1847 1447 1907 teloque
1491 1848 1677 1894 instare
1714 1850 1803 1894 tre-

104 1923 286 1970 miscit:
308 1921 571 1970 dubitabat
594 1922 694 1970 telo
709 1922 938 1970 insistere
964 1920 1155 1984 aliquid
1177 1922 1344 1969 meriti
1367 1921 1552 1969 futuris
1576 1920 1803 1984 precibus

106 2011 324 2044 servans.
399 2010 486 2044 nec
524 2010 615 2055 quo
653 2010 704 2044 se
742 1996 919 2055 eripiat
954 2010 1041 2044 nec
1078 2010 1176 2054 qua
1220 1996 1271 2043 vi
1308 1995 1475 2043 tendat
1509 1996 1564 2042 in
1601 1995 1804 2043 hostem:

105 2085 307 2132 prorsus
368 2069 490 2132 quid
546 2070 732 2118 faceret
787 2068 1059 2131 nesciebat;
1108 2071 1271 2117 totum
1328 2069 1458 2117 enim
1511 2069 1802 2132 inpossibile

105 2143 224 2192 fuit:
274 2143 498 2208 fugiendi
537 2143 722 2207 quippe
769 2143 960 2192 occasio
1007 2142 1202 2204 deerat,
1252 2142 1467 2192 audendi
1510 2144 1563 2190 in
1607 2144 1803 2191 hostem

104 2218 287 2267 fiducia
324 2218 618 2282 negabatur.
689 2231 777 2266 nec
821 2232 996 2266 currus
1047 2231 1256 2276 usquam
1304 2218 1433 2266 videt
1485 2218 1803 2278 auriyamque

104 2306 340 2340 sororem:
379 2293 679 2340 auxiliorum
711 2307 907 2354 quoque
941 2306 1050 2354 spes
1081 2292 1223 2339 nulla
1254 2294 1532 2354 supererat,
1571 2292 1651 2340 vel
1683 2292 1802 2354 quia

105 2381 276 2414 currus
295 2366 468 2427 defuit,
492 2366 645 2415 etiam
668 2366 973 2416 abscesserat
995 2381 1146 2414 soror.
1178 2367 1424 2414 cunctanti
1446 2366 1591 2413 tetum
1606 2363 1802 2412 Aeneas

103 2441 256 2500 fatale
295 2444 515 2489 coruscat
550 2442 748 2489 sortitus
785 2442 1036 2499 fortunam
1073 2440 1248 2488 oculis:
1298 2440 1415 2489 dum
1459 2439 1546 2488 ille
1593 2438 1801 2487 diversis
1818 2447 1903 2488 920

225 2556 250 2595 3
291 2566 571 2608 quacumque
601 2551 642 2595 V
682 2565 854 2608 quante.
888 2551 959 2596 ed.
1091 2556 1116 2596 6
1147 2553 1308 2596 ultimo
1338 2551 1442 2605 fata
1471 2551 1728 2595 hebuissent
1758 2549 1799 2593 V

105 2612 203 2665 fato
245 2625 329 2654 nos
371 2611 531 2666 inepte
573 2613 688 2654 mut.
725 2611 795 2655 ed.
919 2614 944 2654 9
983 2612 1198 2656 πίιωηιω·
1229 2610 1271 2653 V
1302 2610 1373 2655 ed.
1414 2611 1691 2654 adnituntwr
1722 2622 1800 2653 ex-

105 2672 285 2726 pectes,
319 2670 402 2715 sed
434 2670 491 2713 cf.
527 2675 568 2723 1,
593 2674 691 2715 662.
817 2674 871 2713 12
910 2670 1022 2726 quid
1059 2670 1287 2714 videbitur
1316 2669 1358 2712 V
1398 2669 1614 2725 quicquid
1643 2683 1682 2712 v.
1716 2682 1799 2712 nos

105 2730 225 2784 quod
278 2730 562 2774 desideratur
614 2729 686 2773 ed.
832 2733 888 2772 14
940 2744 971 2773 a
1023 2729 1272 2773 dormiente
1313 2727 1354 2770 V
1409 2728 1674 2772 dormientis
1727 2727 1797 2772 ed.

109 2792 162 2831 15
205 2794 342 2846 neyat
383 2789 454 2833 ed.
578 2793 631 2831 21
676 2788 960 2844 intelleyebat
997 2793 1241 2843 torpescere
1273 2787 1314 2830 V
1347 2787 1417 2830 ed.
1460 2787 1800 2843 intellegebatwr

102 2861 282 2903 poscere
320 2862 417 2892 nos.
466 2849 469 2900 ξ
520 2862 611 2903 qua
633 2846 675 2890 V
706 2848 818 2902 quia
849 2847 919 2890 ed.
953 2861 1090 2903 quam
1121 2860 1216 2890 nos.
1311 2851 1367 2889 22
1400 2848 1621 2902 telumque
1644 2845 1686 2888 V
1709 2845 1797 2900 ed.‚

109 2906 189 2949 sed
226 2906 342 2951 Don.
376 2908 547 2962 teloque
585 2906 754 2963 legisse
792 2906 982 2962 interpr.
1018 2906 1174 2950 docet:
1216 2904 1339 2949 bona
1378 2905 1517 2950 lectio
1554 2906 1602 2949 et
1633 2907 1798 2961 argute

51 2983 54 2985 >
108 2964 364 3021 explicata,
405 2980 687 3022 quamquam
722 2966 772 3009 in
803 2964 941 3023 Verg.
974 2964 1106 3010 libris
1137 2965 1213 3009 vix
1243 2965 1494 3021 vestigium
1525 2965 1624 3008 eius
1656 2965 1794 3009 extat.
