2050 3226
746 145 1051 190 AENEmos
1075 145 1183 190 vm
1709 150 1814 203 113

124 289 422 349 redduntur,
468 303 529 336 ne
575 287 889 350 peregrinUS,
935 300 1002 334 nev
1035 285 1224 348 optimo
1263 285 1430 334 studio
1470 290 1726 349 susceptus
1766 291 1816 337 et

126 366 328 426 optatus
369 378 483 410 cum
532 362 668 409 omni
704 359 1040 409 benivolentia
1085 375 1236 423 gener
1272 362 1326 407 in
1365 360 1523 408 socios
1561 362 1727 423 inpius
1767 366 1816 411 et

126 453 270 499 asper
305 436 359 484 in
399 437 530 485 cives
568 435 822 484 videretur
860 434 1104 495 extitisse,
1150 435 1194 482 si
1231 434 1420 496 primus
1469 449 1607 482 arma
1650 451 1817 498 sump-

16 502 33 547 '.
124 512 283 560 sisset.
346 510 610 559 accedebat
650 508 788 557 aliud
819 508 954 570 quod
990 508 1152 572 magis
1190 507 1363 556 laudes
1404 508 1508 557 eius
1547 510 1817 571 extolleret,

50 969 94 1001 1⁰

50 1339 93 1372 15

51 1711 94 1744 20

52 2081 95 2114 25

123 588 181 634 ut
218 585 370 633 Italia
409 584 591 645 omnis,
629 585 708 631 tot
739 583 908 643 duces,
946 584 1025 630 tot
1061 582 1259 644 populi,
1298 583 1443 630 tanta
1472 584 1818 632 universorum

123 659 426 721 conspiratio
464 658 610 706 rebus
641 659 742 705 suis
776 672 889 705 cum
924 658 1036 719 ipsa
1067 655 1399 705 subsidiorum
1431 673 1523 719 ope
1556 658 1818 719 diffideret,

124 749 235 781 cum
257 734 576 797 peregrinum
605 732 923 795 naufragum,
954 747 1139 779 novum
1170 746 1228 778 ac
1258 731 1410 779 nullis
1441 731 1494 778 in
1527 748 1585 780 ea
1615 733 1817 796 regione

123 807 554 855 familiaritatibus
601 807 786 854 fretum
832 808 1142 854 contemnere
1189 807 1385 853 armata
1422 806 1696 854 multitudo
1736 806 1816 854 de-

122 882 326 930 buisset.
389 882 645 943 saevitque
683 880 914 928 iuventus
954 879 1123 927 effera:
1162 879 1414 940 ferebatur
1450 881 1687 928 iuventus
1717 897 1818 929 non

122 957 315 1004 ratione
355 955 547 1018 aliqua,
587 954 673 1003 sed
711 954 933 1002 naturali
970 954 1170 1001 feritate
1202 956 1252 1002 et
1281 954 1464 1002 iniecta
1495 970 1584 1017 per
1614 955 1819 1003 Furiam

123 1030 302 1078 furoris
345 1030 573 1078 amentia.
630 1028 879 1090 [ductores
908 1026 1095 1089 primi]
1132 1028 1400 1087 Messapus
1440 1032 1483 1076 et
1525 1029 1679 1088 Ufens
1711 1044 1819 1077 con-

123 1108 413 1164 temptorque
451 1104 594 1151 deum
632 1103 907 1150 Mezentius
944 1102 1160 1161 undique
1199 1106 1371 1162 coqunt
1412 1103 1626 1150 auxilia:
1672 1104 1819 1152 duces

122 1178 398 1227 timidiores
439 1178 613 1226 ceteris
651 1177 896 1241 cogebant
935 1176 1124 1224 auxilia
1161 1177 1397 1239 undique.
1460 1177 1703 1241 cogebant
1740 1193 1819 1226 ac-

124 1252 405 1314 cipiendum
454 1254 529 1299 est
581 1267 682 1299 non
736 1250 1127 1315 congregabant,
1183 1251 1270 1298 sed
1321 1250 1507 1299 invitos
1561 1251 1819 1316 urgebant.

124 1326 334 1389 denique
367 1327 591 1387 sequitur
622 1329 664 1373 et
694 1326 816 1373 latos
845 1327 1044 1372 vastant
1073 1325 1336 1372 cultoribus
1367 1339 1531 1385 ayros,
1570 1329 1629 1374 ut
1659 1329 1820 1375 osten-

124 1401 262 1449 deret
288 1402 436 1462 poeta
466 1403 609 1448 tanto
639 1399 752 1448 illos
777 1401 916 1447 metu
939 1399 1092 1446 fuisse
1117 1414 1393 1460 oppreSSOS,
1416 1403 1476 1447 ut
1499 1400 1822 1448 solitudinem

123 1475 240 1523 latis
263 1474 540 1522 indicerent
564 1475 714 1537 agris,
744 1474 884 1520 nullo
910 1474 1087 1521 saltem
1109 1473 1281 1521 relicto
1314 1474 1532 1522 custode.
1581 1474 1635 1522 in
1667 1476 1819 1538 signi-

122 1549 350 1597 ficatione
390 1549 674 1597 latitudinis
708 1563 944 1612 agrorum
977 1547 1265 1611 intellegere
1304 1563 1569 1609 possumus
1602 1552 1819 1611 quantus

125 1624 375 1671 cultorum
435 1637 669 1670 numerus
729 1622 793 1670 ad
844 1622 1030 1669 bellum
1082 1621 1313 1670 videatur
1367 1637 1471 1671 esse
1525 1626 1818 1685 pertractus.

124 1698 381 1760 Messapus
429 1701 479 1745 et
525 1697 682 1745 Ufens
729 1698 1140 1759 contemptorque
1187 1697 1334 1744 deum
1380 1697 1675 1745 Mezentius:
1721 1713 1820 1745 non

124 1773 312 1820 frustra
351 1771 663 1835 singulorum
701 1771 905 1819 nomina
943 1771 1133 1833 posuit:
1181 1770 1399 1819 ostendit
1445 1772 1575 1818 enim
1618 1776 1819 1834 excepto

124 1846 302 1894 timore
341 1846 499 1908 plebis
539 1846 691 1893 etiam
728 1845 781 1892 in
818 1844 942 1907 ipsis
982 1844 1210 1905 ducibus,
1248 1846 1302 1892 in
1334 1845 1512 1906 quibus
1552 1847 1821 1908 praecipua

125 1920 282 1968 virtus
315 1920 559 1981 existeret,
589 1919 861 1967 maximum
891 1919 1044 1967 fuisse
1076 1922 1327 1967 terrorem.
1382 1935 1500 1967 nam
1532 1922 1652 1982 quia
1683 1921 1820 1968 auxi-

124 1993 207 2042 liis
239 1993 470 2058 cogendis
502 2009 706 2055 operam
729 1993 916 2042 dabant
943 1996 993 2041 et
1023 2009 1084 2041 ne
1106 1994 1239 2056 ipsos
1266 1993 1467 2055 quidem
1489 1994 1692 2042 inermis
1716 2010 1820 2043 esse

125 2068 446 2130 patiebantur
476 2068 687 2116 cultores
721 2083 967 2131 agrorum,
998 2068 1172 2130 procul
1204 2068 1352 2115 dubio
1390 2068 1510 2131 quid
1541 2068 1820 2117 formidinis

127 2143 291 2190 animo
338 2145 566 2205 gererent
610 2141 977 2190 evidentissime
1023 2142 1398 2204 profitebantur.
1470 2143 1603 2205 quod
1656 2145 1822 2191 autem

56 2256 61 2261 ,
128 2216 280 2264 etiam
330 2217 423 2264 hoc
472 2216 580 2263 loco
632 2218 1021 2278 contemptorem
1070 2215 1242 2264 divum
1290 2216 1590 2264 Mezentium
1638 2217 1822 2280 posuit,

54 2450 96 2483 30

125 2291 397 2338 maximum
421 2290 627 2338 Troiani
652 2290 793 2338 ducis
824 2290 1019 2354 insigne
1042 2291 1095 2338 in
1120 2306 1177 2338 eo
1203 2306 1400 2353 quoque
1429 2291 1591 2339 voluit
1622 2291 1820 2339 demon·

127 2367 305 2425 strare,
336 2367 395 2412 ut
426 2366 738 2426 contemptor
769 2364 940 2411 divum
970 2364 1241 2412 Mezentius
1274 2365 1545 2427 aliquando
1576 2366 1822 2414 inveniret

128 2454 277 2501 quem
298 2438 510 2486 timeret.
541 2439 746 2486 mittitur
771 2441 813 2486 et
834 2439 1002 2499 mayni
1035 2439 1252 2487 Venulus
1274 2440 1529 2487 Diomedis
1554 2440 1620 2487 ad
1638 2441 1818 2495 urbem,

247 2614 269 2652 1
302 2624 360 2653 ne
390 2611 558 2666 optimo
580 2608 622 2652 V
653 2623 709 2653 ne
742 2623 830 2652 om.
863 2609 934 2653 ed.
1055 2613 1080 2652 3
1113 2611 1252 2665 prius
1290 2610 1360 2654 ed.
1478 2615 1503 2653 6
1537 2623 1612 2654 ore
1636 2609 1677 2652 V
1707 2610 1821 2653 mole

128 2668 200 2712 ed.
231 2682 311 2724 ope
342 2682 439 2712 nos.
533 2673 559 2712 8
591 2669 855 2712 contendere
878 2667 921 2711 V
945 2668 1016 2712 ed.
1041 2674 1317 2712 contemnere
1340 2669 1411 2712 ed.
1436 2671 1555 2724 post.
1651 2672 1706 2711 10
1735 2682 1820 2712 na-

128 2728 272 2772 turali
298 2742 386 2771 om.
413 2728 484 2772 ed.
522 2728 525 2785 l
562 2729 740 2783 infacta
756 2726 798 2770 V
821 2729 990 2772 iniecta
1013 2728 1084 2771 ed.
1108 2730 1229 2784 post.
1264 2728 1320 2771 cf.
1349 2733 1388 2781 7,
1409 2733 1491 2771 341
1519 2743 1579 2771 an
1602 2730 1820 2783 inpacta?

130 2791 182 2829 11
210 2788 456 2831 amentiam
479 2786 521 2829 V
546 2787 616 2831 ed.
651 2801 763 2831 corr.
798 2786 869 2830 ed.
899 2787 1019 2842 post.
1071 2787 1074 2844 ξ
1125 2787 1330 2831 ductores
1353 2789 1498 2843 primi
1530 2787 1660 2830 deest
1691 2786 1741 2830 in
1764 2785 1819 2840 V,

130 2845 211 2889 sed
254 2846 525 2901 explicatur.
649 2851 702 2889 17
747 2846 1014 2890 inducerent
1055 2845 1126 2890 ed.
1257 2851 1312 2889 23
1354 2848 1463 2902 quia
1497 2845 1538 2887 V
1578 2847 1658 2901 qui
1696 2845 1766 2889 ed.
1812 2846 1815 2903 ξ

130 2906 313 2949 auxilia
342 2906 552 2962 cogendis
574 2904 616 2948 V
649 2919 762 2948 corr.
797 2905 868 2948 ed.
991 2909 1047 2948 25
1086 2906 1166 2962 qui
1198 2906 1462 2960 formidinis
1484 2903 1527 2948 V
1557 2919 1686 2960 quem
1716 2905 1819 2962 (sic)

130 2964 421 3017 formidinem
452 2964 523 3009 ed.
647 2968 702 3007 30
735 2978 864 3020 quem
887 2963 928 3007 V
961 2978 1074 3020 quae
1107 2965 1178 3008 ed.

221 3052 317 3085 Don.
334 3053 491 3092 interpr.
506 3053 618 3093 Verg.
644 3053 719 3084 vol.
737 3053 787 3084 11.
1526 3056 1551 3094 8
