2050 3226
0 957 74 1012 ’.ιο

762 149 1067 196 AENEIDos
1097 149 1137 194 x
1686 154 1794 209 373

103 307 204 341 non
235 293 404 355 posset
434 293 486 340 et
514 291 684 340 uxoris
709 291 968 354 postulata
998 306 1098 339 non
1128 290 1359 340 laederet.
1398 291 1584 354 patior,
1616 292 1794 355 inquit,

101 368 162 414 ut
190 366 334 415 illum
362 364 564 414 interim
593 364 848 429 ingruenti
869 366 972 414 iam
995 365 1260 414 subtrahas
1290 364 1443 414 morti
1469 381 1618 428 quem
1646 366 1794 414 cadu-

105 455 216 489 cum
264 454 368 490 esse
413 438 737 488 manifestum
775 440 863 488 est.
941 438 1181 489 caducum
1222 438 1406 488 dicitur
1445 438 1683 502 quicquid
1721 441 1794 487 in-

104 517 299 563 maturo
337 522 559 576 tempore
598 511 733 561 cadit
771 529 828 562 ac
866 514 1019 577 perit,
1065 515 1126 563 ut
1162 515 1280 563 sunt
1318 513 1551 562 arborum
1588 513 1796 574 fructus,

106 605 315 652 quorum
336 603 452 651 pars
476 587 762 651 appellatur
791 587 979 636 caduca
1007 603 1136 650 quae
1166 589 1221 636 in
1250 603 1370 636 usus
1401 588 1658 637 hominum
1695 603 1796 636 non

103 662 262 724 venit,
300 663 563 725 propterea
594 661 727 724 quod
757 677 856 710 non
889 662 1072 725 adepta
1094 660 1175 711 sui
1203 662 1551 711 maturitatem
1580 664 1796 724 proster-

103 738 242 786 nitur
272 751 330 785 ac
367 735 510 799 perit.
564 735 680 784 inde
710 736 1012 784 translatum
1044 738 1120 785 est
1159 738 1217 784 ut
1247 735 1421 785 caduci
1451 735 1681 785 dicantur
1711 737 1796 785 ho-

103 811 258 860 mines
306 811 395 874 qui
438 809 491 858 in
530 809 748 872 pueritia
787 812 877 858 aut
915 809 1122 859 iuventa
1150 810 1446 859 moriuntur.
1503 811 1584 860 hic
1614 812 1799 859 tractat

103 887 252 949 poeta
282 884 486 933 dilatari
516 898 661 948 posse
693 885 1011 947 aliquantum
1041 885 1256 934 hominis
1293 886 1473 946 vitam,
1511 885 1798 949 perpetuari

102 975 218 1009 vero
257 974 356 1008 non
394 973 554 1022 posse.
617 957 689 1007 ait
735 974 851 1022 ergo
901 959 944 1007 si
982 973 1146 1008 moras
1185 958 1261 1008 vis
1299 958 1574 1021 interponi,
1611 961 1670 1007 ut
1708 959 1798 1007 ali-

104 1035 292 1097 quanto
314 1033 508 1082 tardius
533 1032 682 1081 cadat
713 1033 799 1095 qui
828 1032 931 1080 iam
961 1032 1128 1082 fuerat
1158 1033 1430 1095 perituru3‚
1460 1033 1692 1082 haetenus
1722 1034 1797 1081 in·
1815 1042 1900 1082 625

12 1103 14 1108 ’
103 1108 311 1156 dulsisse
339 1110 503 1164 vacat,
542 1106 595 1154 id
620 1108 695 1155 est
716 1107 814 1155 huc
837 1122 993 1170 usque
1023 1109 1191 1170 potest
1218 1106 1409 1156 inlaesa
1438 1107 1658 1156 fatorum
1687 1107 1797 1172 lege

11 1191 15 1257 ζ
102 1182 372 1245 praestari3
402 1181 482 1230 sin
513 1181 658 1230 altior
678 1181 787 1229 istis
817 1182 907 1230 sub
934 1182 1162 1241 precibus
1190 1181 1336 1230 venia
1365 1181 1471 1229 ulla
1495 1181 1607 1230 latet
1629 1184 1798 1229 totum-

11 1269 14 1278 ⁴
103 1271 193 1316 que
229 1256 411 1304 moveri
448 1255 687 1303 mutarive
716 1258 870 1315 putas
905 1255 1099 1312 bellum,
1140 1269 1251 1316 spes
1282 1255 1451 1316 pascis
1488 1255 1682 1304 inanis:
1721 1255 1797 1304 sin

12 1347 73 1381 >15

103 1345 219 1379 vero
257 1331 370 1393 plus
410 1328 605 1392 aliquid
642 1344 812 1392 speras
860 1344 917 1378 ac
955 1329 1047 1378 sub
1085 1329 1311 1392 precibus
1351 1329 1451 1378 tuis
1491 1330 1618 1378 latet
1657 1329 1797 1377 aliud

104 1404 239 1468 quod
278 1402 479 1453 concedi
526 1419 627 1452 non
656 1402 817 1466 possit
855 1405 906 1450 et
942 1405 1093 1466 putas
1141 1406 1231 1452 aut
1268 1405 1389 1466 poni
1427 1403 1615 1451 bellum
1652 1418 1797 1467 posse

103 1481 194 1528 aut
215 1479 402 1527 mutari
424 1476 759 1541 pactionibuS,
791 1492 922 1526 vana
953 1476 1147 1527 duceris
1180 1493 1288 1541 spe,
1321 1476 1439 1540 quia
1461 1477 1570 1526 fieri
1599 1493 1796 1526 necesse

13 1575 19 1622 g
104 1556 180 1602 est
218 1552 351 1617 quod
388 1551 507 1601 fatis
541 1551 885 1601 definientibus
925 1554 1131 1601 cautum
1170 1554 1259 1602 est.
1305 1567 1442 1615 spem
1481 1567 1682 1615 pascere
1723 1556 1799 1601 est

12 1650 20 1680 >
104 1628 251 1691 quasi
290 1627 460 1690 aliquo
501 1625 609 1674 cibo
649 1625 904 1690 promissis
943 1625 1176 1675 inanibus
1217 1628 1393 1689 optata
1431 1627 1634 1675 nutrire.
1689 1642 1798 1675 ecce

8 1692 76 1751 izo

101 1702 260 1750 bonus
282 1700 495 1766 largitor
516 1700 766 1749 beneficii:
790 1703 841 1749 et
862 1716 1027 1749 moras
1053 1700 1284 1764 promisit
1307 1704 1357 1750 et
1381 1701 1799 1764 quemadmodum

101 1777 359 1839 procurari
377 1777 581 1838 possent
598 1774 827 1838 possibili
845 1774 1165 1823 consiliorum
1184 1775 1402 1824 remedio
1423 1773 1798 1835 demonstravit,

102 1854 160 1899 ut
196 1851 319 1915 fuga
357 1849 670 1898 subtraheret
708 1849 1023 1912 aliquantum
1063 1865 1210 1911 quem
1248 1851 1351 1898 iam
1388 1848 1667 1913 ingruentis
1707 1849 1798 1897 leti

102 1924 359 1987 premebat
381 1923 636 1972 acerbitas.
677 1926 720 1971 et
736 1923 864 1971 Iuno
885 1923 1243 1972 adlacrimans:
1268 1923 1622 1987 praeeuntibus
1646 1923 1798 1973 verba

14 1999 16 2002 ’
103 1997 321 2048 lacrimis
361 1998 431 2046 sic
468 1997 593 2046 Iuno
640 1997 910 2060 respondit.
976 1997 1113 2057 quid,
1153 1998 1198 2046 si
1247 2011 1371 2058 quae
1414 2012 1525 2046 voce
1566 1998 1798 2059 yravaris

8 2068 18 2114 τ’
33 2087 75 2120 25

102 2076 257 2121 mente
287 2072 432 2120 dares
463 2075 604 2131 atque
633 2071 749 2119 haec
774 2071 942 2119 Turno
972 2075 1086 2120 rata
1115 2072 1218 2119 vita
1246 2073 1495 2120 maneret?
1533 2086 1665 2120 nunc
1693 2087 1797 2120 ma·
1815 2079 1900 2119 630

103 2151 184 2195 net
219 2147 456 2195 insontem
491 2145 660 2206 qravis
699 2146 878 2202 exituS,
920 2149 1007 2193 aut
1045 2160 1125 2206 eqo
1164 2147 1268 2194 veri
1303 2161 1436 2195 vana
1474 2147 1631 2206 feror,
1672 2146 1797 2206 Quod

16 2223 18 2246 ³
104 2225 159 2269 ut
188 2235 214 2269 ο
239 2221 405 2282 potius
434 2219 696 2280 formidine
725 2219 860 2278 falsa
891 2219 1038 2267 ludar
1069 2223 1112 2267 et
1141 2220 1195 2267 in
1225 2220 1399 2268 melius
1437 2224 1523 2268 tua
1554 2221 1637 2281 qui
1663 2223 1797 2279 potes

27 2329 31 2332 .
105 2309 220 2343 orsa
238 2296 456 2354 reflectas
468 2311 483 2341 .-
508 2297 773 2356 quantum‚
791 2292 981 2355 inquit,
1002 2293 1158 2342 distat
1176 2292 1307 2342 inter
1326 2293 1617 2358 petitionem
1636 2309 1795 2341 meam

16 2396 17 2400 =
107 2373 156 2418 et
193 2368 569 2432 promissionem
607 2367 769 2415 tuam!
820 2382 906 2415 cur
943 2382 1042 2415 non
1081 2367 1247 2416 studio
1292 2371 1460 2416 tamen
1501 2385 1530 2417 a
1567 2370 1616 2416 te
1656 2383 1795 2430 prae-

9 2455 77 2489 280

106 2445 269 2492 statur
306 2446 362 2491 ut
390 2443 558 2490 Turno
596 2444 709 2490 rata
739 2442 940 2489 maneat
976 2441 1083 2490 vita
1113 2442 1206 2491 hoc
1236 2445 1312 2491 est
1339 2443 1483 2491 firma
1515 2457 1572 2490 ac
1603 2441 1795 2490 stabilis

227 2620 249 2657 1
283 2619 324 2658 et
354 2614 513 2658 uxoris
535 2612 577 2656 V
607 2617 659 2657 ut
689 2626 733 2656 u.
768 2612 838 2656 ed.
960 2617 988 2655 4
1019 2612 1190 2669 deperit
1221 2613 1292 2658 ed.
1410 2618 1434 2655 6
1467 2613 1677 2668 adeptam
1703 2611 1755 2656 V.
1786 2612 1791 2670 Ι

104 2674 179 2717 sui
208 2672 250 2715 V
283 2674 522 2729 propriam
561 2672 631 2715 ed.
681 2672 683 2727 l
729 2672 1037 2727 prosternitur
1067 2686 1122 2716 ac
1146 2678 1304 2728 pereat
1328 2672 1366 2715 V
1392 2677 1711 2727 prosternatur
1741 2685 1796 2715 ac

100 2745 148 2788 p.
182 2731 254 2776 ed.
358 2735 383 2774 9
415 2732 609 2776 hominis
637 2732 778 2775 vitam
802 2735 1027 2786 perpetua
1056 2745 1159 2776 vero
1190 2746 1283 2776 non
1313 2745 1440 2786 posse
1465 2730 1505 2771 V
1530 2732 1796 2786 perpetuari

15 2837 24 2850 ‚
106 2804 188 2834 noe
219 2792 394 2834 temere
425 2792 538 2834 mut.
572 2789 643 2834 ed.
769 2794 823 2833 14
861 2791 1034 2835 mutari
1070 2796 1262 2847 neputas
1297 2790 1349 2833 V.
1475 2793 1528 2832 18
1566 2790 1704 2843 factis
1740 2789 1792 2833 V.

107 2854 162 2892 22
194 2851 289 2894 iam
320 2862 407 2893 om.
441 2849 512 2893 ed.
561 2850 565 2907 Ι
617 2850 726 2893 laeti
755 2847 810 2891 V.
915 2853 970 2892 23
1001 2851 1078 2894 cui
1108 2851 1147 2894 I.
1173 2850 1457 2893 illacrimans
1489 2848 1559 2891 ed.
1667 2853 1723 2891 24
1754 2850 1796 2891 si

20 2924 54 2940 ν
107 2909 225 2964 quod
263 2908 334 2952 ed.
458 2912 513 2952 25
553 2909 614 2952 da
651 2922 735 2964 pro
775 2907 908 2952 clares
937 2907 991 2951 V.
1116 2913 1170 2952 27
1205 2922 1229 2952 o
1262 2923 1348 2951 om.
1374 2907 1427 2951 V.
1480 2908 1484 2960 Ι
1536 2907 1704 2951 laudar
1737 2907 1791 2950 V.

18 2972 26 3002 η’
109 2971 163 3010 29
195 2972 236 3011 te
258 2966 301 3010 V
331 2981 361 3011 a
392 2972 433 3012 te
461 2981 545 3011 nos
576 2972 654 3011 tuo
686 2967 757 3011 ed.
