2050 3226
228 223 338 276 214
704 220 936 265 DONATI
966 219 1246 265 INTERPR.
1271 220 1450 265 VERG.

227 360 538 423 lacertosque
553 360 813 422 firmasset,
837 362 928 408 aut
950 360 1176 408 faciendo
1202 359 1334 422 quod
1356 363 1581 424 poteram
1604 361 1693 408 aut
1706 359 1919 409 videndo

228 434 492 483 discebam.
543 451 570 483 o
597 435 754 498 pietas
780 434 1139 483 consultissimi
1161 435 1340 496 patris!
1377 434 1737 483 adolescentem
1759 434 1921 482 filium

227 509 463 572 periculis
507 508 794 572 ingentibus
843 507 997 556 dabat
1033 509 1137 555 iam
1173 510 1283 556 tum
1321 509 1590 572 praecipuo
1630 508 1919 572 magisterio

228 583 407 632 docens
445 583 770 631 fluctuantem
814 581 1173 645 rempublicam
1217 581 1462 632 universis
1502 582 1777 631 adfectibus
1815 595 1920 630 esse

226 658 487 720 potiorem.
555 673 704 719 quam
741 658 889 719 putas
928 672 1007 704 me
1047 657 1201 704 animi
1238 672 1368 705 nunc
1407 657 1741 706 constantiam
1778 655 1920 717 ferre,

229 731 429 793 quando
459 730 561 779 illis
591 730 899 793 temporibus
931 746 1020 778 nec
1052 730 1337 779 occumbere
1366 731 1516 779 timui
1544 747 1634 780 nec
1672 745 1923 779 armorum

228 806 453 869 fragores
492 804 704 867 expavi?
757 805 874 852 hinc
920 803 1131 868 digressi
1169 819 1280 852 cum
1317 821 1433 868 rege
1472 805 1749 853 subsidium
1789 803 1923 867 quod

159 888 163 891 ’
227 878 456 928 extremis
497 880 754 942 supererat
786 879 905 927 fatis
943 879 1133 940 pariter
1170 894 1338 928 sumus
1371 878 1607 942 adgressi.
1670 878 1790 941 quid
1829 877 1924 926 tibi

226 969 465 1015 umquam
510 952 766 1015 displicuit
809 953 861 1000 in
907 952 1127 1001 moribus
1165 952 1319 1002 meis?
1383 953 1583 1016 quando
1622 969 1721 1002 non
1765 968 1919 1000 unum

229 1025 505 1076 sensimus?
563 1027 763 1090 quando
801 1026 856 1075 in
895 1026 1087 1075 duobus
1119 1027 1400 1090 pectoribus
1431 1028 1615 1075 nostris
1653 1042 1753 1075 non
1789 1026 1924 1074 idem

227 1102 365 1150 fuere
418 1099 700 1149 tractatus?
767 1101 974 1149 voluisti
1023 1101 1239 1164 aliquid:
1296 1101 1456 1163 volui,
1515 1102 1558 1150 si
1605 1100 1925 1164 inprobatum

229 1178 304 1224 est
355 1174 549 1237 aliquid
599 1175 848 1224 sententia
896 1177 1007 1237 tua,
1059 1177 1257 1223 secutus
1307 1176 1459 1224 istam
1509 1191 1635 1238 quae
1684 1173 1926 1223 recusasti

125 1259 211 1299 205
229 1249 477 1299 damnavi.
554 1252 623 1297 est
669 1249 767 1306 hic,
820 1252 889 1297 est
937 1250 1135 1297 animus
1185 1249 1307 1298 lucis
1356 1253 1646 1310 contemptor
1691 1252 1734 1297 et
1777 1250 1926 1297 istum

229 1324 313 1384 qui
342 1324 446 1371 vita
470 1324 586 1371 benc
617 1323 782 1371 credat
812 1323 905 1371 emi
928 1338 1019 1383 quo
1050 1323 1207 1371 tendis
1236 1324 1487 1371 honorem:
1517 1322 1636 1372 novi
1664 1325 1771 1386 ipse
1805 1338 1924 1385 quo-

231 1413 325 1460 que
362 1414 453 1460 pro
492 1396 641 1445 laude
673 1398 830 1445 vitam
861 1398 1171 1460 salutemque
1203 1399 1553 1459 contemnere,
1575 1397 1694 1446 novi
1730 1397 1924 1445 facinus

229 1487 469 1536 magnum
507 1471 613 1519 sine
651 1487 834 1535 magno
874 1472 1095 1534 periculo
1135 1472 1354 1534 conpleri
1391 1487 1491 1519 non
1528 1487 1695 1534 posse3
1739 1470 1925 1534 quippe

230 1546 420 1610 gloriae
458 1546 677 1608 pretium
723 1547 799 1593 est
835 1545 971 1594 vitae
1011 1548 1171 1594 status
1210 1548 1443 1608 necisque
1483 1545 1746 1594 discrimen
1784 1545 1924 1593 talis·

231 1636 328 1682 que
366 1619 419 1667 in
459 1635 518 1667 ea
555 1620 697 1682 parte
737 1619 981 1682 condicio,
1029 1622 1086 1667 ut
1132 1620 1330 1668 adversi
1368 1622 1574 1668 eventus
1614 1621 1663 1668 et
1700 1620 1926 1682 prosperi

229 1694 326 1743 viri
375 1693 520 1742 fortis
565 1693 618 1741 in
664 1693 798 1742 facto
845 1708 1038 1756 semper
1076 1696 1127 1742 et
1170 1693 1356 1756 ubique
1396 1693 1675 1742 laudentur.
1751 1693 1925 1754 habeo,

229 1768 371 1829 Nise,
411 1767 664 1816 consimile
697 1767 937 1830 pretium,
977 1784 1075 1830 quo
1106 1768 1344 1815 honorem
1374 1782 1622 1816 summum
1655 1782 1924 1830 conparare

231 1842 469 1904 disponis,
501 1842 750 1890 communi
774 1842 918 1890 cedat
941 1841 1191 1890 amicitiae
1216 1841 1351 1904 quod
1374 1842 1576 1890 fortuna
1603 1842 1925 1904 praestiterit.

229 1917 387 1965 Nisus
427 1916 493 1963 ad
529 1918 670 1964 haec:
716 1915 920 1964 dicendo
969 1915 1033 1963 ad
1070 1916 1191 1964 haec
1230 1915 1449 1964 ostendit
1486 1915 1691 1964 obiectis
1730 1930 1781 1964 se
1822 1930 1925 1964 esse

230 2005 597 2053 responsurum.
673 1989 757 2037 ille
789 1989 917 2038 dixit
961 1990 1141 2038 Nisum
1186 1990 1315 2039 male
1363 1989 1423 2038 de
1471 1991 1620 2038 amici
1663 1990 1924 2038 voluntate

232 2064 464 2125 sensisse,
510 2063 757 2112 iudicasse
806 2063 1060 2126 timidum,
1111 2064 1388 2113 adseruisse
1436 2063 1691 2125 inbellem,
1740 2063 1924 2111 idcirco

233 2138 395 2187 solum
426 2153 476 2186 se
506 2139 577 2186 ire
605 2138 834 2187 voluisse.
911 2138 1032 2186 haec
1078 2154 1195 2202 ergo
1236 2154 1364 2200 quae
1407 2137 1686 2200 suspicione
1725 2138 1926 2185 fuerant

233 2212 441 2261 collecta
491 2215 639 2274 atque
692 2228 803 2260 cum
854 2211 1049 2276 ingenti
1097 2212 1290 2261 invidia
1343 2214 1568 2275 exposita
1620 2227 1720 2260 non
1772 2213 1926 2275 negat

232 2287 408 2347 NisuS,
455 2285 540 2334 sed
580 2286 800 2348 apertius
849 2286 1116 2334 confitetur
1154 2289 1205 2335 et
1242 2286 1393 2334 diluit
1430 2286 1684 2335 ostendere
1723 2286 1924 2348 cupiens

232 2360 285 2408 id
330 2375 382 2409 se
426 2359 604 2407 merito
650 2360 810 2409 fidelis
857 2359 1106 2408 amicitiae
1153 2363 1203 2409 et
1249 2361 1415 2409 animo
1456 2359 1689 2424 religioso
1729 2359 1924 2421 fecisse3

235 2435 374 2482 cuius
419 2434 493 2482 rei
539 2433 775 2496 quoniam
819 2435 988 2483 nullus
1035 2434 1178 2484 testis
1222 2434 1424 2483 extabat
1461 2436 1511 2482 et
1549 2433 1926 2495 dispositionem

236 2524 379 2557 suam
402 2508 562 2557 solum
593 2507 856 2556 tractantis
889 2510 1096 2556 noverat
1118 2511 1307 2571 pectus,
1339 2507 1533 2557 addidit
1562 2506 1924 2568 iusiurandum,

234 2585 293 2631 ut
331 2582 533 2630 deorum
570 2583 879 2643 testimonio,
927 2582 1015 2645 qui
1060 2583 1154 2630 soli
1198 2583 1444 2631 humanae
1490 2582 1671 2630 mentis
1717 2583 1926 2643 possunt

236 2672 378 2705 nosse
420 2657 630 2716 secreta,
670 2656 991 2704 confessionis
1030 2672 1183 2719 purae
1222 2657 1505 2704 flanaretur
1544 2656 1775 2704 adsertio.
1850 2655 1924 2702 in-

356 2801 381 2840 3
413 2797 666 2854 vigentibus
696 2795 767 2840 ed.
890 2802 915 2840 5
947 2811 1071 2842 ‘nunc
1102 2811 1189 2841 om.
1220 2797 1290 2841 ed.
1414 2800 1468 2839 12
1506 2796 1925 2851 sententia—quae

237 2860 350 2899 mut.
384 2856 454 2900 ed.
580 2861 633 2900 13
666 2861 731 2900 est
759 2856 895 2899 istum
920 2855 973 2898 V.
1091 2861 1145 2900 15
1177 2856 1358 2900 laudem
1389 2857 1486 2900 vita
1508 2854 1563 2899 V.
1679 2857 1733 2897 19
1765 2855 1922 2898 viri—-

237 2916 376 2959 habeo
413 2917 587 2959 temere
629 2917 741 2958 mut.
776 2914 847 2959 ed.
970 2919 1023 2958 21
1058 2915 1322 2971 disposuisti
1353 2914 1424 2958 ed.
1547 2918 1603 2957 22
1643 2913 1832 2957 dicendo
1863 2913 1926 2956 ad

237 2975 346 3018 haec
377 2988 464 3017 om.
491 2974 561 3018 ed.
685 2978 740 3017 25
771 2987 874 3031 erqo
898 2972 939 3016 V
969 2975 1072 3030 ipsa
1104 2974 1175 3018 ed.
1298 2978 1351 3017 27
1385 2978 1536 3030 aperte
1567 2971 1638 3017 ed.
1676 2972 1679 3030 Ι
1723 2972 1860 3016 diluit
1882 2971 1924 3014 V

239 3033 386 3077 doluit
415 3033 486 3076 ed.

1955 1037 1998 1070 10

1957 1407 1998 1441 15

1957 1779 2000 1812 20

1956 2147 1999 2180 25
