2078 3260
236 142 343 196 628
707 138 941 184 DONATI
970 138 1036 183 IN
1039 139 1252 184 TERPR.
1277 138 1457 184 VERG.

235 281 398 335 entem
437 295 590 341 quam
628 295 855 328 securum
892 294 1090 328 movere
1121 277 1398 326 formidine.
1449 277 1733 328 minabatur
1765 282 1933 328 autem

234 353 462 418 singulis,
485 353 529 402 si
553 353 734 415 aliquis
759 353 985 400 Turnum
1016 351 1185 416 gladio
1211 354 1474 400 conaretur
1494 354 1752 402 instruere.
1797 354 1931 416 quod

234 429 309 476 ait
337 428 564 490 increpat
594 442 709 476 suos
735 427 955 487 Turnus,
985 442 1085 475 non
1117 426 1425 490 obiurgantis
1457 427 1578 490 fuit3
1609 443 1770 490 neque
1801 427 1933 475 enim

231 502 462 550 laesurus
493 502 659 550 fuerat
697 516 780 548 eos
814 516 1026 563 quorum
1061 500 1115 548 in
1146 501 1302 549 tantis
1339 501 1586 564 angustiis
1617 501 1933 550 desiderabat

233 575 497 637 auxilium,
537 575 623 624 sed
653 574 868 624 vocabat
905 575 1041 622 clara
1078 590 1198 623 voce
1228 575 1322 623 hoc
1357 575 1519 623 solum
1555 576 1932 639 reprehendens,
1985 587 2005 620 5

234 651 370 714 quod
405 649 513 713 regi
558 664 645 697 suo
693 664 792 697 non
839 648 1171 698 subvenirent.
1248 664 1406 711 usque
1458 649 1579 698 adeo
1626 651 1761 699 clara
1809 651 1932 698 haec

232 740 351 774 voce
401 723 618 785 dicebat,
668 725 728 771 ut
775 724 908 771 hunc
957 738 1165 785 sequens
1215 722 1410 771 Aeneas
1460 723 1668 773 audiret.
1723 725 1932 785 quinque

181 799 185 802 “
231 799 362 847 orbis
409 798 598 858 emplent
642 811 790 845 cursu
837 797 1120 857 totidemque
1163 800 1406 846 reteaeimt:
1454 800 1669 846 retexere
1716 800 1792 847 est
1835 800 1932 846 iter

231 875 289 921 ut
327 888 427 934 qua
463 871 593 920 itum
623 874 698 920 est
726 871 839 934 ipsa
876 872 1020 934 parte
1058 871 1302 920 redeatur.
1355 872 1449 919 hue
1484 872 1628 931 illue,·
1664 872 1762 920 fuit
1799 872 1931 920 enim

233 962 521 1008 camporum
543 945 764 1008 spatium
795 961 894 1008 quo
919 945 1115 1008 fugiens
1145 946 1243 994 huc
1270 947 1422 1007 atque
1445 946 1568 994 illuc
1599 946 1930 995 contenderet.
1963 958 2005 990 10

230 1021 332 1069 tale
371 1022 447 1069 est
484 1020 633 1082 quale
673 1035 827 1083 supra
865 1013 1022 1086 (753)
1071 1019 1238 1081 „mille
1278 1020 1411 1084 fugit
1448 1020 1730 1084 refugitque
1768 1019 1929 1069 vias“.

231 1096 493 1158 poetarum
531 1096 607 1142 est
644 1095 776 1142 enim
815 1109 1176 1156 quemcumque
1214 1110 1475 1142 numerum
1512 1110 1716 1157 ponere,
1753 1096 1813 1143 ut
1850 1093 1931 1142 de-

232 1169 435 1232 scriptio
474 1169 778 1230 conpleatur.
834 1170 1050 1217 ceterum
1083 1170 1196 1230 quis
1234 1169 1438 1217 illorum
1474 1169 1644 1231 potuit
1673 1184 1932 1216 numerare

232 1243 506 1304 discursus,
554 1258 665 1290 cum
710 1243 884 1306 fugam
922 1242 1117 1295 Turnus
1164 1245 1357 1305 peteret
1402 1244 1452 1290 et
1487 1243 1681 1292 Aeneas
1729 1258 1930 1305 conpre-

230 1317 442 1366 hendere
480 1317 726 1369 niteretur
762 1315 1083 1365 instabilem?
1122 1331 1273 1378 neque
1308 1317 1436 1365 enim
1467 1317 1594 1365 levia
1624 1321 1711 1365 aut
1741 1317 1933 1365 ludicra
1963 1325 2005 1359 1⁵

129 1400 213 1441 765
224 1395 459 1453 petuntur
489 1392 738 1451 praemia,
789 1391 874 1439 sed
914 1392 1074 1438 Turni
1119 1391 1177 1439 de
1222 1393 1324 1440 vita
1370 1394 1414 1438 et
1449 1392 1689 1452 sanquine
1727 1394 1933 1439 certant:

230 1466 284 1514 in
331 1466 490 1513 Turni
528 1465 809 1513 discrimine
863 1466 1013 1527 atque
1060 1465 1278 1514 evidenti
1317 1465 1465 1514 exitio
1503 1465 1795 1528 reprehendi
1832 1480 1932 1513 non

231 1541 431 1603 poterat
453 1540 738 1602 procuratio
763 1554 931 1587 morae
954 1556 1044 1601 per
1066 1539 1263 1602 fugam3
1295 1541 1495 1588 tantum
1527 1540 1655 1588 enim
1685 1541 1738 1586 in
1768 1539 1931 1588 medio

231 1614 426 1663 timoris
465 1616 762 1676 tantumque
801 1613 1010 1675 periculi
1040 1613 1159 1674 fuit,
1198 1614 1334 1675 quod
1365 1614 1574 1676 optabat
1605 1614 1812 1662 evadere
1845 1612 1932 1675 qui

231 1690 398 1737 vivere
437 1687 685 1750 cupiebat.
747 1687 989 1751 agebatur
1027 1688 1159 1735 enim
1197 1703 1296 1736 non
1335 1687 1581 1736 ludicrum
1619 1687 1813 1749 aliquid
1850 1688 1932 1736 vel
1962 1697 2006 1729 20

231 1762 475 1824 ioculare,
530 1762 615 1810 sed
667 1762 802 1824 quod
851 1761 1003 1810 Turni
1059 1761 1216 1810 vitam
1267 1764 1486 1810 servaret
1536 1764 1624 1809 aut
1672 1763 1930 1823 premeret.

231 1838 354 1896 forte
383 1851 522 1885 sacer
550 1837 732 1884 Fauno
762 1836 897 1895 foliis
927 1836 1130 1884 oleaster
1161 1836 1348 1884 amaris
1378 1836 1454 1883 hic
1483 1839 1699 1883 steterat:
1737 1837 1790 1883 in
1826 1835 1932 1896 illo,

231 1910 418 1972 inquit,
465 1911 572 1959 loco
612 1911 665 1957 in
705 1926 802 1972 quo
841 1910 964 1958 haec
1002 1910 1301 1973 gerebantur
1346 1911 1558 1958 oleaster
1596 1911 1803 1958 steterat
1842 1909 1931 1957 ali-

234 1984 434 2047 quando
468 2000 525 2032 ac
556 2001 645 2047 per
674 1984 767 2031 hoc
797 1986 917 2036 tunc
948 2000 1047 2032 non
1080 1984 1247 2032 stabat
1285 1999 1396 2031 cum
1426 1984 1759 2047 pugnabatur.
1810 1984 1931 2031 haec

234 2058 381 2107 arbor
408 2059 514 2106 sola
546 2058 749 2120 quidem
779 2058 878 2106 fuit
907 2059 961 2106 in
993 2073 1181 2121 campo,
1214 2058 1298 2106 sed
1330 2073 1428 2105 non
1461 2059 1565 2107 sine
1601 2058 1680 2105 dei
1710 2058 1931 2119 nomine3
1961 2066 2004 2099 25

233 2148 351 2181 nam
391 2135 675 2180 consecrata
706 2132 877 2181 Fauno
911 2131 1187 2193 colebatur,
1227 2132 1317 2181 deo
1355 2132 1542 2181 scilicet
1574 2131 1660 2194 qui
1691 2134 1819 2180 esset
1855 2131 1930 2179 in-

234 2207 428 2271 digena.
481 2207 648 2254 nautis
687 2207 801 2253 olim
838 2207 1111 2254 venerabile
1150 2207 1359 2267 liquam:
1409 2207 1550 2267 olim,
1599 2206 1653 2253 id
1699 2207 1774 2254 est
1820 2221 1931 2253 cum

234 2283 391 2330 staret
429 2282 480 2328 et
518 2279 755 2342 quamdiu
794 2281 948 2328 stetit.
1003 2281 1184 2328 servati
1222 2295 1278 2328 ex
1315 2281 1465 2328 undis
1502 2281 1587 2328 ubi
1624 2281 1771 2340 fiyere
1801 2280 1931 2327 dona

232 2355 450 2403 solebant
486 2354 729 2402 Laurenti
767 2354 876 2402 divo
917 2358 960 2401 et
995 2357 1132 2403 votas
1179 2355 1471 2414 suspendere
1508 2357 1683 2402 vestes:
1731 2354 1931 2402 tantum

232 2428 311 2476 illi
349 2428 515 2476 arbori
554 2427 867 2476 deferebatur
898 2428 959 2475 ob
991 2429 1228 2476 honorem
1261 2428 1379 2477 civis
1413 2431 1463 2476 et
1501 2425 1602 2489 dei,
1640 2429 1700 2475 ut
1729 2427 1930 2476 reduces
1962 2437 2006 2470 30

233 2506 417 2551 nautae
462 2503 568 2550 illic
614 2503 837 2550 servatae
878 2502 1055 2550 salutis
1103 2504 1220 2551 vota
1266 2503 1603 2564 persolverent
1649 2504 1699 2549 et
1743 2501 1929 2549 indices

132 2584 217 2623 770
235 2576 512 2625 devotionis
537 2592 655 2625 suae
679 2576 1033 2637 suspenderent
1056 2579 1230 2624 vestes.
1270 2577 1355 2624 sed
1377 2577 1575 2635 stirpem
1601 2576 1775 2623 Teucri
1796 2575 1930 2622 nullo

234 2651 513 2698 discrimine
550 2665 746 2698 sacrum
791 2650 1108 2706 sustulerant,
1153 2665 1282 2709 puro
1324 2654 1377 2700 ut
1405 2653 1606 2709 possent
1651 2662 1931 2697 concurrere

354 2782 379 2820 6
419 2791 559 2832 usque
594 2776 635 2819 V
674 2782 716 2821 et
747 2790 791 2820 u.
827 2776 896 2819 ed.
951 2776 955 2833 1¹
1003 2777 1089 2819 hac
1119 2776 1161 2819 V
1199 2777 1307 2820 haee
1346 2776 1416 2820 ed.
1541 2780 1594 2818 11
1627 2776 1779 2831 fuyire
1808 2774 1931 2830 fuyit

234 2835 487 2893 refugitque
510 2835 565 2878 V.
668 2840 722 2878 14
753 2841 806 2879 ut
828 2837 1010 2879 Aeneas
1041 2835 1111 2878 ed.
1210 2840 1264 2878 22
1297 2836 1460 2879 Fauni
1491 2834 1561 2878 ed.
1656 2838 1709 2877 25
1742 2835 1929 2877 numine

237 2895 307 2938 ed.
341 2895 538 2938 fortasse
568 2895 705 2938 recte.
830 2899 885 2938 26
918 2895 1300 2951 deo—indiyena
1332 2908 1419 2938 om.
1450 2894 1521 2938 ed.
1644 2897 1699 2936 30
1739 2893 1850 2936 civis
1889 2897 1929 2936 et

236 2954 309 2997 dei
333 2953 375 2996 V
400 2953 487 2997 edI
520 2955 617 2998 eius
648 2954 721 2997 dei
753 2953 868 2996 edF.
