<?xml version="1.0" encoding="UTF-8"?>
<!DOCTYPE html PUBLIC "-//W3C//DTD XHTML 1.0 Transitional//EN"
    "http://www.w3.org/TR/xhtml1/DTD/xhtml1-transitional.dtd">
<html xmlns="http://www.w3.org/1999/xhtml" xml:lang="en" lang="en">
 <head>
  <title>
</title>
<meta http-equiv="Content-Type" content="text/html;charset=utf-8" />
  <meta name='ocr-system' content='tesseract 3.04.00' />
  <meta name='ocr-capabilities' content='ocr_page ocr_carea ocr_par ocr_line ocrx_word'/>
</head>
<body>
  <div class='ocr_page' id='page_1' title='image "./interpretationes02donauoft_0192.png"; bbox 0 0 2050 3226; ppageno 0'>
   <div class='ocr_carea' id='block_1_1' title="bbox 228 116 1444 172">
    <p class='ocr_par' dir='ltr' id='par_1_1' title="bbox 228 116 1444 172">
     <span class='ocr_line' id='line_1_1' title="bbox 228 116 1444 172; baseline -0.007 0"><span class='ocrx_word' id='word_1_1' title='bbox 228 119 332 172; x_wconf 85' lang='grc'>188</span> <span class='ocrx_word' id='word_1_2' title='bbox 697 116 932 162; x_wconf 87' lang='lat' dir='ltr'><strong>DONATI</strong></span> <span class='ocrx_word' id='word_1_3' title='bbox 959 117 1240 162; x_wconf 84' lang='lat' dir='ltr'><strong>INTERPR.</strong></span> <span class='ocrx_word' id='word_1_4' title='bbox 1264 117 1444 163; x_wconf 84' lang='lat' dir='ltr'><strong>VERG.</strong></span> 
     </span>
    </p>
   </div>
   <div class='ocr_carea' id='block_1_2' title="bbox 149 257 2016 2539">
    <p class='ocr_par' dir='ltr' id='par_1_2' title="bbox 222 257 1986 691">
     <span class='ocr_line' id='line_1_2' title="bbox 223 257 1914 323; baseline 0.002 -18"><span class='ocrx_word' id='word_1_5' title='bbox 223 257 403 305; x_wconf 89' lang='lat' dir='ltr'>habuit</span> <span class='ocrx_word' id='word_1_6' title='bbox 449 258 538 305; x_wconf 90' lang='lat' dir='ltr'>aut</span> <span class='ocrx_word' id='word_1_7' title='bbox 581 257 762 306; x_wconf 89' lang='lat' dir='ltr'>habere</span> <span class='ocrx_word' id='word_1_8' title='bbox 809 257 996 320; x_wconf 83' lang='lat' dir='ltr'>potuit3</span> <span class='ocrx_word' id='word_1_9' title='bbox 1043 257 1130 307; x_wconf 91' lang='lat' dir='ltr'>sed</span> <span class='ocrx_word' id='word_1_10' title='bbox 1169 257 1336 308; x_wconf 87' lang='lat' dir='ltr'>ambas</span> <span class='ocrx_word' id='word_1_11' title='bbox 1377 258 1527 307; x_wconf 78' lang='lat' dir='ltr'>s&#39;imul</span> <span class='ocrx_word' id='word_1_12' title='bbox 1565 259 1740 321; x_wconf 85' lang='lat' dir='ltr'>erexit,</span> <span class='ocrx_word' id='word_1_13' title='bbox 1780 259 1914 323; x_wconf 89' lang='lat' dir='ltr'>quod</span> 
     </span>
     <span class='ocr_line' id='line_1_3' title="bbox 223 330 1916 396; baseline 0.002 -17"><span class='ocrx_word' id='word_1_14' title='bbox 223 331 322 379; x_wconf 88' lang='lat' dir='ltr'>fuit</span> <span class='ocrx_word' id='word_1_15' title='bbox 368 330 567 395; x_wconf 90' lang='lat' dir='ltr'>signum</span> <span class='ocrx_word' id='word_1_16' title='bbox 611 332 754 394; x_wconf 92' lang='lat' dir='ltr'>plene</span> <span class='ocrx_word' id='word_1_17' title='bbox 802 331 995 396; x_wconf 86' lang='lat' dir='ltr'>agentis</span> <span class='ocrx_word' id='word_1_18' title='bbox 1042 333 1246 396; x_wconf 76' lang='lat' dir='ltr'>gratias,</span> <span class='ocrx_word' id='word_1_19' title='bbox 1325 335 1369 380; x_wconf 89' lang='lat' dir='ltr'>et</span> <span class='ocrx_word' id='word_1_20' title='bbox 1412 333 1502 380; x_wconf 77' lang='lat' dir='ltr'>tali</span> <span class='ocrx_word' id='word_1_21' title='bbox 1545 334 1808 394; x_wconf 73' lang='lat' dir='ltr'>fnyientem</span> <span class='ocrx_word' id='word_1_22' title='bbox 1845 337 1916 382; x_wconf 86' lang='lat' dir='ltr'>est</span> 
     </span>
     <span class='ocr_line' id='line_1_4' title="bbox 223 405 1914 469; baseline 0.001 -16"><span class='ocrx_word' id='word_1_23' title='bbox 223 419 334 453; x_wconf 80' lang='lat' dir='ltr'>voce</span> <span class='ocrx_word' id='word_1_24' title='bbox 378 409 592 453; x_wconf 77' lang='lat' dir='ltr'>secutus:</span> <span class='ocrx_word' id='word_1_25' title='bbox 646 421 702 454; x_wconf 91' lang='lat' dir='ltr'>eo</span> <span class='ocrx_word' id='word_1_26' title='bbox 747 405 883 454; x_wconf 88' lang='lat' dir='ltr'>istud</span> <span class='ocrx_word' id='word_1_27' title='bbox 933 407 1171 468; x_wconf 86' lang='lat' dir='ltr'>pertinet,</span> <span class='ocrx_word' id='word_1_28' title='bbox 1224 407 1282 453; x_wconf 94' lang='lat' dir='ltr'>ut</span> <span class='ocrx_word' id='word_1_29' title='bbox 1327 405 1557 455; x_wconf 85' lang='lat' dir='ltr'>ostendat</span> <span class='ocrx_word' id='word_1_30' title='bbox 1603 408 1914 469; x_wconf 74' lang='lat' dir='ltr'>repentinam</span> 
     </span>
     <span class='ocr_line' id='line_1_5' title="bbox 222 479 1914 544; baseline 0.001 -17"><span class='ocrx_word' id='word_1_31' title='bbox 222 495 440 541; x_wconf 81' lang='lat' dir='ltr'>precem,</span> <span class='ocrx_word' id='word_1_32' title='bbox 490 495 590 527; x_wconf 91' lang='lat' dir='ltr'>non</span> <span class='ocrx_word' id='word_1_33' title='bbox 634 479 957 528; x_wconf 88' lang='lat' dir='ltr'>meditatione</span> <span class='ocrx_word' id='word_1_34' title='bbox 1005 480 1277 528; x_wconf 70' lang='lat' dir='ltr'>collectam.</span> <span class='ocrx_word' id='word_1_35' title='bbox 1361 481 1573 544; x_wconf 89' lang='lat' dir='ltr'>denique</span> <span class='ocrx_word' id='word_1_36' title='bbox 1623 483 1768 530; x_wconf 88' lang='lat' dir='ltr'>tanta</span> <span class='ocrx_word' id='word_1_37' title='bbox 1816 481 1914 529; x_wconf 81' lang='lat' dir='ltr'>fuit</span> 
     </span>
     <span class='ocr_line' id='line_1_6' title="bbox 224 553 1986 617; baseline -0.001 -15"><span class='ocrx_word' id='word_1_38' title='bbox 224 553 451 602; x_wconf 88' lang='lat' dir='ltr'>celeritas</span> <span class='ocrx_word' id='word_1_39' title='bbox 491 553 779 602; x_wconf 73' lang='lat' dir='ltr'>subsecutae</span> <span class='ocrx_word' id='word_1_40' title='bbox 811 553 968 615; x_wconf 86' lang='lat' dir='ltr'>vocis,</span> <span class='ocrx_word' id='word_1_41' title='bbox 1007 555 1064 601; x_wconf 90' lang='lat' dir='ltr'>ut</span> <span class='ocrx_word' id='word_1_42' title='bbox 1095 554 1334 617; x_wconf 86' lang='lat' dir='ltr'>fugientis</span> <span class='ocrx_word' id='word_1_43' title='bbox 1374 554 1675 616; x_wconf 87' lang='lat' dir='ltr'>abscessum,</span> <span class='ocrx_word' id='word_1_44' title='bbox 1713 556 1807 603; x_wconf 89' lang='lat' dir='ltr'>hoc</span> <span class='ocrx_word' id='word_1_45' title='bbox 1839 557 1915 604; x_wconf 86' lang='lat' dir='ltr'>est</span> <span class='ocrx_word' id='word_1_46' title='bbox 1967 568 1986 601; x_wconf 74' lang='grc' dir='ltr'>ε</span> 
     </span>
     <span class='ocr_line' id='line_1_7' title="bbox 224 627 1915 691; baseline 0 -15"><span class='ocrx_word' id='word_1_47' title='bbox 224 627 446 676; x_wconf 84' lang='lat' dir='ltr'>celeriter</span> <span class='ocrx_word' id='word_1_48' title='bbox 482 627 776 689; x_wconf 88' lang='lat' dir='ltr'>recedentis,</span> <span class='ocrx_word' id='word_1_49' title='bbox 815 643 910 675; x_wconf 81' lang='lat' dir='ltr'>vox</span> <span class='ocrx_word' id='word_1_50' title='bbox 948 627 1184 690; x_wconf 88' lang='lat' dir='ltr'>supplicis</span> <span class='ocrx_word' id='word_1_51' title='bbox 1216 628 1395 677; x_wconf 85' lang='lat' dir='ltr'>fuisset</span> <span class='ocrx_word' id='word_1_52' title='bbox 1425 628 1702 677; x_wconf 88' lang='lat' dir='ltr'>subsecuta.</span> <span class='ocrx_word' id='word_1_53' title='bbox 1764 645 1915 691; x_wconf 84' lang='lat' dir='ltr'>quam</span> 
     </span>
    </p>

    <p class='ocr_par' dir='ltr' id='par_1_3' title="bbox 159 701 2016 2098">
     <span class='ocr_line' id='line_1_8' title="bbox 159 701 1913 766; baseline 0.001 -17"><span class='ocrx_word' id='word_1_54' title='bbox 159 740 163 743; x_wconf 91' lang='lat'><em>.</em></span> <span class='ocrx_word' id='word_1_55' title='bbox 222 702 443 750; x_wconf 89' lang='lat' dir='ltr'>iucunda</span> <span class='ocrx_word' id='word_1_56' title='bbox 483 704 651 750; x_wconf 89' lang='lat' dir='ltr'>autem</span> <span class='ocrx_word' id='word_1_57' title='bbox 691 701 967 765; x_wconf 88' lang='lat' dir='ltr'>gratiarum</span> <span class='ocrx_word' id='word_1_58' title='bbox 1006 701 1136 750; x_wconf 90' lang='lat' dir='ltr'>actio</span> <span class='ocrx_word' id='word_1_59' title='bbox 1177 704 1274 764; x_wconf 89' lang='lat' dir='ltr'>est,</span> <span class='ocrx_word' id='word_1_60' title='bbox 1315 702 1512 766; x_wconf 88' lang='lat' dir='ltr'>quando</span> <span class='ocrx_word' id='word_1_61' title='bbox 1551 703 1647 752; x_wconf 88' lang='lat' dir='ltr'>Iris</span> <span class='ocrx_word' id='word_1_62' title='bbox 1688 705 1803 751; x_wconf 86' lang='lat' dir='ltr'>ante</span> <span class='ocrx_word' id='word_1_63' title='bbox 1842 704 1913 751; x_wconf 88' lang='lat' dir='ltr'>in-</span> 
     </span>
     <span class='ocr_line' id='line_1_9' title="bbox 224 774 1915 840; baseline 0.001 -16"><span class='ocrx_word' id='word_1_64' title='bbox 224 776 362 824; x_wconf 85' lang='lat' dir='ltr'>venit</span> <span class='ocrx_word' id='word_1_65' title='bbox 401 774 487 838; x_wconf 91' lang='lat' dir='ltr'>qui</span> <span class='ocrx_word' id='word_1_66' title='bbox 533 776 723 839; x_wconf 83' lang='lat' dir='ltr'>gratias</span> <span class='ocrx_word' id='word_1_67' title='bbox 771 778 941 839; x_wconf 88' lang='lat' dir='ltr'>ageret</span> <span class='ocrx_word' id='word_1_68' title='bbox 987 791 1138 838; x_wconf 89' lang='lat' dir='ltr'>quam</span> <span class='ocrx_word' id='word_1_69' title='bbox 1182 775 1294 838; x_wconf 90' lang='lat' dir='ltr'>ipsa</span> <span class='ocrx_word' id='word_1_70' title='bbox 1341 776 1404 825; x_wconf 89' lang='lat' dir='ltr'>ad</span> <span class='ocrx_word' id='word_1_71' title='bbox 1449 776 1614 825; x_wconf 89' lang='lat' dir='ltr'>sedem</span> <span class='ocrx_word' id='word_1_72' title='bbox 1659 777 1915 840; x_wconf 88' lang='lat' dir='ltr'>propriam</span> 
     </span>
     <span class='ocr_line' id='line_1_10' title="bbox 222 850 1914 914; baseline 0.002 -18"><span class='ocrx_word' id='word_1_73' title='bbox 222 850 444 898; x_wconf 83' lang='lat' dir='ltr'>revenire</span> <span class='ocrx_word' id='word_1_74' title='bbox 482 850 750 911; x_wconf 79' lang='lat' dir='ltr'>potuisset!</span> <span class='ocrx_word' id='word_1_75' title='bbox 818 850 917 906; x_wconf 72' lang='lat' dir='ltr'>Iri,</span> <span class='ocrx_word' id='word_1_76' title='bbox 959 850 1104 898; x_wconf 78' lang='lat' dir='ltr'>decus</span> <span class='ocrx_word' id='word_1_77' title='bbox 1143 851 1287 898; x_wconf 71' lang='lat' dir='ltr'>eaeh‘:</span> <span class='ocrx_word' id='word_1_78' title='bbox 1323 850 1377 898; x_wconf 88' lang='lat' dir='ltr'>in</span> <span class='ocrx_word' id='word_1_79' title='bbox 1414 850 1659 899; x_wconf 87' lang='lat' dir='ltr'>brevitate</span> <span class='ocrx_word' id='word_1_80' title='bbox 1696 852 1796 900; x_wconf 89' lang='lat' dir='ltr'>ista</span> <span class='ocrx_word' id='word_1_81' title='bbox 1825 868 1914 914; x_wconf 90' lang='lat' dir='ltr'>pu-</span> 
     </span>
     <span class='ocr_line' id='line_1_11' title="bbox 222 923 1990 987; baseline 0.001 -16"><span class='ocrx_word' id='word_1_82' title='bbox 222 925 386 972; x_wconf 87' lang='lat' dir='ltr'>tamus</span> <span class='ocrx_word' id='word_1_83' title='bbox 434 924 669 987; x_wconf 85' lang='lat' dir='ltr'>exiguum</span> <span class='ocrx_word' id='word_1_84' title='bbox 708 923 826 986; x_wconf 89' lang='lat' dir='ltr'>quid</span> <span class='ocrx_word' id='word_1_85' title='bbox 867 924 925 971; x_wconf 91' lang='lat' dir='ltr'>de</span> <span class='ocrx_word' id='word_1_86' title='bbox 963 924 1057 972; x_wconf 89' lang='lat' dir='ltr'>Iris</span> <span class='ocrx_word' id='word_1_87' title='bbox 1109 924 1342 973; x_wconf 81' lang='lat' dir='ltr'>laudibus</span> <span class='ocrx_word' id='word_1_88' title='bbox 1389 924 1597 986; x_wconf 83' lang='lat' dir='ltr'>dictum,</span> <span class='ocrx_word' id='word_1_89' title='bbox 1653 941 1767 973; x_wconf 88' lang='lat' dir='ltr'>cum</span> <span class='ocrx_word' id='word_1_90' title='bbox 1816 926 1917 973; x_wconf 87' lang='lat' dir='ltr'>sint</span> <span class='ocrx_word' id='word_1_91' title='bbox 1946 941 1990 972; x_wconf 85' lang='grc' dir='ltr'>ιο</span> 
     </span>
     <span class='ocr_line' id='line_1_12' title="bbox 223 998 1916 1061; baseline 0.002 -17"><span class='ocrx_word' id='word_1_92' title='bbox 223 998 398 1060; x_wconf 87' lang='lat' dir='ltr'>plenae</span> <span class='ocrx_word' id='word_1_93' title='bbox 452 999 502 1045; x_wconf 91' lang='lat' dir='ltr'>et</span> <span class='ocrx_word' id='word_1_94' title='bbox 554 1013 684 1046; x_wconf 84' lang='lat' dir='ltr'>novo</span> <span class='ocrx_word' id='word_1_95' title='bbox 739 1013 914 1060; x_wconf 89' lang='lat' dir='ltr'>genere</span> <span class='ocrx_word' id='word_1_96' title='bbox 976 998 1360 1059; x_wconf 87' lang='lat' dir='ltr'>praedicationis</span> <span class='ocrx_word' id='word_1_97' title='bbox 1415 1014 1694 1061; x_wconf 70' lang='lat' dir='ltr'>expressae,</span> <span class='ocrx_word' id='word_1_98' title='bbox 1754 998 1916 1048; x_wconf 84' lang='lat' dir='ltr'>voluit</span> 
     </span>
     <span class='ocr_line' id='line_1_13' title="bbox 223 1070 1914 1136; baseline 0.001 -18"><span class='ocrx_word' id='word_1_99' title='bbox 223 1072 356 1119; x_wconf 90' lang='lat' dir='ltr'>enim</span> <span class='ocrx_word' id='word_1_100' title='bbox 395 1070 595 1119; x_wconf 87' lang='lat' dir='ltr'>definire</span> <span class='ocrx_word' id='word_1_101' title='bbox 634 1073 687 1119; x_wconf 92' lang='lat' dir='ltr'>in</span> <span class='ocrx_word' id='word_1_102' title='bbox 726 1071 872 1119; x_wconf 85' lang='lat' dir='ltr'>laude</span> <span class='ocrx_word' id='word_1_103' title='bbox 911 1073 1021 1134; x_wconf 88' lang='lat' dir='ltr'>ipsa</span> <span class='ocrx_word' id='word_1_104' title='bbox 1061 1072 1157 1120; x_wconf 91' lang='lat' dir='ltr'>Iris</span> <span class='ocrx_word' id='word_1_105' title='bbox 1199 1073 1321 1135; x_wconf 89' lang='lat' dir='ltr'>quid</span> <span class='ocrx_word' id='word_1_106' title='bbox 1358 1071 1426 1121; x_wconf 91' lang='lat' dir='ltr'>sit</span> <span class='ocrx_word' id='word_1_107' title='bbox 1464 1075 1514 1121; x_wconf 86' lang='lat' dir='ltr'>et</span> <span class='ocrx_word' id='word_1_108' title='bbox 1550 1073 1605 1121; x_wconf 91' lang='lat' dir='ltr'>in</span> <span class='ocrx_word' id='word_1_109' title='bbox 1649 1073 1761 1136; x_wconf 91' lang='lat' dir='ltr'>ipsa</span> <span class='ocrx_word' id='word_1_110' title='bbox 1800 1073 1914 1121; x_wconf 91' lang='lat' dir='ltr'>defi·</span> 
     </span>
     <span class='ocr_line' id='line_1_14' title="bbox 223 1145 1914 1210; baseline 0.002 -18"><span class='ocrx_word' id='word_1_111' title='bbox 223 1145 411 1193; x_wconf 88' lang='lat' dir='ltr'>nitione</span> <span class='ocrx_word' id='word_1_112' title='bbox 461 1147 623 1194; x_wconf 91' lang='lat' dir='ltr'>totam</span> <span class='ocrx_word' id='word_1_113' title='bbox 673 1146 938 1207; x_wconf 82' lang='lat' dir='ltr'>conplexus</span> <span class='ocrx_word' id='word_1_114' title='bbox 990 1147 1066 1194; x_wconf 89' lang='lat' dir='ltr'>est</span> <span class='ocrx_word' id='word_1_115' title='bbox 1102 1146 1323 1208; x_wconf 89' lang='lat' dir='ltr'>laudem,</span> <span class='ocrx_word' id='word_1_116' title='bbox 1361 1146 1479 1209; x_wconf 88' lang='lat' dir='ltr'>Iris,</span> <span class='ocrx_word' id='word_1_117' title='bbox 1528 1147 1716 1210; x_wconf 89' lang='lat' dir='ltr'>inquit,</span> <span class='ocrx_word' id='word_1_118' title='bbox 1766 1146 1914 1196; x_wconf 89' lang='lat' dir='ltr'>decus</span> 
     </span>
     <span class='ocr_line' id='line_1_15' title="bbox 224 1219 1914 1283; baseline 0.002 -16"><span class='ocrx_word' id='word_1_119' title='bbox 224 1219 361 1268; x_wconf 89' lang='lat' dir='ltr'>caeli.</span> <span class='ocrx_word' id='word_1_120' title='bbox 446 1235 621 1268; x_wconf 89' lang='lat' dir='ltr'>ornare</span> <span class='ocrx_word' id='word_1_121' title='bbox 676 1220 869 1268; x_wconf 88' lang='lat' dir='ltr'>eaelum</span> <span class='ocrx_word' id='word_1_122' title='bbox 923 1219 1099 1282; x_wconf 90' lang='lat' dir='ltr'>quanti</span> <span class='ocrx_word' id='word_1_123' title='bbox 1154 1223 1230 1268; x_wconf 91' lang='lat' dir='ltr'>est</span> <span class='ocrx_word' id='word_1_124' title='bbox 1281 1221 1470 1282; x_wconf 90' lang='lat' dir='ltr'>meriti,</span> <span class='ocrx_word' id='word_1_125' title='bbox 1525 1221 1914 1283; x_wconf 86' lang='lat' dir='ltr'>pulchritudinis</span> 
     </span>
     <span class='ocr_line' id='line_1_16' title="bbox 224 1293 1988 1358; baseline 0.001 -17"><span class='ocrx_word' id='word_1_126' title='bbox 224 1295 462 1356; x_wconf 90' lang='lat' dir='ltr'>quantae,</span> <span class='ocrx_word' id='word_1_127' title='bbox 510 1293 599 1341; x_wconf 89' lang='lat' dir='ltr'>ubi</span> <span class='ocrx_word' id='word_1_128' title='bbox 635 1295 714 1341; x_wconf 86' lang='lat' dir='ltr'>tot</span> <span class='ocrx_word' id='word_1_129' title='bbox 758 1293 920 1342; x_wconf 89' lang='lat' dir='ltr'>sidera</span> <span class='ocrx_word' id='word_1_130' title='bbox 959 1309 1047 1342; x_wconf 90' lang='lat' dir='ltr'>suo</span> <span class='ocrx_word' id='word_1_131' title='bbox 1089 1310 1316 1358; x_wconf 86' lang='lat' dir='ltr'>quaeque</span> <span class='ocrx_word' id='word_1_132' title='bbox 1362 1295 1621 1357; x_wconf 92' lang='lat' dir='ltr'>splendore</span> <span class='ocrx_word' id='word_1_133' title='bbox 1666 1294 1916 1344; x_wconf 87' lang='lat' dir='ltr'>radiantia</span> <span class='ocrx_word' id='word_1_134' title='bbox 1945 1310 1988 1343; x_wconf 81' lang='lat'>15</span> 
     </span>
     <span class='ocr_line' id='line_1_17' title="bbox 223 1367 1916 1431; baseline 0.001 -16"><span class='ocrx_word' id='word_1_135' title='bbox 223 1369 402 1430; x_wconf 88' lang='lat' dir='ltr'>parent</span> <span class='ocrx_word' id='word_1_136' title='bbox 441 1367 554 1415; x_wconf 81' lang='lat' dir='ltr'>soli!</span> <span class='ocrx_word' id='word_1_137' title='bbox 607 1370 658 1415; x_wconf 89' lang='lat' dir='ltr'>et</span> <span class='ocrx_word' id='word_1_138' title='bbox 694 1369 885 1429; x_wconf 85' lang='lat' dir='ltr'>tamen,</span> <span class='ocrx_word' id='word_1_139' title='bbox 927 1383 1037 1415; x_wconf 89' lang='lat' dir='ltr'>cum</span> <span class='ocrx_word' id='word_1_140' title='bbox 1075 1367 1169 1417; x_wconf 92' lang='lat' dir='ltr'>Iris</span> <span class='ocrx_word' id='word_1_141' title='bbox 1209 1369 1451 1431; x_wconf 89' lang='lat' dir='ltr'>extiterit,</span> <span class='ocrx_word' id='word_1_142' title='bbox 1483 1369 1650 1418; x_wconf 89' lang='lat' dir='ltr'>omnia</span> <span class='ocrx_word' id='word_1_143' title='bbox 1680 1369 1771 1417; x_wconf 93' lang='lat' dir='ltr'>illa</span> <span class='ocrx_word' id='word_1_144' title='bbox 1803 1385 1916 1418; x_wconf 90' lang='lat' dir='ltr'>cum</span> 
     </span>
     <span class='ocr_line' id='line_1_18' title="bbox 221 1441 1915 1505; baseline 0.002 -17"><span class='ocrx_word' id='word_1_145' title='bbox 221 1441 331 1503; x_wconf 91' lang='lat' dir='ltr'>ipso</span> <span class='ocrx_word' id='word_1_146' title='bbox 372 1442 473 1489; x_wconf 87' lang='lat' dir='ltr'>sole</span> <span class='ocrx_word' id='word_1_147' title='bbox 512 1442 792 1489; x_wconf 84' lang='lat' dir='ltr'>vincuntur.</span> <span class='ocrx_word' id='word_1_148' title='bbox 869 1458 1027 1504; x_wconf 89' lang='lat' dir='ltr'>neque</span> <span class='ocrx_word' id='word_1_149' title='bbox 1067 1442 1197 1490; x_wconf 89' lang='lat' dir='ltr'>enim</span> <span class='ocrx_word' id='word_1_150' title='bbox 1243 1443 1534 1491; x_wconf 90' lang='lat' dir='ltr'>obscuratur</span> <span class='ocrx_word' id='word_1_151' title='bbox 1579 1443 1733 1492; x_wconf 88' lang='lat' dir='ltr'>radiis</span> <span class='ocrx_word' id='word_1_152' title='bbox 1781 1444 1915 1505; x_wconf 75' lang='lat' dir='ltr'>solie,</span> 
     </span>
     <span class='ocr_line' id='line_1_19' title="bbox 223 1514 1915 1582; baseline 0.002 -19"><span class='ocrx_word' id='word_1_153' title='bbox 223 1515 309 1563; x_wconf 90' lang='lat' dir='ltr'>sed</span> <span class='ocrx_word' id='word_1_154' title='bbox 348 1514 590 1564; x_wconf 89' lang='lat' dir='ltr'>coloribus</span> <span class='ocrx_word' id='word_1_155' title='bbox 623 1514 829 1564; x_wconf 87' lang='lat' dir='ltr'>diversis</span> <span class='ocrx_word' id='word_1_156' title='bbox 868 1516 1032 1580; x_wconf 82' lang='lat' dir='ltr'>pingit</span> <span class='ocrx_word' id='word_1_157' title='bbox 1070 1517 1262 1564; x_wconf 90' lang='lat' dir='ltr'>caelum</span> <span class='ocrx_word' id='word_1_158' title='bbox 1293 1518 1342 1564; x_wconf 92' lang='lat' dir='ltr'>et</span> <span class='ocrx_word' id='word_1_159' title='bbox 1371 1517 1536 1579; x_wconf 89' lang='lat' dir='ltr'>ipsum</span> <span class='ocrx_word' id='word_1_160' title='bbox 1566 1517 1719 1565; x_wconf 92' lang='lat' dir='ltr'>solem</span> <span class='ocrx_word' id='word_1_161' title='bbox 1752 1518 1915 1582; x_wconf 85' lang='lat' dir='ltr'>gratia</span> 
     </span>
     <span class='ocr_line' id='line_1_20' title="bbox 222 1589 1914 1653; baseline 0.002 -17"><span class='ocrx_word' id='word_1_162' title='bbox 222 1589 434 1653; x_wconf 88' lang='lat' dir='ltr'>fulgoris</span> <span class='ocrx_word' id='word_1_163' title='bbox 489 1592 738 1651; x_wconf 89' lang='lat' dir='ltr'>exuperat.</span> <span class='ocrx_word' id='word_1_164' title='bbox 829 1590 950 1637; x_wconf 89' lang='lat' dir='ltr'>haec</span> <span class='ocrx_word' id='word_1_165' title='bbox 1002 1607 1092 1652; x_wconf 92' lang='lat' dir='ltr'>pro</span> <span class='ocrx_word' id='word_1_166' title='bbox 1146 1591 1408 1639; x_wconf 81' lang='lat' dir='ltr'>voluntate</span> <span class='ocrx_word' id='word_1_167' title='bbox 1463 1591 1598 1639; x_wconf 88' lang='lat' dir='ltr'>dicta</span> <span class='ocrx_word' id='word_1_168' title='bbox 1652 1592 1754 1639; x_wconf 90' lang='lat' dir='ltr'>sint</span> <span class='ocrx_word' id='word_1_169' title='bbox 1807 1592 1914 1639; x_wconf 87' lang='lat' dir='ltr'>eius</span> 
     </span>
     <span class='ocr_line' id='line_1_21' title="bbox 223 1656 2016 1727; baseline 0.001 -16"><span class='ocrx_word' id='word_1_170' title='bbox 223 1664 313 1725; x_wconf 90' lang='lat' dir='ltr'>qui</span> <span class='ocrx_word' id='word_1_171' title='bbox 360 1663 541 1727; x_wconf 85' lang='lat' dir='ltr'>agebat</span> <span class='ocrx_word' id='word_1_172' title='bbox 586 1665 798 1727; x_wconf 87' lang='lat' dir='ltr'>gratias,</span> <span class='ocrx_word' id='word_1_173' title='bbox 848 1679 947 1711; x_wconf 90' lang='lat' dir='ltr'>non</span> <span class='ocrx_word' id='word_1_174' title='bbox 988 1680 1084 1726; x_wconf 92' lang='lat' dir='ltr'>quo</span> <span class='ocrx_word' id='word_1_175' title='bbox 1123 1680 1294 1713; x_wconf 87' lang='lat' dir='ltr'>revera</span> <span class='ocrx_word' id='word_1_176' title='bbox 1339 1665 1450 1727; x_wconf 91' lang='lat' dir='ltr'>ipsa</span> <span class='ocrx_word' id='word_1_177' title='bbox 1489 1666 1555 1713; x_wconf 91' lang='lat' dir='ltr'>sit</span> <span class='ocrx_word' id='word_1_178' title='bbox 1592 1666 1758 1727; x_wconf 88' lang='lat' dir='ltr'>potior</span> <span class='ocrx_word' id='word_1_179' title='bbox 1797 1665 1912 1713; x_wconf 88' lang='lat' dir='ltr'>sole.</span> <span class='ocrx_word' id='word_1_180' title='bbox 1945 1656 2016 1712; x_wconf 69' lang='lat'>20?</span> 
     </span>
     <span class='ocr_line' id='line_1_22' title="bbox 223 1737 1914 1802; baseline 0.002 -18"><span class='ocrx_word' id='word_1_181' title='bbox 223 1739 332 1796; x_wconf 78' lang='lat' dir='ltr'>quis</span> <span class='ocrx_word' id='word_1_182' title='bbox 370 1741 412 1784; x_wconf 89' lang='lat' dir='ltr'>te</span> <span class='ocrx_word' id='word_1_183' title='bbox 456 1737 576 1784; x_wconf 77' lang='lat' dir='ltr'>mihi</span> <span class='ocrx_word' id='word_1_184' title='bbox 620 1738 831 1786; x_wconf 80' lang='lat' dir='ltr'>nubibus</span> <span class='ocrx_word' id='word_1_185' title='bbox 882 1741 1042 1786; x_wconf 79' lang='lat' dir='ltr'>aetam</span> <span class='ocrx_word' id='word_1_186' title='bbox 1092 1738 1260 1786; x_wconf 77' lang='lat' dir='ltr'>detulit</span> <span class='ocrx_word' id='word_1_187' title='bbox 1310 1739 1365 1786; x_wconf 77' lang='lat' dir='ltr'>in</span> <span class='ocrx_word' id='word_1_188' title='bbox 1417 1740 1606 1787; x_wconf 74' lang='lat' dir='ltr'>terras?</span> <span class='ocrx_word' id='word_1_189' title='bbox 1660 1739 1914 1802; x_wconf 87' lang='lat' dir='ltr'>intellego,</span> 
     </span>
     <span class='ocr_line' id='line_1_23' title="bbox 222 1811 1914 1875; baseline 0.002 -17"><span class='ocrx_word' id='word_1_190' title='bbox 222 1811 407 1873; x_wconf 87' lang='lat' dir='ltr'>inquit,</span> <span class='ocrx_word' id='word_1_191' title='bbox 460 1811 675 1859; x_wconf 90' lang='lat' dir='ltr'>multum</span> <span class='ocrx_word' id='word_1_192' title='bbox 722 1827 799 1859; x_wconf 88' lang='lat' dir='ltr'>me</span> <span class='ocrx_word' id='word_1_193' title='bbox 849 1813 1085 1860; x_wconf 87' lang='lat' dir='ltr'>meruisse</span> <span class='ocrx_word' id='word_1_194' title='bbox 1138 1812 1195 1859; x_wconf 90' lang='lat' dir='ltr'>de</span> <span class='ocrx_word' id='word_1_195' title='bbox 1248 1812 1462 1874; x_wconf 87' lang='lat' dir='ltr'>superis,</span> <span class='ocrx_word' id='word_1_196' title='bbox 1514 1812 1647 1875; x_wconf 88' lang='lat' dir='ltr'>quod</span> <span class='ocrx_word' id='word_1_197' title='bbox 1698 1812 1914 1862; x_wconf 90' lang='lat' dir='ltr'>dimissis</span> 
     </span>
     <span class='ocr_line' id='line_1_24' title="bbox 222 1884 1916 1948; baseline 0.002 -17"><span class='ocrx_word' id='word_1_198' title='bbox 222 1884 507 1948; x_wconf 90' lang='lat' dir='ltr'>regionibus</span> <span class='ocrx_word' id='word_1_199' title='bbox 560 1884 685 1933; x_wconf 86' lang='lat' dir='ltr'>caeli</span> <span class='ocrx_word' id='word_1_200' title='bbox 731 1900 939 1947; x_wconf 88' lang='lat' dir='ltr'>quorum</span> <span class='ocrx_word' id='word_1_201' title='bbox 992 1901 1040 1934; x_wconf 93' lang='lat' dir='ltr'>es</span> <span class='ocrx_word' id='word_1_202' title='bbox 1093 1889 1439 1934; x_wconf 90' lang='lat' dir='ltr'>ornamentum</span> <span class='ocrx_word' id='word_1_203' title='bbox 1490 1887 1554 1935; x_wconf 91' lang='lat' dir='ltr'>ad</span> <span class='ocrx_word' id='word_1_204' title='bbox 1605 1889 1764 1935; x_wconf 88' lang='lat' dir='ltr'>terras</span> <span class='ocrx_word' id='word_1_205' title='bbox 1817 1887 1916 1935; x_wconf 90' lang='lat' dir='ltr'>mei</span> 
     </span>
     <span class='ocr_line' id='line_1_25' title="bbox 224 1960 1913 2021; baseline 0.002 -15"><span class='ocrx_word' id='word_1_206' title='bbox 224 1974 374 2007; x_wconf 89' lang='lat' dir='ltr'>causa</span> <span class='ocrx_word' id='word_1_207' title='bbox 404 1960 572 2007; x_wconf 86' lang='lat' dir='ltr'>venire</span> <span class='ocrx_word' id='word_1_208' title='bbox 611 1960 823 2021; x_wconf 85' lang='lat' dir='ltr'>potuisti</span> <span class='ocrx_word' id='word_1_209' title='bbox 862 1975 919 2007; x_wconf 91' lang='lat' dir='ltr'>ac</span> <span class='ocrx_word' id='word_1_210' title='bbox 957 1961 1056 2007; x_wconf 92' lang='lat' dir='ltr'>mei</span> <span class='ocrx_word' id='word_1_211' title='bbox 1088 1975 1239 2008; x_wconf 87' lang='lat' dir='ltr'>causa</span> <span class='ocrx_word' id='word_1_212' title='bbox 1270 1960 1474 2008; x_wconf 87' lang='lat' dir='ltr'>viduare</span> <span class='ocrx_word' id='word_1_213' title='bbox 1513 1961 1614 2009; x_wconf 90' lang='lat' dir='ltr'>tuis</span> <span class='ocrx_word' id='word_1_214' title='bbox 1655 1960 1913 2010; x_wconf 88' lang='lat' dir='ltr'>ornatibus</span> 
     </span>
     <span class='ocr_line' id='line_1_26' title="bbox 225 2031 1987 2098; baseline 0 -18"><span class='ocrx_word' id='word_1_215' title='bbox 225 2031 357 2095; x_wconf 88' lang='lat' dir='ltr'>quod</span> <span class='ocrx_word' id='word_1_216' title='bbox 396 2033 625 2081; x_wconf 89' lang='lat' dir='ltr'>decorare</span> <span class='ocrx_word' id='word_1_217' title='bbox 665 2033 932 2082; x_wconf 85' lang='lat' dir='ltr'>consuesti:</span> <span class='ocrx_word' id='word_1_218' title='bbox 988 2035 1098 2095; x_wconf 89' lang='lat' dir='ltr'>quis</span> <span class='ocrx_word' id='word_1_219' title='bbox 1149 2035 1243 2082; x_wconf 90' lang='lat' dir='ltr'>iste</span> <span class='ocrx_word' id='word_1_220' title='bbox 1291 2036 1366 2083; x_wconf 92' lang='lat' dir='ltr'>est</span> <span class='ocrx_word' id='word_1_221' title='bbox 1405 2034 1524 2084; x_wconf 88' lang='lat' dir='ltr'>deus</span> <span class='ocrx_word' id='word_1_222' title='bbox 1565 2051 1663 2098; x_wconf 90' lang='lat' dir='ltr'>quo</span> <span class='ocrx_word' id='word_1_223' title='bbox 1712 2038 1912 2083; x_wconf 88' lang='lat' dir='ltr'>auctore</span> <span class='ocrx_word' id='word_1_224' title='bbox 1945 2048 1987 2081; x_wconf 75' lang='lat'>25</span> 
     </span>
    </p>

    <p class='ocr_par' dir='ltr' id='par_1_4' title="bbox 149 2106 2012 2539">
     <span class='ocr_line' id='line_1_27' title="bbox 149 2106 1912 2168; baseline 0.003 -17"><span class='ocrx_word' id='word_1_225' title='bbox 149 2106 276 2154; x_wconf 81' lang='lat' dir='ltr'>20in</span> <span class='ocrx_word' id='word_1_226' title='bbox 319 2107 441 2154; x_wconf 89' lang='grc'><strong>11300</strong></span> <span class='ocrx_word' id='word_1_227' title='bbox 486 2107 596 2154; x_wconf 90' lang='grc'><strong>1003</strong></span> <span class='ocrx_word' id='word_1_228' title='bbox 636 2106 848 2155; x_wconf 76' lang='lat' dir='ltr'>venisti?</span> <span class='ocrx_word' id='word_1_229' title='bbox 923 2108 1053 2155; x_wconf 76' lang='lat' dir='ltr'>unde</span> <span class='ocrx_word' id='word_1_230' title='bbox 1090 2108 1206 2156; x_wconf 79' lang='lat' dir='ltr'>haee</span> <span class='ocrx_word' id='word_1_231' title='bbox 1243 2111 1344 2156; x_wconf 80' lang='lat' dir='ltr'>tam</span> <span class='ocrx_word' id='word_1_232' title='bbox 1382 2109 1520 2156; x_wconf 80' lang='lat' dir='ltr'>elara</span> <span class='ocrx_word' id='word_1_233' title='bbox 1560 2112 1750 2168; x_wconf 77' lang='lat' dir='ltr'>repente</span> <span class='ocrx_word' id='word_1_234' title='bbox 1799 2112 1912 2156; x_wconf 85' lang='lat' dir='ltr'>tem-</span> 
     </span>
     <span class='ocr_line' id='line_1_28' title="bbox 218 2180 2012 2251; baseline 0.002 -24"><span class='ocrx_word' id='word_1_235' title='bbox 218 2181 417 2240; x_wconf 75' lang='lat' dir='ltr'>pestas?</span> <span class='ocrx_word' id='word_1_236' title='bbox 462 2181 555 2227; x_wconf 91' lang='grc'><strong>1100</strong></span> <span class='ocrx_word' id='word_1_237' title='bbox 593 2180 695 2228; x_wconf 90' lang='lat' dir='ltr'>iam</span> <span class='ocrx_word' id='word_1_238' title='bbox 735 2181 798 2228; x_wconf 92' lang='lat' dir='ltr'>ad</span> <span class='ocrx_word' id='word_1_239' title='bbox 836 2181 956 2228; x_wconf 91' lang='lat' dir='ltr'>Irim</span> <span class='ocrx_word' id='word_1_240' title='bbox 995 2197 1095 2229; x_wconf 92' lang='lat' dir='ltr'>non</span> <span class='ocrx_word' id='word_1_241' title='bbox 1134 2183 1372 2245; x_wconf 81' lang='lat' dir='ltr'>pertinet3</span> <span class='ocrx_word' id='word_1_242' title='bbox 1420 2183 1646 2245; x_wconf 89' lang='lat' dir='ltr'>conplete</span> <span class='ocrx_word' id='word_1_243' title='bbox 1687 2182 1818 2230; x_wconf 89' lang='lat' dir='ltr'>enim</span> <span class='ocrx_word' id='word_1_244' title='bbox 1856 2198 1912 2230; x_wconf 94' lang='lat' dir='ltr'>eo</span> <span class='ocrx_word' id='word_1_245' title='bbox 2007 2195 2012 2251; x_wconf 66' lang='lat' dir='ltr'><strong>f</strong></span> 
     </span>
     <span class='ocr_line' id='line_1_29' title="bbox 224 2253 1911 2319; baseline 0.001 -18"><span class='ocrx_word' id='word_1_246' title='bbox 224 2254 359 2316; x_wconf 91' lang='lat' dir='ltr'>quod</span> <span class='ocrx_word' id='word_1_247' title='bbox 410 2253 472 2301; x_wconf 88' lang='lat' dir='ltr'>ad</span> <span class='ocrx_word' id='word_1_248' title='bbox 522 2255 685 2316; x_wconf 89' lang='lat' dir='ltr'>ipsam</span> <span class='ocrx_word' id='word_1_249' title='bbox 733 2255 1030 2317; x_wconf 84' lang='lat' dir='ltr'>loquebatur</span> <span class='ocrx_word' id='word_1_250' title='bbox 1079 2255 1335 2318; x_wconf 88' lang='lat' dir='ltr'>disputare</span> <span class='ocrx_word' id='word_1_251' title='bbox 1388 2256 1551 2319; x_wconf 90' lang='lat' dir='ltr'>coepit</span> <span class='ocrx_word' id='word_1_252' title='bbox 1600 2256 1659 2303; x_wconf 89' lang='lat' dir='ltr'>de</span> <span class='ocrx_word' id='word_1_253' title='bbox 1707 2255 1911 2304; x_wconf 88' lang='lat' dir='ltr'>diversis</span> 
     </span>
     <span class='ocr_line' id='line_1_30' title="bbox 222 2327 1912 2392; baseline 0.001 -16"><span class='ocrx_word' id='word_1_254' title='bbox 222 2327 441 2376; x_wconf 86' lang='lat' dir='ltr'>motibus</span> <span class='ocrx_word' id='word_1_255' title='bbox 481 2327 618 2375; x_wconf 88' lang='lat' dir='ltr'>caeli.</span> <span class='ocrx_word' id='word_1_256' title='bbox 694 2329 846 2389; x_wconf 87' lang='lat' dir='ltr'>unde,</span> <span class='ocrx_word' id='word_1_257' title='bbox 897 2329 1085 2391; x_wconf 89' lang='lat' dir='ltr'>inquit,</span> <span class='ocrx_word' id='word_1_258' title='bbox 1135 2331 1256 2378; x_wconf 89' lang='lat' dir='ltr'>haec</span> <span class='ocrx_word' id='word_1_259' title='bbox 1303 2330 1564 2392; x_wconf 88' lang='lat' dir='ltr'>repentina</span> <span class='ocrx_word' id='word_1_260' title='bbox 1608 2329 1912 2392; x_wconf 81' lang='lat' dir='ltr'>tempestas?</span> 
     </span>
     <span class='ocr_line' id='line_1_31' title="bbox 224 2402 2011 2468; baseline 0.001 -18"><span class='ocrx_word' id='word_1_261' title='bbox 224 2405 273 2450; x_wconf 89' lang='lat' dir='ltr'>et</span> <span class='ocrx_word' id='word_1_262' title='bbox 327 2417 412 2450; x_wconf 90' lang='lat' dir='ltr'>cur</span> <span class='ocrx_word' id='word_1_263' title='bbox 465 2402 622 2461; x_wconf 86' lang='lat' dir='ltr'>clara,</span> <span class='ocrx_word' id='word_1_264' title='bbox 676 2402 768 2450; x_wconf 90' lang='lat' dir='ltr'>hoc</span> <span class='ocrx_word' id='word_1_265' title='bbox 819 2405 893 2451; x_wconf 90' lang='lat' dir='ltr'>est</span> <span class='ocrx_word' id='word_1_266' title='bbox 943 2404 1046 2451; x_wconf 89' lang='lat' dir='ltr'>sine</span> <span class='ocrx_word' id='word_1_267' title='bbox 1101 2404 1314 2468; x_wconf 87' lang='lat' dir='ltr'>caligine</span> <span class='ocrx_word' id='word_1_268' title='bbox 1366 2405 1454 2452; x_wconf 92' lang='lat' dir='ltr'>aut</span> <span class='ocrx_word' id='word_1_269' title='bbox 1506 2403 1650 2452; x_wconf 89' lang='lat' dir='ltr'>nubis</span> <span class='ocrx_word' id='word_1_270' title='bbox 1702 2403 1911 2452; x_wconf 88' lang='lat' dir='ltr'>alicuius</span> <span class='ocrx_word' id='word_1_271' title='bbox 1943 2417 2011 2452; x_wconf 56' lang='lat' dir='ltr'>son</span> 
     </span>
     <span class='ocr_line' id='line_1_32' title="bbox 224 2474 2011 2539; baseline 0.002 -17"><span class='ocrx_word' id='word_1_272' title='bbox 224 2474 466 2523; x_wconf 79' lang='lat' dir='ltr'>obtentu?</span> <span class='ocrx_word' id='word_1_273' title='bbox 533 2475 745 2522; x_wconf 75' lang='lat' dir='ltr'>medinm</span> <span class='ocrx_word' id='word_1_274' title='bbox 782 2477 918 2524; x_wconf 78' lang='lat' dir='ltr'>video</span> <span class='ocrx_word' id='word_1_275' title='bbox 958 2478 1198 2525; x_wconf 77' lang='lat' dir='ltr'>discedere</span> <span class='ocrx_word' id='word_1_276' title='bbox 1238 2478 1424 2526; x_wconf 78' lang='lat' dir='ltr'>eaelum</span> <span class='ocrx_word' id='word_1_277' title='bbox 1455 2478 1768 2539; x_wconf 72' lang='lat' dir='ltr'>palantisque</span> <span class='ocrx_word' id='word_1_278' title='bbox 1798 2478 1912 2539; x_wconf 73' lang='lat' dir='ltr'>polo</span> <span class='ocrx_word' id='word_1_279' title='bbox 2010 2483 2011 2491; x_wconf 77' lang='grc'>’</span> 
     </span>
    </p>
   </div>
   <div class='ocr_carea' id='block_1_3' title="bbox 224 2568 578 2574">
    <p class='ocr_par' dir='ltr' id='par_1_5' title="bbox 224 2568 578 2574">
     <span class='ocr_line' id='line_1_33' title="bbox 224 2568 578 2574; baseline 0 0"><span class='ocrx_word' id='word_1_280' title='bbox 224 2568 578 2574; x_wconf 95' lang='lat' dir='ltr'> </span> 
     </span>
    </p>
   </div>
   <div class='ocr_carea' id='block_1_4' title="bbox 223 2629 1913 2983">
    <p class='ocr_par' dir='ltr' id='par_1_6' title="bbox 223 2629 1913 2983">
     <span class='ocr_line' id='line_1_34' title="bbox 344 2629 1912 2688; baseline 0 -13"><span class='ocrx_word' id='word_1_281' title='bbox 344 2636 366 2674; x_wconf 96' lang='grc'>1</span> <span class='ocrx_word' id='word_1_282' title='bbox 402 2636 484 2675; x_wconf 77' lang='lat' dir='ltr'>aut</span> <span class='ocrx_word' id='word_1_283' title='bbox 505 2629 548 2673; x_wconf 94' lang='lat' dir='ltr'><strong>V</strong></span> <span class='ocrx_word' id='word_1_284' title='bbox 578 2644 718 2686; x_wconf 80' lang='lat' dir='ltr'>neque</span> <span class='ocrx_word' id='word_1_285' title='bbox 749 2631 820 2674; x_wconf 86' lang='lat' dir='ltr'>ed.</span> <span class='ocrx_word' id='word_1_286' title='bbox 943 2637 967 2674; x_wconf 84' lang='lat'>2</span> <span class='ocrx_word' id='word_1_287' title='bbox 1002 2638 1043 2676; x_wconf 88' lang='lat' dir='ltr'>et</span> <span class='ocrx_word' id='word_1_288' title='bbox 1073 2634 1159 2676; x_wconf 84' lang='lat' dir='ltr'>tali</span> <span class='ocrx_word' id='word_1_289' title='bbox 1180 2632 1223 2676; x_wconf 89' lang='lat' dir='ltr'><strong>V</strong></span> <span class='ocrx_word' id='word_1_290' title='bbox 1252 2647 1307 2677; x_wconf 85' lang='lat' dir='ltr'>ae</span> <span class='ocrx_word' id='word_1_291' title='bbox 1337 2638 1367 2677; x_wconf 92' lang='lat' dir='ltr'>t.</span> <span class='ocrx_word' id='word_1_292' title='bbox 1401 2632 1471 2677; x_wconf 87' lang='lat' dir='ltr'>ed.</span> <span class='ocrx_word' id='word_1_293' title='bbox 1595 2637 1619 2676; x_wconf 85' lang='lat'><strong>3</strong></span> <span class='ocrx_word' id='word_1_294' title='bbox 1649 2634 1848 2688; x_wconf 75' lang='lat' dir='ltr'>pertinet</span> <span class='ocrx_word' id='word_1_295' title='bbox 1870 2631 1912 2675; x_wconf 90' lang='lat' dir='ltr'><strong>V</strong></span> 
     </span>
     <span class='ocr_line' id='line_1_35' title="bbox 223 2689 1913 2747; baseline 0.001 -13"><span class='ocrx_word' id='word_1_296' title='bbox 223 2691 368 2734; x_wconf 82' lang='lat' dir='ltr'>tendit</span> <span class='ocrx_word' id='word_1_297' title='bbox 399 2689 470 2734; x_wconf 88' lang='lat' dir='ltr'>ed.</span> <span class='ocrx_word' id='word_1_298' title='bbox 586 2694 612 2733; x_wconf 83' lang='lat'>6</span> <span class='ocrx_word' id='word_1_299' title='bbox 642 2690 863 2745; x_wconf 76' lang='lat' dir='ltr'>supplicis</span> <span class='ocrx_word' id='word_1_300' title='bbox 886 2690 927 2733; x_wconf 94' lang='lat' dir='ltr'><strong>V</strong></span> <span class='ocrx_word' id='word_1_301' title='bbox 958 2693 1104 2735; x_wconf 79' lang='lat' dir='ltr'>Turni</span> <span class='ocrx_word' id='word_1_302' title='bbox 1134 2692 1205 2735; x_wconf 88' lang='lat' dir='ltr'>ed.</span> <span class='ocrx_word' id='word_1_303' title='bbox 1316 2696 1370 2736; x_wconf 94' lang='lat'>10</span> <span class='ocrx_word' id='word_1_304' title='bbox 1402 2691 1513 2747; x_wconf 78' lang='lat' dir='ltr'>qnid</span> <span class='ocrx_word' id='word_1_305' title='bbox 1528 2718 1580 2723; x_wconf 93' lang='lat'>—</span> <span class='ocrx_word' id='word_1_306' title='bbox 1601 2697 1652 2735; x_wconf 89' lang='lat'>11</span> <span class='ocrx_word' id='word_1_307' title='bbox 1679 2705 1913 2747; x_wconf 78' lang='lat' dir='ltr'>expressae</span> 
     </span>
     <span class='ocr_line' id='line_1_36' title="bbox 224 2748 1912 2807; baseline 0 -15"><span class='ocrx_word' id='word_1_308' title='bbox 224 2751 398 2792; x_wconf 87' lang='lat' dir='ltr'>temere</span> <span class='ocrx_word' id='word_1_309' title='bbox 429 2749 542 2791; x_wconf 86' lang='lat' dir='ltr'>mut.</span> <span class='ocrx_word' id='word_1_310' title='bbox 577 2748 646 2792; x_wconf 88' lang='lat' dir='ltr'>ed.</span> <span class='ocrx_word' id='word_1_311' title='bbox 749 2753 802 2792; x_wconf 81' lang='lat'>13</span> <span class='ocrx_word' id='word_1_312' title='bbox 835 2750 919 2793; x_wconf 79' lang='lat' dir='ltr'>iris</span> <span class='ocrx_word' id='word_1_313' title='bbox 942 2749 984 2792; x_wconf 96' lang='lat' dir='ltr'><strong>V</strong></span> <span class='ocrx_word' id='word_1_314' title='bbox 1014 2752 1087 2795; x_wconf 78' lang='lat' dir='ltr'>Iri</span> <span class='ocrx_word' id='word_1_315' title='bbox 1118 2751 1188 2794; x_wconf 85' lang='lat' dir='ltr'>ed.</span> <span class='ocrx_word' id='word_1_316' title='bbox 1286 2755 1340 2794; x_wconf 87' lang='lat'>15</span> <span class='ocrx_word' id='word_1_317' title='bbox 1372 2750 1583 2807; x_wconf 74' lang='lat' dir='ltr'>qusseque</span> <span class='ocrx_word' id='word_1_318' title='bbox 1616 2765 1719 2793; x_wconf 88' lang='lat' dir='ltr'>cum</span> <span class='ocrx_word' id='word_1_319' title='bbox 1751 2763 1912 2792; x_wconf 84' lang='lat' dir='ltr'>rasura</span> 
     </span>
     <span class='ocr_line' id='line_1_37' title="bbox 225 2807 1909 2864; baseline 0.001 -14"><span class='ocrx_word' id='word_1_320' title='bbox 225 2808 267 2850; x_wconf 92' lang='lat' dir='ltr'><strong>V</strong></span> <span class='ocrx_word' id='word_1_321' title='bbox 291 2822 462 2864; x_wconf 77' lang='lat' dir='ltr'>quoque</span> <span class='ocrx_word' id='word_1_322' title='bbox 486 2807 556 2852; x_wconf 90' lang='lat' dir='ltr'>ed.</span> <span class='ocrx_word' id='word_1_323' title='bbox 645 2811 698 2851; x_wconf 81' lang='lat'>17</span> <span class='ocrx_word' id='word_1_324' title='bbox 724 2809 843 2851; x_wconf 76' lang='lat' dir='ltr'>enim</span> <span class='ocrx_word' id='word_1_325' title='bbox 871 2822 957 2851; x_wconf 91' lang='lat' dir='ltr'>om.</span> <span class='ocrx_word' id='word_1_326' title='bbox 985 2809 1055 2852; x_wconf 90' lang='lat' dir='ltr'>ed.</span> <span class='ocrx_word' id='word_1_327' title='bbox 1143 2813 1197 2852; x_wconf 90' lang='lat'>19</span> <span class='ocrx_word' id='word_1_328' title='bbox 1229 2810 1322 2853; x_wconf 84' lang='lat' dir='ltr'>sint</span> <span class='ocrx_word' id='word_1_329' title='bbox 1343 2808 1386 2851; x_wconf 94' lang='lat' dir='ltr'><strong>V</strong></span> <span class='ocrx_word' id='word_1_330' title='bbox 1409 2809 1480 2853; x_wconf 89' lang='lat' dir='ltr'>ed.</span> <span class='ocrx_word' id='word_1_331' title='bbox 1505 2814 1643 2853; x_wconf 78' lang='lat' dir='ltr'>sunt?</span> <span class='ocrx_word' id='word_1_332' title='bbox 1669 2809 1726 2851; x_wconf 88' lang='lat' dir='ltr'>cf.</span> <span class='ocrx_word' id='word_1_333' title='bbox 1751 2823 1792 2852; x_wconf 86' lang='lat' dir='ltr'>v.</span> <span class='ocrx_word' id='word_1_334' title='bbox 1811 2813 1909 2852; x_wconf 80' lang='lat'><strong>743.</strong></span> 
     </span>
     <span class='ocr_line' id='line_1_38' title="bbox 227 2865 1913 2926; baseline 0.001 -17"><span class='ocrx_word' id='word_1_335' title='bbox 227 2871 281 2909; x_wconf 84' lang='lat'>23</span> <span class='ocrx_word' id='word_1_336' title='bbox 314 2872 487 2911; x_wconf 78' lang='lat' dir='ltr'>aterras</span> <span class='ocrx_word' id='word_1_337' title='bbox 510 2865 564 2908; x_wconf 92' lang='lat' dir='ltr'>V.</span> <span class='ocrx_word' id='word_1_338' title='bbox 666 2870 720 2909; x_wconf 82' lang='lat'>25</span> <span class='ocrx_word' id='word_1_339' title='bbox 754 2868 872 2922; x_wconf 80' lang='lat' dir='ltr'>quod</span> <span class='ocrx_word' id='word_1_340' title='bbox 894 2867 937 2910; x_wconf 97' lang='lat' dir='ltr'><strong>V</strong></span> <span class='ocrx_word' id='word_1_341' title='bbox 963 2867 1050 2911; x_wconf 83' lang='lat' dir='ltr'>edI</span> <span class='ocrx_word' id='word_1_342' title='bbox 1082 2869 1255 2912; x_wconf 78' lang='lat' dir='ltr'>eaelum</span> <span class='ocrx_word' id='word_1_343' title='bbox 1286 2868 1405 2924; x_wconf 76' lang='lat' dir='ltr'>quod</span> <span class='ocrx_word' id='word_1_344' title='bbox 1436 2868 1552 2911; x_wconf 88' lang='lat' dir='ltr'>edF.</span> <span class='ocrx_word' id='word_1_345' title='bbox 1596 2868 1600 2926; x_wconf 69' lang='grc' dir='ltr'><strong>Ι</strong></span> <span class='ocrx_word' id='word_1_346' title='bbox 1644 2869 1913 2912; x_wconf 72' lang='lat' dir='ltr'>consuevisti</span> 
     </span>
     <span class='ocr_line' id='line_1_39' title="bbox 227 2925 1591 2983; baseline 0 -14"><span class='ocrx_word' id='word_1_347' title='bbox 227 2925 297 2969; x_wconf 83' lang='lat' dir='ltr'>ed.</span> <span class='ocrx_word' id='word_1_348' title='bbox 347 2925 351 2983; x_wconf 89' lang='grc' dir='ltr'>Ι</span> <span class='ocrx_word' id='word_1_349' title='bbox 402 2927 570 2981; x_wconf 76' lang='lat' dir='ltr'>quis—</span> <span class='ocrx_word' id='word_1_350' title='bbox 589 2929 643 2968; x_wconf 82' lang='lat'>26</span> <span class='ocrx_word' id='word_1_351' title='bbox 670 2927 832 2969; x_wconf 76' lang='lat' dir='ltr'>venisti</span> <span class='ocrx_word' id='word_1_352' title='bbox 862 2940 948 2969; x_wconf 90' lang='lat' dir='ltr'>om.</span> <span class='ocrx_word' id='word_1_353' title='bbox 976 2927 1045 2970; x_wconf 91' lang='lat' dir='ltr'>ed.</span> <span class='ocrx_word' id='word_1_354' title='bbox 1171 2931 1223 2970; x_wconf 82' lang='lat'>31</span> <span class='ocrx_word' id='word_1_355' title='bbox 1258 2927 1515 2972; x_wconf 79' lang='lat' dir='ltr'>discendere</span> <span class='ocrx_word' id='word_1_356' title='bbox 1537 2926 1591 2970; x_wconf 90' lang='lat' dir='ltr'>V.</span> 
     </span>
    </p>
   </div>
   <div class='ocr_carea' id='block_1_5' title="bbox 2048 37 2050 1644">
    <p class='ocr_par' dir='ltr' id='par_1_7' title="bbox 2048 37 2050 1644">
     <span class='ocr_line' id='line_1_40' title="bbox 2048 37 2050 1644; baseline 0 0"><span class='ocrx_word' id='word_1_357' title='bbox 2048 37 2050 1644; x_wconf 95' lang='lat' dir='ltr'> </span> 
     </span>
    </p>
   </div>
  </div>
 </body>
</html>
