2050 3226
790 147 1096 193 AENEIDOS
1126 147 1191 191 IX
1729 150 1834 203 221

145 289 259 337 talis
297 289 489 337 animos
524 289 758 337 iuvenum
791 291 835 336 et
863 291 965 337 tam
994 291 1124 337 certa
1154 286 1333 336 tulistis
1353 290 1578 347 pectora:
1614 288 1840 350 profecta
1855 298 1941 338 250

144 362 210 410 ad
247 362 364 413 deos
401 362 564 412 Aletis
611 362 742 411 actio
788 361 1066 427 gratiarum
1114 377 1351 446 magnam
1394 360 1509 409 Nisi
1545 362 1596 409 et
1632 362 1840 424 Euryali

144 436 367 486 continet
412 435 636 498 laudem,
688 451 780 485 nec
826 436 1058 485 inmerito
1108 436 1180 485 sic
1233 449 1434 484 exorsus
1485 436 1582 497 est,
1636 435 1840 484 deorum

15 560 17 563 ,
143 510 328 573 quippe
364 510 660 559 beneficium
702 512 778 559 est
821 510 961 559 nasci
996 510 1219 559 homines
1264 509 1632 574 magnanimos,
1677 509 1839 571 fortiS,

9 579 25 622 ³
91 599 111 632 5
141 584 281 634 utilis
306 600 364 634 ac
385 585 703 633 necessarios.
759 584 974 648 quando,
1003 584 1187 648 inquit,
1208 583 1327 633 talis
1349 585 1636 632 meruerunt
1657 583 1838 632 habere

4 643 19 705 ¹)
61 704 64 706 ,
142 659 368 720 Troiani,
407 658 530 721 quid
561 660 667 722 spei
702 658 770 707 sit
798 659 947 724 longe
977 660 1300 708 monstratur.
1360 658 1440 706 his
1471 656 1616 706 dictis
1646 672 1839 706 wmeros

141 733 453 793 dextramque
505 734 695 782 tenebat
745 735 1023 782 amborum.-
1082 734 1176 782 hoc
1235 732 1337 780 fuit
1396 733 1595 796 signum
1648 731 1836 796 gratias

141 807 335 871 agentis
375 808 529 856 etiam
565 807 687 870 ipsis
727 809 843 855 ante
881 807 1048 856 verba.
1116 811 1161 855 et
1198 806 1387 855 vultum
1433 806 1651 855 lacrimis
1697 809 1838 866 atque

139 895 230 929 ora
279 882 500 942 riyabat:
559 882 913 946 gratulationis
973 881 1180 930 fuerunt
1236 879 1471 930 lacrimae
1526 882 1577 928 et
1635 879 1837 941 doloriS,

67 969 110 1002 10
139 954 507 1039 gratulationis,
539 956 674 1019 quod
704 955 987 1005 extitissent
1014 956 1143 1004 tales
1174 954 1463 1014 voluntarii,
1494 954 1677 1004 doloris
1704 970 1837 1015 vero,

139 1030 259 1092 quia
312 1029 439 1078 dixit
489 1045 591 1078 non
650 1031 818 1079 tamen
873 1031 1073 1079 omnino
1128 1030 1342 1078 Teucros
1403 1028 1564 1078 delere
1623 1029 1836 1092 paratis;

136 1103 422 1153 recordatus
474 1107 551 1152 est
598 1105 732 1152 enim
778 1106 991 1168 quantos
1042 1103 1249 1153 Troiani
1296 1103 1644 1187 perdidissent.
1713 1117 1837 1163 quae

136 1179 294 1235 vobi3‚
335 1193 459 1238 quae
496 1178 669 1240 diqna,
714 1179 833 1235 viri,
874 1193 969 1239 pro
1009 1178 1240 1227 laudibus
1284 1179 1393 1226 istis
1428 1178 1661 1237 praemia
1691 1192 1837 1238 posse

135 1266 252 1301 rear
280 1253 436 1300 solvi?
473 1252 597 1301 bene
628 1252 902 1315 dubitavit,
940 1254 1000 1300 ut
1029 1254 1083 1300 in
1113 1251 1226 1315 ipsa
1256 1251 1569 1300 dubitatione
1598 1252 1835 1300 metuisse

65 1340 106 1373 15
136 1325 391 1375 videretur
426 1342 488 1375 ne
523 1327 690 1376 minus
721 1290 907 1376 (1100101
937 1342 1090 1390 quam
1118 1326 1198 1374 illi
1226 1326 1558 1375 merebantur.
1609 1326 1836 1386 pulcher-

134 1401 266 1449 rima
295 1401 518 1460 primum
554 1401 627 1449 dii
662 1415 911 1461 moresque
941 1401 1130 1450 dabwnt
1155 1402 1328 1449 vestri:
1365 1415 1475 1449 ecce
1505 1402 1622 1463 post
1650 1401 1835 1448 tracta-

135 1478 244 1523 tum
274 1475 544 1537 ancipitem
573 1474 840 1537 iudicavit,
880 1474 1141 1539 quicquid,
1179 1476 1367 1537 inquit,
1405 1474 1615 1523 debetur
1644 1474 1834 1522 meritis

139 1549 314 1598 vestris
366 1548 577 1598 reddent
629 1549 721 1612 dii,
775 1549 1096 1612 praestabitis
1150 1549 1291 1599 vobis
1345 1550 1499 1597 etiam
1551 1548 1651 1611 ipsi
1701 1550 1833 1597 recte

134 1623 436 1687 honesteque
459 1623 687 1673 vivendo.
740 1627 843 1672 twm
873 1627 1028 1672 cetera
1052 1623 1220 1672 reddet
1241 1627 1457 1672 actutum
1471 1623 1592 1683 pius
1614 1622 1834 1671 Aeneas:
1849 1634 1936 1674 255

62 1711 105 1743 20
136 1699 364 1746 actutum
410 1698 539 1746 dixit
582 1698 707 1760 cit03
752 1698 937 1747 solutio
983 1697 1116 1747 enim
1153 1698 1434 1761 reciprocae
1472 1696 1832 1747 vicissitudinis

134 1771 362 1834 proxima
400 1771 575 1821 debuit
611 1772 842 1835 promitti
877 1772 1037 1835 ipsius
1076 1772 1297 1834 Aeneae,
1343 1788 1433 1835 pro
1481 1771 1623 1820 cuius
1669 1772 1832 1820 salute

133 1848 240 1894 tam
301 1845 426 1894 dura
484 1847 677 1895 incerta
735 1847 936 1895 fuerant
988 1845 1219 1895 subituri.
1295 1850 1438 1906 atque
1489 1847 1672 1907 inteyer
1725 1847 1834 1895 aevi

133 1919 401 1977 Ascanius,
440 1921 600 1969 meriti
637 1922 762 1970 tanti
798 1936 898 1970 uon
933 1922 1172 1969 inmemor
1206 1935 1464 1980 umquam:
1501 1936 1564 1969 ne
1594 1920 1673 1968 illi
1703 1919 1831 1969 dice-

133 1996 247 2042 rent
285 1996 475 2057 quanto
513 1997 737 2058 tempore
775 1995 919 2044 nobis
957 1996 1143 2059 poterit
1180 1994 1375 2043 Aeneas
1412 1993 1680 2058 prodesse?
1745 1994 1830 2043 ad-

61 2081 103 2114 25
135 2067 264 2117 didit
293 2069 511 2117 aetatem
541 2070 697 2132 pueri,
736 2086 795 2117 ex
827 2085 925 2134 quo
955 2070 1175 2132 plurima
1204 2070 1355 2133 longo
1386 2071 1610 2131 tempore
1641 2070 1832 2132 sperari

132 2144 428 2205 potuissent.
496 2142 663 2192 meriti
699 2145 834 2192 tanti
870 2160 1146 2206 numquam
1190 2143 1433 2193 inmemor
1470 2144 1692 2192 futurus:
1738 2143 1831 2191 hoc

133 2232 234 2265 non
271 2219 472 2265 tantum
518 2217 855 2280 promittentis
903 2220 980 2267 est
1024 2235 1199 2267 verum
1245 2219 1400 2266 etiam
1446 2218 1690 2280 optantis;
1736 2218 1830 2265 hoc

134 2290 266 2339 enim
297 2291 688 2354 desiderabatur,
718 2293 779 2340 ι11
807 2293 1001 2342 Aeneas
1032 2294 1229 2341 mature
1259 2294 1515 2341 remearet.
1567 2293 1714 2340 immo
1748 2306 1828 2352 eyo

132 2379 239 2422 vos,
280 2367 359 2414 cui
395 2366 503 2414 sola
539 2366 679 2414 salus
712 2367 926 2427 yenitore
962 2367 1178 2424 reducto,
1219 2367 1393 2427 excipit
1427 2365 1703 2415 Ascanius:
1750 2381 1827 2413 ex-

60 2451 103 2484 30
133 2439 257 2502 cipit
294 2440 539 2489 Ascanius
585 2441 745 2503 primo
801 2439 1036 2489 debuerat
1080 2440 1222 2504 poni3
1268 2443 1344 2489 est
1381 2439 1512 2489 enim
1554 2457 1613 2488 ex
1651 2442 1826 2503 poetae

252 2555 278 2594 2
311 2551 374 2596 ad
403 2565 477 2596 eos
498 2551 541 2595 V
565 2551 636 2596 ed.
685 2551 689 2610 Ι
740 2553 873 2597 aletis
894 2551 937 2595 V
960 2553 1150 2597 Alethae
1181 2552 1252 2596 ed.
1376 2557 1402 2596 6
1432 2553 1504 2596 his
1533 2552 1668 2596 dictis
1690 2550 1732 2594 V
1762 2552 1828 2595 sic

132 2624 385 2655 memorans
422 2611 516 2655 ed.:
560 2611 758 2655 fortasse
792 2611 881 2655 hoc
911 2611 1144 2656 lemmatis
1174 2612 1277 2656 1000
1309 2611 1642 2668 supplendum,
1674 2611 1728 2653 ut
1756 2611 1829 2653 his

133 2670 268 2714 dictis
298 2669 548 2725 explicatio
580 2671 654 2714 sit.
749 2675 804 2714 12
835 2672 1009 2716 troiani
1034 2671 1340 2727 perdidissent
1363 2669 1405 2714 V
1418 2685 1478 2739 .P·
1511 2670 1828 2727 mayuam‘mos

131 2729 283 2774 heroes
318 2730 393 2774 Tr.
427 2729 500 2773 ed.
593 2734 647 2773 13
681 2730 897 2774 laudibus
925 2732 1026 2775 istis
1046 2729 1088 2774 V
1119 2731 1290 2775 talibus
1320 2730 1448 2774 ausis
1478 2728 1550 2773 ed.
1645 2733 1699 2772 16
1726 2729 1826 2784 pri-

131 2802 254 2832 mum
279 2802 366 2832 om.
381 2787 436 2832 V.
465 2789 470 2847 Ι
497 2788 568 2844 di,
592 2789 674 2834 sed
699 2794 783 2832 247
810 2791 858 2832 01
879 2789 977 2833 fere
1001 2802 1184 2845 semper
1206 2790 1277 2833 dii
1298 2802 1382 2845 per
1405 2787 1722 2844 synaloephen
1738 2786 1792 2830 V.
1817 2788 1822 2845 Ι

125 2852 231 2902 post
261 2861 349 2891 om.
375 2846 446 2892 ed.
549 2853 602 2892 17
635 2849 860 2892 indicavit
891 2848 962 2892 ed.
1065 2853 1120 2892 18
1146 2849 1491 2905 praestantibus
1522 2847 1594 2890 ed.
1638 2846 1643 2905 1
1689 2847 1826 2891 etiam

131 2906 223 2961 ipsi
254 2920 343 2950 om.
368 2906 439 2950 ed.
526 2911 582 2950 19
612 2908 866 2952 viventibus
889 2907 959 2952 ed.
1046 2911 1102 2952 20
1126 2910 1214 2953 cito
1237 2921 1326 2951 om.
1353 2906 1596 2962 sequentia
1619 2907 1733 2949 mut.
1751 2905 1823 2949 ed.

134 2969 190 3008 22
215 2965 334 3010 dura
349 2967 522 3011 incerta
536 2966 580 3010 V
596 2971 747 3011 ettam
770 2967 991 3023 interpos.
1009 2967 1125 3011 edF.
1190 2970 1246 3010 30
1262 2971 1424 3023 poetae
1440 2965 1481 3009 V
1498 2965 1569 3009 ed.
1588 2979 1644 3010 ex
1658 2979 1709 3021 p.
1726 2978 1823 3009 nos.
