2050 3226
41 963 84 995 10

40 1333 83 1366 15

765 139 1069 187 AENEIDOS
1093 139 1159 185 XI
1704 143 1814 198 535

115 281 299 331 vulnus
352 280 589 342 adferret,
643 279 745 342 hic,
799 281 884 329 ubi
938 280 1156 330 animam
1207 279 1447 343 reddidit,
1502 281 1688 330 dictum
1739 284 1815 330 est

0 327 1 346 ἶ
51 358 55 372 “’
114 357 224 404 tum
275 370 391 405 vero
451 355 546 403 hoc
607 357 684 403 est
745 357 864 404 tune
915 356 1078 419 magis
1130 370 1289 418 usque
1344 355 1408 404 ad
1462 355 1652 403 caelum
1705 373 1815 418 per-

50 460 51 464 =
115 428 381 478 veniebant
409 428 634 477 ululatus
674 431 725 478 et
769 444 912 479 voces
958 430 1140 478 missae
1187 444 1300 478 eum
1344 428 1556 477 fletibus.
1634 430 1814 478 deiecta

114 503 352 551 crudescit
371 517 548 564 puqna
574 501 810 552 Camilla:
833 519 946 552 cum
970 503 1224 552 deficiente
1249 504 1420 552 tantae
1446 503 1814 552 exercitationis

115 577 302 626 femina
352 576 539 625 bellum
592 577 778 626 molliri
830 577 1104 640 debuisset,
1152 578 1272 626 tune
1333 580 1679 640 exasperatum
1741 579 1816 626 est

113 651 291 715 magiS,
328 653 388 699 ut
424 666 558 700 mors
596 651 700 700 eius
739 653 941 715 pensari
978 654 1147 716 posset
1176 652 1383 714 ultione,
1414 654 1700 714 asperatum
1740 655 1817 700 est

114 741 315 789 quoque
354 742 413 774 ex
451 725 552 774 alia
590 728 754 788 parte,
795 727 914 789 quia
952 741 1062 790 spes
1103 728 1326 775 creverat
1362 726 1523 790 magis
1553 725 1814 790 magisque

114 799 368 861 vincendi,
405 799 493 848 ubi
534 798 745 848 Camilla
782 816 884 849 non
922 800 1101 849 fuerat.
1175 801 1437 849 incurrunt
1483 800 1622 848 densi
1667 800 1816 848 simul

114 874 273 922 omnis
317 875 467 934 copia·
505 874 746 922 Teucrum
786 875 1118 936 Tyrrhenique
1163 875 1308 923 duces
1352 874 1680 936 Euandrique
1717 872 1816 922 Ar·
1833 883 1920 923 835

115 948 252 996 cadis
291 948 424 996 alae:
469 948 730 997 incurrunt
777 948 967 997 dictum
1005 951 1081 998 est
1116 948 1168 996 in
1208 965 1365 997 unum
1403 949 1571 997 locum
1610 951 1818 997 currunt

115 1023 265 1084 atque
316 1038 374 1070 ex
425 1025 661 1087 congesta
709 1022 1032 1072 multitudine
1083 1023 1207 1072 facti
1256 1025 1374 1072 sunt
1424 1023 1586 1084 densi,
1641 1023 1818 1071 Teucri

114 1096 318 1158 scilicet,
350 1096 595 1159 Tyrrheni
626 1099 676 1146 et
706 1097 940 1159 Arcades,
973 1097 1210 1160 quoniam
1242 1113 1374 1145 mors
1408 1096 1646 1146 Camillae
1678 1112 1817 1159 spem

115 1173 302 1219 certam
348 1171 578 1220 vincendi
614 1173 981 1221 monstraverat
1025 1171 1330 1235 perindeque
1371 1171 1692 1220 acerbitatem
1732 1187 1814 1220 cu-

112 1245 395 1294 mulaverat
431 1244 563 1293 belli.

232 1317 301 1367 At
348 1319 547 1368 Triviae
593 1322 750 1368 custos
794 1320 898 1368 iam
942 1319 1130 1367 dudum
1173 1319 1228 1367 in
1271 1320 1530 1367 montibus*
1556 1317 1675 1380 Opis
1715 1319 1819 1368 alta

113 1393 243 1441 sedet
264 1394 494 1442 summis:
523 1391 660 1457 Opis,
686 1409 837 1456 quam
858 1393 1026 1442 Diana
1050 1395 1233 1458 egerat,
1257 1395 1316 1441 ut
1340 1392 1581 1442 Camillae
1604 1395 1815 1442 mortem

114 1483 335 1531 congrua
364 1468 558 1516 ultione
589 1470 843 1531 pensaret,
875 1467 1078 1517 sedebat
1106 1467 1160 1515 in
1192 1467 1309 1516 altis
1335 1467 1587 1516 montibus
1619 1483 1817 1532 pugnas

114 1541 395 1603 observanS,
408 1543 466 1590 ut
477 1542 668 1591 Arruns
685 1545 854 1605 posset
870 1542 1039 1591 occidi.
1071 1545 1342 1602 spectatque
1357 1543 1582 1590 interrita
1590 1557 1816 1603 puqnas:

22 1660 23 1665 ,
113 1616 228 1676 hoc,
273 1616 463 1678 inquit,
501 1616 717 1665 faciebat
754 1616 1007 1679 interrita3
1061 1615 1183 1679 quid
1229 1615 1359 1664 enim
1406 1618 1650 1665 metueret
1688 1632 1816 1678 quae

19 1691 84 1758 {eo

40 2073 82 2106 25

40 2444 84 2477 30

114 1689 289 1738 aberat
307 1691 481 1753 procul
504 1692 554 1739 et
577 1690 781 1740 sedebat
802 1691 855 1739 in
880 1690 1108 1740 summo?
1131 1691 1253 1738 haec
1278 1692 1445 1738 autem
1467 1690 1546 1738 illi
1568 1690 1820 1738 montium

115 1763 331 1813 altitudo
370 1765 683 1827 praestabat,
731 1768 791 1814 ut
837 1781 1009 1814 secura
1047 1767 1178 1814 esset
1215 1766 1266 1813 et
1304 1763 1501 1813 facilius
1540 1764 1817 1813 necessaria

115 1838 395 1901 exploraret
433 1855 489 1887 ex
531 1838 664 1888 edito
705 1842 755 1888 et
793 1839 1087 1902 dispositam
1126 1838 1361 1887 Arruntis
1407 1854 1576 1887 necem
1625 1839 1818 1887 valeret

113 1912 318 1975 inplere.
393 1917 537 1973 utque
568 1914 742 1974 procul
775 1914 932 1962 medio
969 1915 1200 1962 iuvenum
1241 1914 1291 1960 in
1330 1913 1538 1961 clamore
1574 1913 1815 1972 furentem

106 1987 379 2046 prospeoeit,
420 1987 548 2035 tristi
576 1988 841 2036 mulcatam
877 1992 1027 2036 morte
1061 1985 1344 2044 Camillam,
1383 1987 1707 2048 inqemuitque
1738 1987 1816 2036 de·
1834 1993 1921 2033 840

114 2061 275 2122 ditque
311 2061 403 2109 kas
439 2062 536 2110 imo
565 2066 758 2121 pectore
795 2076 955 2110 voces:
994 2061 1082 2110 ubi
1119 2061 1249 2110 vidit
1279 2060 1548 2110 Arruntem
1587 2077 1701 2109 cum
1740 2077 1814 2110 ce·

112 2134 233 2183 teris
281 2134 446 2183 furere
498 2137 549 2183 et
598 2137 788 2185 occisae
838 2136 1048 2185 crudelis
1098 2135 1330 2184 interitus
1381 2135 1546 2184 animo
1601 2135 1816 2184 dolentis

114 2208 350 2271 occurrit,
388 2209 635 2273 ingemuit
665 2212 715 2258 et
752 2211 869 2259 talis
903 2210 1040 2258 dedit
1069 2225 1235 2259 voces:
1273 2210 1366 2258 heu
1403 2210 1631 2266 nimium,
1663 2211 1815 2270 virqo,

113 2283 322 2331 nimium
367 2284 558 2332 crudele
601 2284 735 2332 luisti
779 2285 1090 2344 supplicium
1114 2285 1325 2332 Teucros
1371 2287 1546 2332 conata
1586 2285 1817 2332 lacessere

115 2357 263 2406 bello!
301 2373 396 2406 vox
419 2358 564 2407 huius
589 2358 802 2407 dolentis
826 2358 1025 2407 laudem
1048 2357 1268 2407 continet
1290 2358 1643 2419 Troianorum3
1666 2360 1817 2419 poeta

115 2430 247 2479 enim
283 2430 337 2478 in
370 2430 609 2481 Camillae
646 2434 806 2481 morte
844 2448 944 2480 non
981 2433 1226 2482 incertum
1255 2431 1375 2480 belli
1414 2432 1526 2481 vult
1563 2446 1691 2493 esse,
1730 2431 1815 2480 sed

236 2548 262 2588 3
310 2544 571 2600 conflatibus
613 2543 655 2587 V
702 2557 814 2587 corr.
865 2543 936 2588 ed.
1082 2549 1136 2588 12
1191 2545 1407 2600 quoniam
1454 2542 1495 2586 V
1549 2556 1687 2598 quum
1742 2543 1813 2586 ed.

118 2606 172 2647 13
211 2604 616 2648 monstravisset—
631 2603 951 2648 cumulavisset
990 2603 1061 2648 ed.
1186 2609 1240 2648 16
1278 2604 1448 2658 fecerat
1477 2601 1521 2645 V
1552 2606 1701 2658 eyerat
1730 2615 1816 2645 nos

113 2668 406 2719 praeceperat
436 2662 507 2706 ed.
552 2662 556 2720 Ι
603 2667 656 2707 ut
686 2676 774 2706 om.
801 2662 873 2707 ed.
997 2667 1050 2706 17
1076 2676 1274 2719 pensare
1305 2662 1377 2706 ed.
1502 2665 1556 2704 18
1589 2666 1816 2716 expectat-

116 2735 200 2777 que
231 2721 285 2766 V.
410 2726 464 2765 19
496 2726 716 2766 metuerat
745 2735 859 2778 quae
889 2722 1078 2767 haberat
1100 2721 1142 2765 V
1167 2735 1280 2765 corr.
1307 2721 1379 2765 ed.
1503 2725 1555 2763 21
1590 2734 1750 2764 secura
1773 2719 1816 2763 V

116 2786 306 2836 sequuta
337 2781 409 2825 ed.
502 2784 557 2823 23
587 2780 822 2835 furentum
846 2780 902 2835 V,
927 2781 1009 2826 sed
1033 2781 1149 2824 Don.
1173 2781 1399 2835 furentem
1428 2778 1597 2835 legisse
1622 2779 1814 2834 interpr.

119 2839 256 2884 docet
296 2839 503 2895 itemque
545 2841 652 2895 post
690 2841 927 2896 prospexit
969 2840 1322 2897 distingend'um
1363 2852 1475 2882 esse.
1599 2843 1655 2881 24
1698 2838 1817 2882 mul-

19 2949 21 2951 ,
118 2903 223 2943 cata
255 2898 298 2943 V
339 2901 605 2944 mulctatam
647 2898 719 2944 ed.
767 2899 773 2958 Ι
822 2900 1043 2957 inqemuit
1076 2899 1130 2944 V.
1255 2903 1310 2942 26
1353 2898 1481 2952 fuere
1511 2896 1554 2940 V
1591 2911 1705 2941 corr.
1743 2896 1814 2942 ed.

120 2961 174 3001 27
207 2958 513 3015 ingemuitque
545 2957 616 3002 ed.
