2050 3226
254 176 362 229 372
723 173 956 218 DONATI
985 173 1267 219 INTERPR.
1291 173 1472 219 VERG.

254 329 463 363 servare.
504 314 748 376 quantum
778 312 1009 376 ponderis
1042 330 1101 361 ex
1121 314 1433 363 humanitate
1455 314 1699 363 venientis
1726 314 1819 363 hoc
1846 314 1944 363 dic-

252 388 406 436 tionis
443 403 601 452 genus
634 387 981 450 conplectitur!
1030 403 1182 449 quam
1211 387 1497 452 religiosum
1519 387 1719 436 videtur
1749 403 1944 437 servare

252 462 414 510 filium
436 463 590 524 patri!
629 476 761 509 nunc
776 465 948 521 pereat
964 461 1256 521 Teucrisque
1270 462 1358 522 pio
1382 462 1460 510 det
1479 463 1719 523 sanquine
1734 476 1946 522 poenas:

252 536 346 584 hoc
383 535 685 585 invidiosum
723 537 820 597 est3
866 550 966 582 non
1005 535 1138 583 enim
1183 535 1248 583 ad
1284 536 1378 584 hoc
1416 535 1543 583 dixit
1572 538 1763 599 pereat,
1810 536 1946 598 quod

251 626 424 658 revera
462 626 575 658 eum
614 609 765 658 vellet
801 609 1027 670 interire,
1075 611 1125 657 et
1170 610 1223 656 in
1262 625 1318 657 eo
1356 610 1517 674 magis
1564 609 1835 660 concitavit
1870 610 1944 658 in-
1997 623 2017 655 5

156 731 159 733 .
253 682 462 742 vidiam‚
487 683 606 745 quia
631 682 765 730 dixit
788 682 1090 746 Teucrisque
1118 684 1202 746 pio
1228 682 1311 731 det
1334 683 1573 748 sanguine
1596 699 1794 747 poenas.
1835 700 1947 733 cum

255 757 379 806 dicit
410 758 624 805 Teucros
666 758 716 804 et
746 757 830 819 pio
864 757 1126 820 sanguine,
1163 757 1257 805 hoc
1287 756 1485 806 videtur
1515 757 1745 808 sensisse:
1786 760 1874 806 aut
1904 759 1947 807 si

252 833 346 880 hoc
384 833 594 894 putatur
630 831 839 892 iustum,
878 833 1051 893 pereat
1087 831 1322 880 innocens
1362 834 1412 880 et
1443 835 1808 894 consequantur
1846 848 1945 881 sce-

252 905 399 953 lerati
448 905 725 954 victoriam.
800 905 881 952 ille
919 908 1081 953 tamen
1117 908 1287 954 nostra
1325 906 1516 954 deducit
1552 906 1736 967 oriyiue
1773 920 1947 954 nomeu

149 990 234 1030 620
251 980 602 1040 Pilumnusque
627 979 702 1026 illi
730 982 934 1040 quartus
950 982 1095 1039 pater
1126 983 1169 1027 et
1190 983 1277 1028 tua
1300 979 1442 1041 larya
1471 994 1615 1040 saepe
1647 995 1802 1029 mauu
1823 981 1946 1028 mul·
1978 993 2020 1025 10

252 1054 405 1113 tisque
434 1053 654 1102 oneravit
683 1053 857 1101 limina
887 1053 1052 1101 donis:
1083 1070 1144 1102 ne
1174 1052 1380 1117 indigno
1412 1053 1663 1103 videretur
1691 1055 1946 1116 postulare

251 1127 565 1189 beneficium,
597 1127 661 1175 ad
683 1127 842 1190 ipsius
875 1142 1070 1190 quoque
1102 1128 1261 1192 Turni
1287 1127 1762 1177 commendationem
1784 1129 1947 1177 multa

254 1201 522 1266 congessit:
562 1200 741 1265 dignus
770 1204 866 1263 est,
897 1201 1084 1264 inquit,
1113 1202 1202 1263 qui
1223 1201 1408 1251 habeat
1433 1201 1671 1250 beneficia
1703 1217 1816 1263 sua,
1847 1202 1947 1266 pri-

254 1292 393 1323 mum
430 1277 653 1324 nostram
691 1274 934 1338 originem
966 1275 1126 1337 ducit,
1164 1276 1257 1324 hoc
1296 1278 1371 1324 est
1403 1276 1628 1338 deorum,
1666 1275 1947 1325 Pilumnus·

255 1365 349 1413 que
387 1349 466 1397 illi
503 1351 579 1398 est
620 1351 827 1412 quartus
859 1352 1023 1411 pater,
1064 1351 1270 1412 antiqua
1301 1353 1351 1398 et
1389 1351 1547 1398 veteri
1577 1349 1782 1414 origine.
1836 1351 1949 1400 vult
1981 1362 2019 1395 15

255 1424 511 1473 ostendere
558 1423 706 1472 istius
745 1422 956 1471 maiores
998 1439 1028 1471 a
1065 1423 1352 1472 numinibus
1390 1425 1600 1472 traxisse
1622 1423 1947 1487 'prosapiam3

254 1515 370 1546 nam
395 1497 516 1546 dicti
539 1498 639 1559 sui,
679 1513 776 1560 quo
810 1498 884 1545 ait
905 1500 1077 1546 nostra
1102 1497 1302 1546 deducit
1325 1498 1517 1562 origine
1547 1513 1748 1559 nomen,
1787 1498 1949 1547 voluit

253 1571 454 1620 reddere
487 1571 733 1620 rationem
764 1571 1015 1621 subdendo
1042 1571 1403 1634 Pilumnusque
1441 1571 1519 1620 illi
1551 1574 1757 1634 quartus
1787 1574 1946 1635 pater,

254 1649 312 1695 ut
335 1647 464 1695 hanc
486 1663 576 1708 per
599 1647 783 1694 multos
809 1646 1090 1694 ostenderet
1113 1645 1401 1694 cucurrisse.
1449 1647 1499 1693 et
1521 1647 1611 1694 tua
1633 1647 1776 1710 larga
1799 1662 1946 1709 saepe

255 1737 410 1768 manu
446 1720 718 1783 multisque
758 1719 984 1768 oneravit
1020 1719 1195 1769 limina
1235 1719 1398 1768 donis:
1439 1721 1635 1769 ornavit
1672 1736 1787 1768 eum
1825 1720 1946 1768 alio·
1978 1737 2039 1770 20*

252 1812 363 1842 rum
387 1794 574 1843 meritis
589 1831 601 1855 ,
633 1796 779 1842 ornat
810 1795 860 1841 et
889 1793 1125 1856 propriis3
1164 1795 1454 1843 ornamenta
1484 1795 1669 1856 quippe
1699 1793 1948 1843 maiorum

253 1868 441 1916 frustra
465 1869 735 1930 unicuique
758 1867 1055 1931 iunguntur,
1087 1868 1186 1916 nisi
1210 1867 1430 1916 adiciant
1460 1869 1675 1931 propria.
1724 1871 1775 1916 et
1803 1868 1947 1932 larga

254 1957 429 1990 manus
462 1945 512 1990 et
542 1943 814 1989 multorum
844 1941 1045 2005 largitio
1078 1944 1128 1990 et
1174 1943 1402 1991 oneravit
1447 1942 1716 1990 ostendunt
1745 1943 1946 2005 plenum

255 2017 408 2064 fuisse
448 2017 707 2077 cultorem,
747 2015 1007 2064 accedente
1040 2016 1192 2063 etiam
1231 2031 1286 2064 eo
1328 2015 1460 2079 quod
1500 2032 1645 2079 saepe
1682 2016 1735 2064 id
1773 2016 1945 2065 fecisse

254 2089 530 2139 videbatur.
591 2090 676 2137 ille
716 2092 790 2138 est
828 2089 960 2137 enim
999 2089 1258 2138 devotione
1296 2089 1506 2154 insignis
1547 2090 1634 2153 qui
1663 2091 1948 2153 frequenter
1977 2105 2018 2138 25

254 2166 305 2212 et
336 2163 530 2226 copiose
563 2163 853 2225 obsequitur
884 2163 994 2213 diis.
1026 2164 1105 2212 cui
1134 2178 1220 2212 rex
1251 2165 1450 2212 aetherii
1481 2165 1683 2213 breviter
1712 2164 1782 2212 sic
1810 2165 1946 2224 fatus

257 2237 474 2299 Olympi:
512 2239 715 2300 propter
745 2254 957 2299 moram,
990 2254 1115 2300 quae
1147 2237 1383 2302 gerundis
1414 2238 1560 2286 rebus
1595 2237 1703 2286 fieri
1733 2254 1832 2286 non
1864 2237 1944 2286 de-

254 2312 386 2373 buit,
415 2311 614 2359 brevem
645 2311 920 2359 orationem
941 2311 1146 2360 inducit.
1195 2312 1263 2360 sic
1291 2312 1448 2375 igitur
1469 2311 1686 2360 breviter
1715 2314 1946 2374 coeperat

255 2385 484 2448 Iuppiter
506 2384 668 2447 loqui:
707 2386 751 2432 si
772 2400 911 2434 mora
921 2387 1198 2444 praesentis
1222 2386 1301 2433 Zeti
1331 2389 1607 2445 tempusque
1630 2385 1809 2434 caduco
1837 2400 1945 2434 ora-

256 2465 336 2507 tur
372 2459 538 2507 iuveni
566 2472 731 2518 meque
768 2459 853 2506 hoe
890 2460 961 2507 ita
992 2474 1173 2519 ponere
1209 2460 1379 2516 sentis,
1420 2460 1527 2507 totle
1566 2461 1688 2519 fuya
1721 2460 1945 2507 Turnum
1976 2474 2018 2506 30

257 2537 397 2594 atque
434 2533 730 2580 instantibus
770 2534 898 2592 eripe
936 2534 1079 2592 fatis:
1130 2549 1190 2580 ne
1228 2533 1480 2581 videretur
1517 2533 1746 2595 Iuppiter
1782 2535 1945 2582 totum

258 2607 524 2670 denegasse
563 2605 807 2669 poscenti,
850 2606 1076 2654 concedit
1114 2607 1246 2670 quod
1276 2607 1488 2654 fatorum
1532 2622 1730 2655 cursum
1768 2623 1943 2655 vexare

379 2752 400 2789 1
435 2747 616 2791 veniens
647 2747 718 2790 ed.
841 2751 866 2790 6
899 2747 952 2790 de
987 2761 1070 2802 pro
1104 2747 1178 2792 det
1203 2746 1257 2791 V.
1383 2750 1436 2790 10
1467 2747 1748 2803 pitunusque
1786 2747 1943 2803 illique

258 2811 447 2862 quartus
470 2805 525 2849 V.
620 2811 674 2849 14
705 2810 863 2850 nostra
885 2805 940 2849 V.
1035 2810 1087 2849 15
1119 2807 1196 2851 ille
1220 2811 1283 2850 est
1305 2805 1347 2849 V
1378 2811 1442 2850 est
1462 2805 1535 2849 illi
1558 2805 1629 2849 ed.
1723 2810 1776 2849 17
1801 2808 1946 2850 votuit

258 2865 300 2907 V
322 2866 421 2909 vult
443 2864 513 2908 ed.
592 2869 646 2908 18
670 2865 747 2909 ille
762 2863 816 2907 V.
896 2869 948 2907 22
976 2865 1183 2909 adiciant
1198 2865 1239 2908 V
1257 2864 1328 2909 ed.
1353 2864 1649 2908 adiciantur?
1723 2869 1778 2908 23
1803 2879 1944 2909 mauu

259 2924 329 2967 ed.
367 2924 371 2982 Ι
410 2925 598 2980 laryicio
621 2929 663 2968 et
685 2923 727 2966 V
758 2924 997 2979 largitione
1021 2923 1091 2966 ed.
1137 2923 1140 2982 Ι
1184 2924 1472 2968 osteuderwnt
1493 2922 1535 2965 V
1559 2923 1628 2967 ed.
1655 2924 1849 2968 ostendit
1871 2924 1941 2967 ed.

259 2984 376 3038 post.
403 2983 644 3028 ostendunt
665 2996 760 3026 nos,
835 2986 889 3025 25
914 2982 1168 3038 frequenter
1184 2982 1226 3026 V
1247 2983 1469 3037 ferventer
1492 2981 1562 3027 ed.
1638 2986 1692 3026 29
1718 2988 1871 3028 orator
1886 2982 1940 3027 V.
