2050 3226
11 1355 72 1389 ·15

731 163 1037 208 Annnmos
1060 163 1171 208 vm
1698 168 1803 222 139

108 307 220 354 laus
258 320 364 354 esse
394 303 664 368 praecipua
694 319 795 352 non
825 304 1013 366 potest3
1043 303 1264 365 proclive
1296 304 1482 366 quippe
1515 307 1590 353 est
1619 305 1805 354 bonum

107 395 226 441 esse,
255 379 512 428 meliorem
535 393 653 428 vero
679 377 904 426 arduum.
959 377 1189 425 altiorem
1220 377 1347 425 dixit
1377 378 1598 440 corporis
1628 379 1804 442 forma,

108 454 345 517 quoniam
384 454 455 501 sic
492 453 683 516 posuit:
724 452 810 500 sed
848 452 1038 500 cunctis
1078 450 1229 499 altior
1264 450 1374 499 ibat
1410 451 1673 515 AnchiseS‚
1711 454 1805 502 hoc

107 530 184 576 est
212 526 486 576 incedebat.
538 527 659 574 mihi
687 540 825 574 mens
854 525 1074 573 iuvenali
1105 526 1310 574 ardebat
1339 540 1503 574 amore
1534 527 1805 587 conpellare

104 603 267 650 viram
312 605 356 650 et
399 601 596 649 dextrae
642 601 929 661 coniwnyere
974 600 1208 648 dextram.
1268 598 1480 661 [accessi
1518 604 1563 648 et
1599 601 1806 662 cupidas
1824 611 1907 652 165

103 676 284 723 Phenei
305 677 396 724 sub
418 676 612 723 moenia
634 673 806 736 daoeiJ:
838 673 1084 736 quamvis,
1105 674 1286 736 inquit,
1309 674 1635 724 adolescentis
1668 677 1805 724 aetas

104 750 407 812 provectiori
464 765 565 797 non
626 750 943 812 congrueret,
981 750 1172 810 tamen,
1227 748 1467 811 quoniam
1521 752 1596 798 est
1657 749 1807 798 ardor

105 823 310 887 quidam
357 823 622 872 iuvenibus
673 822 909 871 noscendi
957 823 1201 885 potioreS,
1252 823 1318 870 ad
1367 839 1481 871 eum
1532 823 1717 872 accessi
1755 826 1806 872 et

103 898 207 946 eius
240 897 490 947 amicitiae
524 897 733 960 cupidus
766 914 879 946 eum
910 897 1029 945 duxi
1060 897 1150 945 sub
1180 897 1378 945 moenia
1408 897 1608 946 Phenei.
1662 898 1806 946 iunxi

103 972 357 1020 dexteram
393 988 557 1020 meam
604 972 833 1020 dexterae
881 971 986 1019 eius
1037 970 1408 1034 amicitiamque
1454 971 1665 1021 firmavi.
1752 974 1806 1021 at

101 1046 183 1094 ille
235 1045 427 1108 [mihi],
482 1047 789 1094 humanitati
840 1061 980 1094 meae
1031 1045 1306 1108 officiisque
1355 1045 1680 1108 respondens,
1728 1047 1804 1094 in-

102 1121 288 1182 siqnem
319 1121 608 1181 pharetram
645 1120 923 1181 Lyciasque
960 1121 1166 1181 sayittas
1203 1120 1454 1168 discedens
1486 1120 1805 1182 chlamydem-

103 1209 193 1254 que
231 1209 354 1243 auro
393 1196 526 1243 dedit
560 1196 867 1242 intertextam
903 1194 1140 1255 frenaque
1179 1194 1311 1250 bina,
1350 1209 1488 1242 mens
1519 1209 1643 1254 qaae
1672 1209 1805 1243 nime

101 1269 243 1317 habet
272 1283 427 1317 aurea
456 1269 654 1318 Pallas:
693 1268 831 1316 dedit
859 1268 1007 1329 mihi,
1037 1267 1225 1330 inquit,
1256 1269 1564 1331 pharetram,
1591 1269 1802 1332 sagittas

103 1345 154 1390 et
190 1343 333 1391 frena
371 1359 538 1405 aurea,
578 1345 629 1391 et
667 1342 978 1404 chlamydem
1011 1358 1132 1390 auro
1164 1343 1500 1391 intertextam.
1556 1343 1802 1405 quomodo

102 1418 299 1466 ornavit
326 1417 439 1480 ipsa
468 1433 697 1478 munera,
729 1433 790 1465 ne
821 1416 954 1465 levia
984 1417 1295 1465 viderentur!
1356 1418 1646 1480 pharetram
1677 1417 1804 1466 dixit

99 1491 368 1555 insignem,
419 1494 538 1540 sunt
587 1491 719 1540 enim
767 1492 1032 1554 pharetrae
1089 1491 1279 1540 nullius
1339 1492 1527 1554 meriti3
1589 1493 1802 1556 sagittas

102 1565 229 1614 dixit
281 1564 483 1628 Lycias,
538 1569 595 1614 ut
647 1565 747 1614 illis
801 1566 940 1630 regio
995 1580 1086 1614 sua
1137 1565 1382 1614 tribueret
1435 1569 1803 1628 ornamentum3

101 1639 412 1702 chlamydem
460 1656 583 1689 auro
630 1640 993 1702 splendentem3
1039 1639 1203 1702 frena,
1249 1640 1440 1703 inquit,
1478 1640 1596 1688 bina
1635 1656 1802 1702 aurea,

101 1715 160 1762 ut
196 1730 404 1763 numero
441 1715 564 1763 haec
595 1714 827 1763 laudaret
858 1716 908 1763 et
939 1714 1184 1778 qualitate
1214 1715 1468 1763 materiae.
1520 1730 1629 1763 ecce
1662 1714 1803 1763 addit

100 1787 486 1851 praedicationis
527 1790 953 1852 supplementum:
993 1789 1193 1851 horum,
1234 1789 1327 1851 ait,
1366 1791 1512 1837 tanta
1551 1789 1686 1852 apud
1722 1804 1801 1836 me

100 1864 306 1924 propter
344 1863 510 1912 dantis
548 1865 784 1912 meritum
821 1864 922 1912 fuit
959 1864 1141 1927 gratia,
1179 1864 1251 1925 ut,
1291 1879 1405 1911 cum
1449 1864 1527 1911 his
1576 1879 1667 1927 ego
1714 1879 1802 1925 per

101 1936 293 1984 senium
337 1937 415 1985 uti
458 1954 559 1986 non
597 1953 815 2000 possem,
851 1937 1100 1986 traderem
1136 1937 1240 1986 filio
1278 1953 1387 1986 meo
1429 1939 1480 1986 et
1515 1938 1569 1985 in
1606 1937 1800 1986 hodier-

100 2027 220 2058 num
257 2010 529 2060 incolumia
564 2014 815 2073 maneant,
854 2011 1025 2061 eodem
1057 2012 1421 2075 quodammodo
1452 2014 1801 2074 perseverante

102 2084 336 2146 dominio,
362 2101 473 2134 cum
497 2087 657 2148 patris
683 2088 733 2134 et
754 2085 847 2134 filii
870 2102 971 2134 una
1002 2101 1214 2149 persona
1239 2087 1318 2134 sit.
1365 2086 1565 2135 laudari
1594 2102 1801 2134 munera

100 2162 390 2207 meruerunt
420 2162 623 2223 propter
652 2161 742 2208 has
775 2175 972 2209 causas:
1005 2160 1178 2208 debuit
1208 2161 1339 2209 enim
1369 2160 1565 2208 Aeneas
1588 2160 1798 2223 probare

100 2233 313 2282 libenter
351 2237 607 2297 acceptam
637 2234 928 2298 largitatem
958 2236 1119 2298 patris
1151 2234 1243 2295 sui,
1275 2234 1446 2282 debuit
1477 2237 1527 2282 et
1556 2235 1798 2283 Anchises

101 2307 297 2356 ostendi
345 2308 502 2357 bonus
554 2309 768 2373 largitor
815 2309 870 2356 in
909 2309 1164 2371 speciebus
1203 2309 1435 2372 pretiosis
1476 2311 1528 2357 et
1565 2308 1800 2357 Euander

100 2397 200 2430 non
238 2382 346 2431 leve
386 2382 627 2446 quiddam
666 2383 885 2445 accipere
923 2385 1176 2432 meruisse.
1232 2398 1341 2444 erqo
1381 2387 1424 2431 et
1461 2398 1609 2443 quam
1636 2384 1798 2443 petitis

99 2456 267 2504 iuncta
307 2460 374 2504 est
410 2458 531 2504 mihi
568 2457 759 2517 foedere
797 2457 968 2505 dextra
1008 2461 1071 2514 et,
1120 2458 1204 2505 luae
1243 2472 1353 2505 cum
1391 2459 1611 2518 primum
1656 2457 1798 2504 terris
1816 2466 1901 2505 170

218 2633 246 2671 4
288 2629 482 2672 iuvenili
523 2628 595 2672 ed.
718 2631 744 2670 5
784 2629 952 2673 accessi
972 2654 1026 2661 —
1054 2634 1080 2672 6
1116 2629 1232 2673 duxi
1270 2628 1401 2672 deest
1439 2628 1490 2672 in
1519 2628 1574 2681 V,
1608 2627 1690 2671 sed
1722 2640 1798 2670 ex-

99 2686 315 2743 plicatur.
439 2691 463 2730 7
489 2689 777 2743 provectione
800 2687 843 2731 V
875 2700 988 2731 corr.
1022 2688 1094 2732 ed.
1204 2692 1228 2731 9
1257 2689 1401 2743 paeni
1429 2701 1513 2743 pro
1546 2688 1719 2731 Phenei
1741 2686 1795 2729 V.

102 2750 154 2789 11
202 2747 279 2790 ille
320 2745 363 2789 V
409 2747 439 2790 i.
483 2747 596 2790 mihi
645 2759 729 2790 nos
781 2760 869 2791 om.
915 2746 986 2791 ed.
1040 2747 1043 2805 Ι
1102 2761 1186 2803 que
1235 2760 1324 2790 om.
1370 2747 1440 2790 ed.
1491 2747 1495 2804 Ι
1555 2747 1633 2790 ille
1685 2746 1799 2790 mihi

98 2804 311 2849 lemmati
341 2805 559 2861 praefixit
590 2806 661 2850 ed.
786 2810 840 2849 13
871 2807 1092 2851 intextam
1129 2807 1194 2863 (et
1224 2805 1365 2862 infra)
1396 2805 1450 2849 V.
1575 2810 1629 2847 16
1668 2818 1726 2848 ne
1755 2803 1797 2847 V

98 2869 151 2908 ut
179 2879 235 2909 ne
266 2865 338 2908 ed.
461 2869 517 2908 18
557 2870 826 2909 ornamenta
864 2865 936 2909 ed.
1059 2870 1112 2908 21
1151 2870 1283 2910 tanta
1315 2879 1402 2909 om.
1429 2864 1500 2908 ed.
1625 2868 1679 2907 22
1719 2877 1797 2921 eqo

101 2936 188 2967 om.
214 2923 285 2967 ed.
409 2928 465 2967 23
496 2924 765 2969 hodiernum
788 2923 831 2967 V
860 2925 902 2967 h.
934 2938 1076 2980 usque
1107 2924 1225 2968 diem
1257 2924 1329 2968 ed.
1452 2927 1508 2966 24
1546 2923 1797 2968 incolumia

21 3034 24 3037 ,
100 2988 317 3027 maneant
338 2982 381 3026 V
405 2984 668 3039 perdurant
698 2983 769 3028 ed.
857 2987 912 3027 25
944 2985 1006 3028 sit
1035 2997 1123 3027 om.
1151 2983 1222 3027 ed.
