2050 3226
238 173 346 226 306
709 170 940 216 DONATI
970 170 1250 215 INTERPR.
1276 169 1455 216 VERG.

163 323 219 364 95
235 313 459 360 metuisse
498 312 607 359 tuis,
681 326 812 359 nuuc
860 325 972 359 sera
1022 311 1244 370 querellis
1282 311 1402 359 haut
1437 313 1579 360 iustis
1618 313 1847 372 adsuryis
1885 316 1930 361 et

235 387 388 434 inrita
424 386 589 446 iuryia
625 386 804 433 iactas:
853 387 1194 446 praepostero,
1233 384 1419 447 inquit,
1458 389 1679 449 tempore
1725 388 1928 435 tuorum
1980 428 1982 430 ,

235 462 285 508 te
336 459 619 509 sollicitudo
674 458 961 519 commovit,
1014 460 1134 506 tunc
1186 458 1294 506 fieri
1343 459 1508 508 decuit
1555 476 1646 523 pro
1697 460 1926 509 Troianis

237 533 430 597 aliquid
476 549 587 581 cum
631 533 834 580 illorum
883 532 1099 580 durabat
1134 531 1413 597 integritas.
1489 535 1590 582 iam
1640 549 1806 582 serum
1853 537 1929 583 est

237 609 370 671 quod
408 609 538 671 agis,
579 622 675 668 quo
714 607 849 653 mala
888 622 1014 668 quae
1053 622 1141 668 per
1177 608 1226 654 te
1263 606 1366 655 illis
1397 607 1586 657 inflicta
1618 610 1736 656 sunt
1767 624 1928 656 emen-

237 682 353 730 dare
415 680 691 742 contendis,
755 680 900 742 quasi
951 680 1046 728 tibi
1101 681 1339 729 clamores
1394 684 1483 730 aut
1541 682 1729 746 iurgia,
1799 698 1928 745 quae

235 757 421 804 frustra
470 755 692 816 iactitas,
741 754 973 816 prodesse
1023 755 1238 816 possint,
1290 757 1348 803 ut
1384 756 1580 818 perdita
1617 757 1800 805 referas
1841 758 1930 805 aut

237 832 419 878 amissa
457 827 747 890 recuperes?

173 894 177 897 ’
384 904 589 951 Talibus
642 903 815 950 orabat
862 902 1018 950 Iuno:
1070 903 1194 950 talia
1246 903 1370 951 Iuno
1425 903 1666 952 fundebat
1718 921 1777 951 ex
1832 920 1927 952 ore.

237 979 483 1037 cunctique
532 978 803 1037 fremebant
853 977 1105 1024 caelicolae
1155 976 1371 1025 adsensu
1419 979 1582 1026 vario:
1637 979 1728 1026 hoc
1781 979 1928 1026 citius

234 1051 466 1115 provenit
514 1052 567 1098 in
626 1053 874 1099 conventu
932 1051 1225 1111 multorum,
1283 1054 1342 1099 ut
1395 1051 1483 1099 alii
1537 1051 1688 1100 aliam
1741 1052 1928 1100 favoris

235 1126 481 1174 ducantur
528 1127 582 1172 in
631 1127 846 1188 partem,
899 1125 1031 1187 quod
1079 1124 1230 1173 fiebat
1277 1126 1366 1174 illo
1422 1129 1666 1188 tempore:
1718 1125 1930 1188 denique

238 1201 326 1249 alii
375 1199 612 1249 favebant
660 1199 863 1260 Iunoni,
923 1199 1011 1247 alii
1059 1199 1256 1248 Veneri.
1363 1213 1470 1259 eeu·
1503 1201 1712 1258 flamina
1758 1201 1929 1259 prima
2004 1263 2007 1266 Δ

237 1290 346 1322 cum
384 1275 624 1334 deprensa
672 1274 889 1333 fremunt
937 1274 1075 1320 silvis
1127 1277 1170 1320 et
1219 1287 1361 1322 caeca
1406 1274 1626 1322 volutant
1672 1289 1930 1322 murmura

235 1352 462 1396 venturos
499 1348 666 1396 nautis
696 1348 959 1407 prodentia
996 1351 1184 1395 ventos:
1223 1349 1624 1409 conparationem
1661 1349 1929 1396 murmuris

237 1424 356 1471 fecit
409 1422 542 1486 quod
589 1423 721 1469 inter
770 1421 884 1470 deos
936 1421 1200 1469 videbatur
1250 1425 1499 1484 exortum3
1538 1438 1655 1469 nam
1693 1423 1793 1470 fuit
1828 1423 1930 1471 tale

238 1497 384 1559 quale
423 1498 499 1544 est
535 1495 737 1543 initium
776 1496 915 1545 venti
954 1511 1050 1558 quo
1090 1496 1143 1543 in
1183 1496 1321 1544 silvis
1362 1497 1529 1544 fremit
1559 1497 1730 1544 futura
1761 1498 1928 1544 nautis

235 1572 471 1619 nuntians
519 1571 789 1634 augmenta
834 1570 1067 1630 flatuum3
1114 1570 1300 1633 quippe
1346 1572 1549 1632 propter
1597 1570 1927 1632 praesentiam

234 1645 365 1709 regis
404 1645 726 1693 verecundius
765 1644 866 1692 levi
905 1644 1119 1706 strepitu
1158 1644 1507 1708 significabant
1545 1644 1665 1706 quid
1710 1660 1799 1707 pro
1839 1660 1929 1692 sua

133 1731 217 1771 100
236 1721 423 1782 quique
460 1721 603 1782 parte
643 1719 897 1767 sentirent.
973 1722 1075 1766 tum
1108 1722 1251 1778 pater
1288 1719 1606 1779 omnipoteuS,
1645 1733 1811 1766 rerum
1850 1719 1928 1766 eui

230 1795 399 1854 prima
427 1796 665 1853 potesta&
704 1794 835 1851 infit,
877 1793 969 1840 hoc
1008 1795 1084 1840 est
1121 1793 1218 1841 fari
1254 1792 1455 1855 incipit:
1502 1792 1668 1841 studio
1706 1793 1929 1854 partium

238 1868 546 1916 ducebantur
596 1867 688 1928 dii,
740 1866 825 1915 sed
874 1867 959 1914 ille
1011 1867 1099 1928 qui
1147 1867 1363 1929 primam
1412 1866 1702 1915 consulendi
1754 1866 1929 1915 habuit

236 1944 535 2004 potestatem
583 1957 683 1990 non
731 1940 887 1988 tacito
937 1943 995 1988 ut
1044 1940 1132 1988 alii
1178 1957 1452 2002 murmure,
1503 1941 1589 1989 sed
1628 1940 1926 1989 auctoritate

235 2017 406 2078 plena,
436 2016 592 2063 totius
624 2016 848 2063 iustitiae
881 2030 937 2063 ac
968 2014 1195 2063 veritatis
1227 2015 1472 2076 adsertor,
1507 2017 1739 2077 coeperat
1775 2014 1928 2076 loqui.

236 2105 287 2138 eo
327 2090 507 2137 dicente
546 2090 689 2136 deum
719 2089 890 2136 domus
922 2089 1024 2137 alta
1053 2089 1232 2136 silescit
1261 2093 1303 2136 et
1334 2090 1612 2149 tremefacta
1643 2089 1741 2136 solo
1773 2089 1926 2143 tellus,

236 2164 342 2212 silet
392 2164 580 2211 arduus
631 2163 812 2219 aether,
865 2167 964 2210 tum
1015 2164 1211 2224 zephyri
1251 2178 1480 2223 posuere,
1518 2164 1696 2223 premit
1723 2162 1928 2222 placida

237 2252 449 2297 aequora
472 2240 678 2296 pontus:
709 2238 937 2284 locuturo
961 2236 1079 2285 Iove
1111 2238 1366 2286 silentium
1397 2237 1727 2300 praebuerant
1758 2251 1926 2285 omnes

238 2311 308 2359 dii
360 2313 666 2374 praesentes,
721 2311 934 2371 caelum,
988 2314 1143 2372 terra,
1198 2327 1333 2359 mare
1389 2327 1445 2359 ac
1495 2311 1646 2359 venti.
1729 2310 1928 2370 aecipite

135 2397 219 2437 105
238 2401 346 2446 erqo
397 2386 578 2434 animis
627 2389 768 2443 atque
815 2385 932 2432 haee
980 2399 1089 2433 mea
1137 2386 1267 2446 fiyite
1326 2385 1478 2433 dicta:
1540 2384 1928 2443 quandoquidem

237 2459 484 2507 Ausonios
523 2459 748 2519 eoniuuyi
785 2459 974 2517 foedere
1015 2460 1215 2507 Teucris
1260 2459 1380 2507 haut
1425 2459 1607 2506 licitum
1644 2472 1730 2506 nec
1767 2461 1928 2505 vestra

357 2636 380 2674 1
414 2630 654 2686 quaerellis
676 2628 772 2672 VR.
908 2635 932 2672 2
965 2631 1120 2686 turqia
1143 2629 1240 2673 VR.
1374 2634 1399 2673 5
1444 2642 1531 2685 quo
1572 2629 1697 2673 mala
1740 2642 1827 2672 om.
1855 2628 1926 2672 ed.

240 2695 265 2734 6
298 2692 430 2746 quasi
453 2689 538 2732 VR
569 2689 680 2745 quid
712 2689 782 2732 ed.
917 2693 941 2731 7
974 2689 1138 2742 referes
1161 2689 1246 2732 VR
1279 2702 1392 2732 corr.
1419 2688 1490 2732 ed.
1624 2692 1649 2731 8
1681 2701 1927 2743 recuperes,

238 2750 320 2792 sed
350 2764 372 2793 s
403 2751 635 2804 expuncta
658 2747 700 2791 V
730 2761 939 2803 reeupere
970 2748 1023 2791 R.
1130 2752 1155 2791 9
1186 2749 1291 2792 hore
1314 2747 1367 2791 V.
1478 2751 1532 2789 10
1564 2747 1809 2791 eaeliculae
1828 2745 1925 2789 VR.

240 2813 292 2851 11
326 2810 500 2863 favoris
530 2808 571 2850 R
611 2808 791 2862 fauoris
814 2806 856 2850 V
897 2807 1122 2860 facinoris
1151 2806 1278 2851 HOU
1312 2806 1384 2850 ed.
1518 2810 1573 2849 13
1603 2807 1841 2862 flammina
1870 2805 1925 2848 V.

241 2873 295 2910 14
327 2868 601 2923 deprehensa
623 2866 721 2910 VR.
768 2866 772 2924 Ι
820 2872 1038 2922 premunt
1060 2865 1114 2909 V.
1239 2871 1292 2910 16
1326 2866 1559 2910 exhortum
1583 2864 1638 2907 V.
1754 2869 1808 2907 17
1841 2877 1927 2920 quo

238 2925 322 2968 VR
352 2927 431 2982 qui
462 2926 532 2970 ed.
571 2926 575 2984 Ι
610 2925 818 2980 futurum
850 2925 966 2968 edF.
1076 2929 1131 2969 18
1163 2929 1405 2982 auymeuta
1428 2923 1525 2978 VR,
1559 2924 1640 2967 sed
1664 2923 1706 2967 V
1738 2936 1794 2967 ex
1824 2938 1928 2967 ·um

240 2999 352 3029 corr.
378 2985 398 3028 I
429 2998 571 3028 manu
602 2989 892 3042 auymeutum
924 2983 1050 3027 HOU
1083 2984 1154 3028 ed.
1278 2987 1331 3027 19
1363 2984 1680 3027 verecundiam
1713 2982 1784 3026 ed.

1962 991 2004 1040 ιο

1962 1360 2003 1409 ³⁵

1961 1731 2004 1764 20

1960 2469 2003 2500 30
