2050 3226
49 1000 93 1032 10

50 1369 92 1402 15

48 1740 91 1773 20

49 2109 92 2143 85

51 2480 94 2513 80

761 177 1066 223 AENEIDos
1090 178 1176 223 vn
1746 182 1817 235 93

123 319 518 382 inpedimentum
555 319 836 380 potuissent
873 318 967 367 soli
1005 321 1171 380 postes
1212 317 1426 380 adferre,
1475 318 1518 367 si
1555 320 1677 367 locis
1716 319 1818 368 suis

123 394 252 442 forte
297 393 611 441 mansissent.
686 393 740 440 in
787 392 1040 441 eversione
1086 391 1308 454 postium
1355 391 1550 441 animus
1587 393 1820 442 inimicae

125 466 509 516 considerandus
557 468 654 528 est,
706 482 834 530 quae
884 467 956 515 sic
1001 466 1123 514 belli
1174 469 1482 515 reseraverat
1535 482 1649 515 cum
1697 467 1819 529 ipsis

123 541 349 604 postibus
372 543 560 603 portaS,
590 543 649 588 ut
670 540 826 590 vulsis
857 540 997 603 ipsiS,
1029 541 1116 604 qui
1138 541 1451 589 firmamenta
1481 540 1821 603 praestabant,

123 617 305 664 iterum
343 614 509 664 claudi
545 631 644 664 non
683 617 887 677 possent
925 618 975 663 et
1015 630 1292 678 numquam
1330 614 1576 663 desineret
1619 615 1819 664 bellum.

125 691 317 753 quanta
366 691 535 737 autem
582 689 660 738 vis
708 688 916 737 Iunonis
964 690 1031 738 sit
1075 690 1130 737 in
1175 690 1308 738 facto
1354 689 1465 751 ipso
1505 705 1731 752 expresse
1771 693 1824 737 et

124 763 378 812 evidenter
415 765 670 812 ostensum
701 766 797 826 est,
836 779 953 811 nam
984 779 1109 826 quas
1142 765 1341 811 centum
1373 763 1507 812 aerei
1537 764 1823 812 clauserant

122 839 310 899 vecteS,
350 853 475 901 quas
514 839 716 886 aeterna
754 838 875 886 ferri
912 838 1235 886 firmaverant
1270 837 1472 900 robora,
1519 839 1632 900 ipsa
1669 837 1822 887 unius

122 927 301 961 manus
338 913 542 974 inpulsu
572 913 813 973 innitens,
852 927 952 959 non
983 911 1203 974 corporis
1234 912 1445 974 virtute,
1485 912 1571 960 sed
1601 911 1822 972 numine,

122 987 290 1048 ipsum
321 1002 518 1048 quoque
556 986 825 1035 bifrontem
863 987 1120 1035 custodem
1159 986 1457 1034 auctoritate
1491 986 1695 1035 maioris
1733 1002 1820 1048 po-

122 1060 321 1109 testatis
361 1076 634 1122 exuperans
675 1062 725 1109 et
755 1061 995 1122 patefecit
1023 1062 1194 1122 portas
1227 1062 1278 1109 et
1308 1077 1478 1109 earum
1509 1063 1676 1123 postes
1707 1060 1820 1109 sub-

122 1134 288 1183 vertit.
338 1135 608 1196 patefactio
641 1137 902 1197 portarum
932 1134 1056 1197 quid
1086 1135 1393 1196 praestiterit
1423 1135 1591 1184 studio
1614 1134 1822 1183 Iunonis

123 1209 302 1271 incipit
340 1208 638 1257 enumerari:
692 1209 830 1257 ardet
872 1209 1084 1257 inexcita
1127 1207 1357 1257 Ausonia
1396 1212 1538 1268 atque
1574 1209 1821 1257 inmobilis

125 1287 259 1331 ante:
307 1282 431 1331 bene
477 1286 627 1345 poeta
671 1298 859 1331 memor
905 1285 981 1331 est
1025 1282 1126 1345 sui3
1173 1298 1325 1345 supra
1362 1284 1495 1331 enim
1534 1282 1661 1331 dixit
1699 1276 1820 1349 (45)

124 1374 245 1419 „rex
291 1372 413 1406 arva
450 1356 661 1405 Latinus
701 1360 751 1405 et
787 1356 926 1406 urbis
964 1357 1066 1405 iam
1104 1358 1270 1405 senior
1306 1357 1460 1421 longa
1497 1357 1720 1419 placidas
1767 1358 1821 1404 in

122 1447 244 1493 pace
273 1429 529 1495 regebat“.
589 1446 705 1495 ergo
745 1446 1019 1494 numquam
1057 1431 1274 1480 excitata
1303 1431 1358 1479 in
1388 1431 1578 1479 bellum
1600 1431 1824 1480 Ausonia

123 1508 173 1554 et
203 1521 397 1567 semper
426 1505 528 1554 otio
555 1505 692 1568 pacis
716 1504 969 1554 inmobilis
1001 1505 1207 1554 ardebat
1235 1508 1355 1554 tunc
1386 1507 1554 1554 furore
1584 1505 1820 1554 bellandi.

122 1582 242 1628 sunt
280 1579 367 1642 qui
405 1580 638 1628 adserant
674 1580 768 1628 hoc
804 1580 914 1628 loco
954 1579 1205 1628 contraria
1243 1580 1497 1642 scripsisse
1523 1579 1822 1643 Vergilium,

121 1657 201 1716 ut,
255 1669 369 1702 cum
421 1654 527 1716 ipse
581 1653 762 1702 dixerit
815 1653 906 1703 sub
959 1653 1142 1702 Latino
1195 1654 1400 1718 longam
1452 1670 1623 1716 pacem
1668 1654 1822 1703 fuisse

122 1727 424 1791 perindeque
469 1728 747 1777 Ausoniam
794 1727 927 1776 bella
976 1729 1211 1790 nescisse,
1249 1728 1357 1791 ipse
1402 1744 1603 1777 rursum
1646 1729 1701 1776 in
1741 1729 1820 1776 de-

125 1803 392 1865 scriptione
430 1802 667 1851 vestibuli
697 1802 872 1851 domus
912 1803 1016 1851 eius
1056 1802 1331 1851 ostenderit
1367 1803 1531 1851 multa
1569 1819 1627 1851 ex
1665 1802 1819 1851 hosti-

122 1876 216 1924 bus
263 1879 432 1939 capta,
483 1892 654 1926 currus
705 1877 916 1939 scilicet,
967 1877 1152 1926 securis
1199 1879 1249 1925 et
1295 1878 1472 1926 cetera.
1547 1877 1670 1926 haec
1719 1893 1820 1925 non

124 1950 363 2012 dicerent,
410 1950 454 1999 si
490 1953 667 2013 poetae
707 1951 859 2000 verba
905 1951 1108 2015 singula
1155 1951 1525 2001 considerarent
1562 1951 1642 2000 vel
1689 1953 1821 2000 certe

122 2027 349 2087 tempora
387 2026 478 2072 aut
515 2041 605 2087 per
643 2040 765 2087 quos
806 2027 955 2087 capta
994 2026 1117 2088 sint3
1155 2041 1274 2073 nam
1312 2028 1363 2074 et
1392 2027 1558 2088 ipsum
1580 2025 1819 2073 Latinum

122 2113 385 2161 possumus
434 2098 723 2163 intellegere
773 2099 1043 2162 aliquando
1090 2115 1338 2164 pugnasse
1386 2103 1436 2148 et
1473 2101 1589 2162 post
1626 2099 1819 2148 labores

122 2172 326 2222 bellicos
364 2173 568 2238 longam
613 2189 788 2236 pacem
824 2173 1056 2223 habuisse
1096 2176 1146 2222 et
1184 2173 1532 2236 captivitatem
1570 2190 1820 2222 armorum

124 2262 181 2296 ac
215 2248 582 2310 triumphorum
615 2249 1001 2297 ostentationem
1032 2248 1354 2297 constitutam
1377 2248 1431 2296 in
1462 2248 1707 2298 vestibulo
1736 2247 1819 2295 do-

122 2337 231 2370 mus
265 2321 328 2371 ad
351 2321 523 2371 Latini
551 2323 788 2383 maiores,
819 2337 920 2371 non
951 2321 1014 2370 ad
1043 2323 1210 2384 ipsum
1232 2321 1472 2371 Latinum
1507 2322 1819 2385 pertinuisse.

124 2395 335 2459 denique
390 2397 542 2460 longa
594 2395 699 2444 illic
751 2397 992 2444 memoria
1045 2395 1295 2459 descripta
1345 2399 1421 2445 est
1468 2396 1521 2444 in
1567 2398 1821 2445 vetustate

123 2469 401 2534 imaginum
429 2472 480 2519 et
505 2470 627 2532 Pici,
651 2485 751 2519 non
774 2469 945 2518 Latini
971 2485 1150 2519 nomen
1174 2471 1314 2535 regia
1335 2470 1426 2518 illa
1448 2469 1717 2531 retinebat3
1749 2469 1819 2518 sic

126 2544 258 2591 enim
289 2543 510 2606 positum
542 2547 617 2594 est
640 2538 822 2611 (17o):
845 2546 1072 2607 „tectum
1096 2546 1381 2609 augustum,
1404 2544 1595 2609 ingens,
1620 2545 1819 2593 centum

246 2705 270 2743 1
303 2714 382 2745 seu
406 2700 446 2743 V
471 2713 560 2745 om.
586 2700 659 2745 ed.
690 2701 778 2746 soli
806 2713 903 2744 nos.
997 2706 1023 2745 6
1056 2714 1289 2757 expraesse
1314 2701 1517 2745 videnter
1540 2699 1582 2742 V
1605 2713 1720 2743 corr.
1746 2698 1818 2743 ed.

126 2761 153 2802 8
185 2764 393 2804 aeternae
423 2758 477 2803 V.
594 2764 649 2803 13
680 2760 846 2805 ardent
874 2759 929 2803 V.
1043 2765 1099 2803 14
1129 2774 1362 2805 memorem
1392 2761 1467 2804 sui
1490 2758 1531 2802 V
1561 2771 1727 2803 memor
1757 2765 1821 2802 est

125 2819 200 2861 sui
229 2817 270 2861 U
301 2832 469 2864 memor
496 2819 591 2873 fuit
621 2819 692 2863 ed.
795 2822 849 2862 19
881 2819 964 2863 sub
996 2819 1192 2863 latinum
1215 2819 1258 2862 V
1283 2833 1396 2863 corr.
1424 2818 1494 2862 ed.
1588 2822 1643 2861 21
1676 2822 1818 2862 osten·

127 2876 243 2921 derit
264 2876 307 2921 V
338 2878 434 2922 -dit
465 2878 536 2922 ed.
649 2882 705 2922 30
736 2878 980 2935 imayi‘nem
1004 2877 1047 2921 V
1078 2878 1150 2922 ed.
1182 2878 1263 2931 (ad
1295 2876 1539 2932 sequentia
1569 2875 1716 2920 traxit
1745 2877 1817 2920 ed.

126 2937 263 2991 post.)
293 2937 547 2993 imaqinum
577 2951 675 2981 nos.
713 2938 718 2996 Ι
753 2950 922 2982 numen
944 2936 1000 2980 V.
1101 2942 1155 2980 31
1190 2939 1309 2982 enim
1341 2950 1427 2981 om.
1455 2935 1526 2980 ed.
1563 2935 1569 2994 Ι
1604 2949 1819 2993 auymen-

128 2997 223 3037 tum
252 3008 337 3050 pro
368 3001 611 3052 auyustum
634 2995 689 3040 V.
