2050 3226
245 174 356 227 400
721 171 952 218 DONATI
981 172 1046 217 IN
1049 171 1261 217 TERPR.
1286 172 1466 217 VERG.

144 320 229 361 880
245 312 343 372 fuit
380 326 478 371 qua
507 312 713 373 perdere
744 326 929 372 posses.
1001 326 1088 361 1100
1124 315 1324 361 mortem
1359 312 1610 361 horremus
1648 326 1735 361 1100
1771 313 1939 362 divum

239 386 496 446 parcimus
535 386 639 435 ulli.
716 386 907 435 desine!
954 401 1073 434 iiam
1117 387 1256 436 venio
1299 388 1566 435 moriturus
1612 390 1655 435 et
1697 387 1815 435 haec
1851 388 1940 435 tibi

241 463 381 520 porto
420 461 550 509 dona
585 461 759 520 prius:
809 460 1040 508 orbatum
1088 460 1193 508 filio
1243 461 1431 509 frustra
1475 462 1675 510 territas
1719 462 1938 523 patrem3

245 534 360 597 plus
401 536 532 582 enim
569 537 684 596 post
713 533 851 583 illius
890 549 1143 583 excessum
1174 535 1319 598 cupio
1356 535 1486 583 mori
1524 551 1676 598 quam
1714 551 1792 583 me
1830 534 1938 598 ipse

246 608 385 672 cupis
426 607 667 670 occidere3
706 607 793 656 sed
830 609 884 656 in
921 609 1051 657 hanc
1080 611 1274 671 partem
1304 608 1569 658 saevitiam
1597 611 1740 657 tuam
1769 608 1937 672 potius
1972 618 2012 654 ῦὸ

246 683 502 731 contendis
553 697 797 743 exercere,
852 697 963 731 cum
1012 682 1350 731 formidulosis
1400 682 1602 733 vocibus
1652 685 1808 732 terres
1859 682 1940 732 0111

156 750 160 753 ’
244 759 419 807 votum
465 758 540 805 est
584 758 700 819 post
743 755 906 804 filium
943 757 1087 805 mori.
1153 756 1237 805 odi
1273 757 1402 806 hanc
1439 758 1599 806 lucem
1635 756 1688 805 in
1729 772 1828 820 qua
1863 757 1939 805 in-

245 832 490 879 columem
529 832 704 879 natum
733 846 901 878 meum
930 831 1097 880 videre
1128 847 1229 880 non
1258 846 1476 893 possum.
1535 831 1772 881 invenisti
1803 832 1940 881 viam

245 921 347 968 qua
385 904 682 953 Mezentium
719 904 971 967 perderes3
1018 905 1120 954 alia
1165 904 1297 953 enim
1343 921 1575 969 superare
1613 921 1713 954 non
1751 920 1938 968 posses.

243 981 363 1027 tunc
407 978 514 1028 vita
557 994 669 1027 mea
722 981 1016 1042 consumpta
1061 981 1137 1028 est
1174 994 1284 1027 eum
1325 979 1522 1028 caderet
1558 979 1775 1039 LausuS‚
1819 982 1939 1028 tune
1970 991 2014 1026 10

244 1053 370 1116 perii
413 1068 526 1102 cum
571 1053 720 1101 funus
767 1054 874 1102 eius
913 1053 1194 1102 infelicibus
1235 1053 1389 1102 oculis
1428 1053 1547 1103 vidi.
1623 1069 1723 1102 non
1761 1054 1936 1102 horreo

243 1129 477 1188 mortem,
517 1128 639 1190 quin
677 1128 846 1190 potius
878 1143 1004 1176 ame.
1065 1129 1190 1176 haec
1221 1129 1352 1175 enim
1391 1127 1532 1176 dabit
1569 1127 1717 1176 finem
1755 1127 1937 1176 dolori-

243 1201 334 1250 bus
373 1202 519 1263 meis‚
565 1202 688 1250 haec
733 1201 858 1250 mihi
894 1201 1172 1251 misericors
1211 1201 1371 1250 filium
1407 1201 1581 1250 reddet
1619 1204 1670 1250 et
1705 1201 1937 1251 manibus

245 1276 351 1325 eius
390 1277 586 1339 patrem
623 1274 858 1324 miserum
896 1275 1113 1340 benigna
1152 1275 1431 1340 coniunget.
1493 1275 1620 1324 nihil
1658 1277 1755 1338 est,
1795 1290 1938 1325 saeve

243 1351 424 1411 11031313,
471 1349 605 1412 (111οᾱ
649 1366 729 1398 1110
774 1349 983 1400 ulterius
1029 1353 1229 1399 terreas,
1305 1365 1437 1399 mors
1483 1349 1608 1398 mihi
1645 1350 1937 1399 beneficium
1970 1361 2012 1396 1⁶

244 1427 320 1472 est
364 1425 504 1472 cuius
549 1425 758 1472 minaris
805 1423 1089 1474 adventum.
1165 1440 1265 1474 non
1310 1440 1460 1488 parco
1507 1424 1624 1485 diis,
1671 1439 1793 1487 quos
1831 1425 1938 1487 ipse
2049 1418 2050 1437 ³

242 1499 492 1547 veneraris
526 1500 576 1546 et
607 1498 752 1560 00113,
791 1514 880 1547 nec
919 1498 1277 1561 superstitiosis
1317 1499 1545 1562 precibus
1584 1498 1772 1562 rogabo
1812 1513 1936 1560 quos

243 1575 520 1621 contemno.
595 1572 746 1621 habes
801 1573 1053 1620 aemulum
1102 1573 1259 1621 studii
1306 1574 1406 1621 tui:
1461 1573 1505 1621 si
1552 1573 1816 1636 religiosus
1871 1587 1937 1635 es,

243 1647 337 1695 feri
391 1647 708 1711 sacrilegum,
762 1647 805 1695 si
857 1646 1164 1709 perniciosus
1217 1647 1397 1708 hostis,
1449 1648 1616 1695 macta
1669 1645 1938 1709 captivum.

245 1721 391 1769 sileat
427 1721 530 1769 iam
568 1721 870 1784 protervitas
909 1721 1110 1785 linguae
1149 1722 1199 1769 et
1229 1736 1411 1782 Serme,
1452 1736 1551 1782 quo
1582 1722 1631 1768 te
1661 1719 1938 1783 plurimum
1967 1733 2012 1768 20

243 1795 423 1857 iactas,
473 1796 744 1844 terminum
794 1797 974 1844 sumat.
1048 1810 1150 1842 una
1198 1794 1324 1842 mihi
1373 1794 1642 1856 eademque
1692 1794 1938 1843 sententia

245 1872 342 1930 est,
372 1870 645 1919 moriturus
677 1870 846 1933 potius
880 1885 1031 1932 quam
1063 1869 1327 1918 victoriam
1360 1869 1674 1931 quaesiturus
1706 1868 1936 1918 advento.

245 1958 384 1991 sume
429 1946 597 1991 tamen
643 1944 875 1992 morituri
917 1943 1267 1992 munusculum
1313 1944 1384 2004 et,
1435 1944 1706 2006 antequam
1749 1941 1803 1990 id
1847 1942 1937 1991 fiat

245 2017 379 2080 quod
423 2018 684 2079 provenire
729 2017 832 2066 iam
878 2017 1046 2080 cupio,
1093 2018 1260 2080 excipe
1298 2017 1469 2066 hastas
1508 2031 1666 2078 meas,
1715 2018 1775 2064 ut
1811 2015 1934 2064 iras-

245 2090 371 2139 caris
423 2093 473 2138 et
521 2091 684 2139 ferias.
761 2093 886 2140 dixit
932 2091 1169 2150 telumque
1217 2091 1409 2139 intorsit
1459 2091 1514 2139 iri
1565 2091 1766 2147 hostem,
1821 2090 1935 2138 inde
1964 2103 2008 2139 π

245 2165 384 2213 aliud
421 2179 567 2224 super
598 2168 739 2224 atque
774 2166 913 2214 aliud
941 2166 1137 2226 fiiyitque
1173 2165 1394 2224 volatque
1423 2165 1607 2226 inqenti
1640 2179 1783 2226 yyro:
1820 2166 1936 2227 post

243 2240 364 2287 haec
404 2254 531 2301 quae
571 2238 696 2286 dixit
740 2241 899 2288 iacere
937 2240 1108 2288 hastas
1154 2239 1398 2301 plurimas
1439 2238 1603 2301 coepit
1641 2237 1932 2287 circumiens

243 2313 448 2361 Aenean
499 2312 786 2376 ingentibus
842 2315 1001 2377 gyris,
1063 2329 1123 2361 ne
1178 2328 1407 2362 aversum
1467 2313 1612 2361 ferire
1672 2311 1933 2374 potuisset.

244 2388 328 2435 sed
358 2387 563 2435 sustinet
593 2401 774 2435 aureus
806 2389 974 2436 umbo:
1012 2386 1302 2436 occurrebat
1331 2386 1525 2435 Aeneas
1558 2385 1785 2434 omnibus
1817 2385 1932 2435 telis

245 2463 294 2509 et
338 2462 460 2509 haec
506 2460 781 2523 excipiebat
827 2463 982 2509 scuto.
1061 2477 1169 2510 ecce
1213 2460 1479 2523 probatum
1524 2461 1599 2508 est
1646 2475 1744 2521 qua
1783 2474 1934 2508 causa
1963 2472 2007 2507 8⁰

244 2535 512 2583 Mezentius
564 2534 734 2583 ambas
789 2535 946 2583 acutis
1000 2536 1114 2583 telis
1170 2537 1461 2584 oneraverat
1513 2549 1705 2582 manus.
1788 2535 1933 2581 tanta

245 2609 375 2657 enim
409 2625 509 2657 non
540 2608 781 2670 mitteret,
819 2610 917 2657 nisi
948 2610 1041 2657 hoc
1074 2609 1278 2657 consilio
1311 2608 1540 2671 primitus
1571 2609 1931 2670 praeparasset.

367 2755 388 2793 1
421 2751 502 2794 hor
531 2764 615 2806 pro
646 2751 876 2795 horremus
902 2749 956 2795 V.
1081 2755 1105 2793 2
1144 2752 1219 2795 illi
1255 2763 1339 2806 pro
1375 2749 1463 2793 ulli
1496 2747 1550 2791 V.
1599 2747 1605 2806 1
1654 2747 1860 2792 desinam
1890 2746 1933 2790 V

245 2809 396 2853 desine
426 2811 521 2853 iam
553 2810 623 2853 ed.
726 2814 754 2852 4
777 2810 888 2865 plus
911 2808 953 2852 V
984 2811 1130 2866 mayis
1162 2810 1232 2854 ed.
1278 2811 1282 2867 Ι
1329 2821 1602 2865 quamquam
1625 2805 1667 2850 V
1692 2806 1763 2850 ed.
1795 2820 1932 2862 quam

244 2882 339 2911 nos.
428 2873 451 2911 6
485 2882 586 2913 eum
608 2868 651 2912 V
681 2869 865 2924 quando
897 2868 967 2912 ed.
1006 2869 1009 2925 Ι
1044 2869 1349 2922 formidolosis
1370 2867 1515 2911 verbis
1538 2865 1608 2910 ed.
1696 2869 1750 2908 18
1778 2879 1932 2909 aemu-

246 2928 309 2971 los
341 2927 411 2970 ed.
505 2932 559 2971 27
592 2929 709 2983 cepit
730 2927 786 2972 V.
878 2931 932 2970 29
966 2941 1127 2972 aureos
1150 2927 1204 2971 V.
1298 2931 1351 2971 31
1384 2930 1516 2971 tanta
1538 2924 1581 2969 V
1607 2929 1723 2969 tecta
1747 2924 1818 2968 ed.
1842 2924 1932 2969 tela

245 2985 315 3029 ed.
351 2987 469 3041 post.
593 2990 648 3029 32
680 2986 883 3031 mittebat
913 2985 983 3030 ed.
