2050 3226
234 171 341 224 326
707 169 940 215 DONATI
969 169 1250 214 INTERPR.
1273 170 1453 215 VERG.

233 312 292 357 ut
330 325 442 357 vere
475 312 716 373 appareat
746 309 859 372 dea,
900 310 943 358 si
973 326 1094 372 non,
1134 311 1229 371 ait,
1266 326 1378 359 mea
1408 310 1542 360 dicta
1573 312 1923 374 contempseris

233 385 284 431 et
342 383 533 432 monita
593 399 703 432 mea
762 385 1002 444 tenueriS‚
1056 383 1288 447 probabis
1343 389 1556 448 quantas
1610 385 1668 433 de
1721 385 1924 434 Rutulis

235 459 424 523 strages
463 458 653 507 videbit
691 459 934 507 crastinus
974 457 1093 506 dies.

354 533 563 581 Diaeerat
607 536 650 580 et
693 533 864 580 dextra
909 532 1157 580 discedens
1186 532 1367 593 inpulit
1403 533 1555 580 altam
1590 533 1710 581 haut
1746 534 1925 594 iynara

232 607 363 654 modi
399 607 636 666 puppim:
682 621 807 668 quae
847 605 991 655 navis
1029 606 1207 654 fuisset
1243 606 1515 670 aliquando
1555 607 1710 655 altam
1748 623 1925 656 navem

235 680 486 729 discedens
524 679 713 742 inpulit
749 681 923 728 dextra
963 696 1052 729 sua
1089 680 1293 728 modum
1332 695 1555 742 servam,
1602 697 1699 744 quo
1739 681 1928 729 sciebat

233 757 345 803 tuto
385 753 623 802 concitari
660 754 886 818 navigia3
925 771 1024 803 non
1063 755 1196 802 enim
1233 753 1404 802 debuit
1441 756 1555 817 plus
1587 755 1692 804 fieri
1723 757 1928 817 propter

168 891 173 894 ι
233 829 508 892 periculum
545 843 635 876 nec
672 829 836 877 minus
875 833 1079 891 propter
1116 828 1419 877 tarditatem.
1496 830 1729 878 accedens
1769 830 1928 893 igitur

233 904 391 965 ipsius
430 903 683 964 loquentis
723 903 1066 951 adiumentum
1106 905 1351 965 quantum
1387 903 1632 965 profuerit
1661 903 1927 966 sequentia

234 977 462 1040 probant.
517 976 591 1024 ait
622 977 753 1024 enim
783 977 914 1024 volat
942 977 1032 1025 illa
1059 991 1148 1037 per
1177 978 1364 1025 undas:
1396 992 1508 1024 cum
1530 977 1672 1027 navis
1695 977 1926 1026 fluctibus

233 1052 531 1113 portaretur,
562 1067 662 1099 non
692 1051 957 1099 videbatur
989 1067 1196 1112 currere,
1229 1051 1315 1099 sed
1338 1051 1507 1100 volare
1538 1053 1667 1099 ocior
1697 1055 1738 1099 et
1767 1052 1926 1099 iaculo

234 1129 277 1173 et
325 1128 489 1173 ventos
540 1129 777 1185 aequante
826 1126 1027 1186 sayitta,
1081 1127 1230 1188 atque
1276 1127 1351 1173 ita
1389 1126 1579 1187 volare,
1617 1127 1677 1174 ut
1713 1125 1929 1174 velocior

234 1201 362 1248 esset
415 1199 580 1248 iaculo
643 1201 694 1247 et
753 1199 966 1264 sagitta,
1029 1216 1155 1261 quae
1217 1202 1477 1248 ventorum
1537 1200 1740 1248 flatibus
1801 1200 1929 1248 solet

234 1273 453 1336 aequari.
529 1274 643 1321 inde
682 1274 811 1321 aliae
850 1274 1059 1322 celerant
1096 1289 1293 1322 cursus:
1332 1274 1453 1336 quid
1491 1274 1620 1321 enim
1658 1274 1928 1336 prodesset,

235 1347 279 1396 si
317 1348 424 1396 sola
462 1349 604 1396 navis
644 1348 698 1395 111
737 1363 836 1410 qua
874 1348 1068 1396 Aeneas
1108 1348 1208 1396 fuit
1246 1347 1452 1396 celerius
1490 1347 1716 1396 tenderet
1753 1349 1928 1396 ceteris

233 1422 368 1471 lento
408 1424 522 1470 actu
561 1421 963 1470 remanentibus?
1025 1421 1168 1470 ibant
1206 1439 1322 1486 ergo
1362 1438 1530 1470 omnes
1577 1422 1754 1470 celeres
1794 1423 1930 1470 omni

131 1507 218 1547 250
235 1496 473 1544 tarditate
513 1495 756 1544 submota.
833 1500 990 1557 stupet
1037 1497 1223 1545 inscius
1267 1498 1371 1557 ipse
1419 1497 1542 1544 Tros
1580 1495 1930 1544 Anchisiades:

234 1570 312 1619 his
360 1570 544 1618 auditis
592 1572 642 1618 et
686 1570 806 1619 visis
853 1570 1050 1633 stupuit
1094 1570 1289 1619 Aeneas
1335 1572 1455 1633 ipse.
1533 1571 1724 1618 animos
1769 1573 1929 1618 tamen

234 1646 392 1693 01111110
432 1645 573 1692 tollit:
613 1645 664 1692 in
694 1645 804 1706 ipso
835 1647 1004 1693 tamen
1036 1646 1236 1707 stupore
1270 1645 1591 1706 constitutuS,
1625 1660 1930 1707 quamquam

235 1721 376 1783 gesta
408 1719 639 1778 nesciret,
669 1721 838 1767 tamen
869 1719 1035 1767 omnia
1067 1719 1131 1766 ad
1155 1735 1297 1767 omen
1319 1719 1520 1767 trahens
1554 1719 1745 1767 animos
1778 1718 1929 1766 tollit.

236 1792 581 1841 considerabat
635 1793 817 1856 quippe
869 1792 1040 1841 divina
1094 1793 1260 1841 omnia
1313 1793 1478 1841 favere
1532 1792 1758 1855 partibus
1812 1793 1929 1841 suis.

235 1883 336 1914 non
375 1867 501 1915 dixit
539 1867 701 1915 laetus
741 1867 941 1916 effectus
982 1869 1078 1928 est,
1113 1868 1350 1930 quoniam
1381 1866 1611 1915 audierat
1642 1869 1691 1914 et
1723 1866 1930 1915 adversa

237 1945 388 2003 atque
438 1941 780 2002 formidolosa,
831 1941 1116 1989 futurorum
1165 1943 1334 1990 tamen
1382 1942 1584 1989 meliore
1636 1956 1719 2004 spe
1771 1940 1929 1988 suble-

236 2018 381 2064 vatus
422 2015 594 2063 erectis
643 2016 820 2063 animis
867 2015 978 2064 fuit.
1055 2019 1157 2063 tum
1203 2016 1405 2063 breviter
1450 2030 1630 2075 supera
1676 2018 1931 2075 aspectans

237 2103 449 2138 convexa
480 2093 736 2148 precatur:
773 2090 827 2136 111
866 2089 1158 2138 necessitate
1197 2090 1328 2137 enim
1367 2105 1466 2137 non
1498 2089 1671 2137 debuit
1701 2088 1928 2151 pluribus

236 2164 389 2226 loqui.
489 2179 668 2225 supera
731 2166 898 2211 autem
959 2167 1219 2226 aspectans
1281 2163 1598 2226 precabatur,
1651 2163 1769 2225 quia
1830 2178 1930 2210 non

236 2237 469 2300 nymphis
509 2237 728 2300 agendae
767 2238 968 2286 fuerant
1006 2239 1219 2302 gratiae,
1267 2239 1353 2286 sed
1389 2238 1468 2285 illi
1505 2237 1634 2285 unde
1673 2236 1802 2284 bona
1840 2237 1930 2284 1113

236 2312 462 2374 profecta
495 2311 804 2359 videbantur.
861 2313 994 2360 alnia
1017 2327 1206 2371 parens
1236 2312 1396 2360 Idaea
1428 2312 1593 2359 deum:
1623 2310 1723 2359 tria
1760 2311 1932 2372 posuit

359 2415 381 2452 1
415 2409 545 2453 deam
567 2407 653 2451 VR
683 2408 768 2451 dea
800 2408 871 2452 ed.
904 2423 961 2451 an
995 2410 1126 2454 deam
1157 2414 1280 2454 esse?
1372 2414 1397 2451 2
1430 2409 1627 2452 tenueris
1649 2407 1734 2451 VR
1763 2408 1931 2452 inania

236 2474 267 2513 t.
304 2468 376 2512 ed.
507 2472 533 2510 3
572 2469 794 2512 crastines
825 2468 865 2510 R
905 2482 1017 2511 corr.
1052 2483 1086 2511 r.
1215 2474 1244 2512 4
1287 2468 1513 2512 discidens
1547 2467 1600 2510 V.
1653 2467 1657 2524 1
1716 2472 1799 2511 aut
1831 2466 1929 2510 VR.

239 2533 264 2571 5
298 2529 464 2583 pupim
494 2526 591 2570 VR.
643 2526 648 2585 Ι
707 2527 826 2582 quod
850 2527 933 2570 VR
965 2527 1036 2571 ed.
1069 2542 1184 2583 quae
1221 2541 1304 2571 nos
1343 2530 1535 2582 propter
1571 2526 1928 2571 coniunctivum.

240 2592 264 2630 6
298 2601 384 2642 quo
407 2587 577 2631 sciebat
598 2586 640 2628 R
664 2586 736 2628 ed.
768 2587 890 2641 quod
912 2600 971 2630 sc.
990 2586 1044 2630 V.
1134 2591 1188 2630 10
1220 2588 1343 2630 volat
1367 2600 1452 2642 per
1475 2585 1559 2627 VR
1589 2600 1628 2629 v.
1654 2586 1739 2629 illa
1764 2599 1812 2640 p.
1847 2598 1930 2628 nos

235 2647 358 2702 fu-yit
398 2647 428 2689 i.
465 2660 513 2701 p.
556 2645 627 2689 ed.
668 2647 715 2688 et
753 2643 891 2701 Verg.
933 2645 1054 2688 libri.
1187 2651 1240 2689 11
1281 2646 1424 2689 ociore
1465 2658 1549 2699 pro
1592 2645 1715 2688 ocior
1757 2650 1798 2687 et
1832 2643 1928 2687 VR.

240 2710 295 2747 12
326 2706 478 2749 volare
502 2704 586 2748 VR
616 2704 798 2748 volabat
829 2705 899 2747 ed.
1002 2710 1056 2748 14
1089 2705 1186 2749 alia
1217 2705 1437 2748 celerante
1460 2703 1557 2746 VR.
1659 2707 1713 2746 17
1747 2708 1815 2747 tro
1846 2716 1930 2758 pro

243 2765 355 2808 Tros
378 2763 475 2806 VR.
562 2768 616 2806 18
648 2764 825 2819 stupuit
848 2763 888 2805 R
918 2765 1076 2819 stupui
1099 2763 1141 2806 V
1172 2764 1404 2819 obstupuit
1433 2762 1491 2805 ed
1593 2766 1645 2805 19
1673 2763 1850 2806 homine
1874 2761 1930 2804 V.

239 2827 295 2866 20
328 2824 389 2867 ad
419 2836 592 2867 omnem
616 2822 670 2866 V.
783 2826 838 2865 23
869 2823 1130 2875 futurorum
1163 2836 1248 2866 om.
1284 2823 1437 2865 cetera
1467 2822 1640 2864 temere
1673 2822 1787 2864 mut.
1813 2820 1884 2864 ed.
1921 2820 1926 2877 Ι

238 2882 396 2926 melior
411 2881 496 2924 VR
518 2883 700 2926 meliore
723 2895 820 2925 nos.
907 2886 960 2924 25
990 2887 1237 2937 praecatur
1259 2881 1355 2925 VR.
1443 2885 1497 2923 26
1523 2881 1832 2936 praecabatur
1847 2879 1926 2922 VR

234 2946 451 2996 precatur
489 2941 560 2984 ed.
685 2945 738 2984 27
770 2941 957 2994 fuerant
984 2940 1067 2983 VR
1102 2946 1209 2984 sunt
1240 2940 1310 2983 ed.
1363 2940 1366 2994 1
1417 2939 1536 2983 unde
1560 2938 1644 2982 VR
1675 2954 1704 2983 a
1735 2953 1827 2994 qua
1858 2938 1928 2982 ed.

240 3003 295 3043 28
327 3000 598 3045 videbantwr
621 2999 706 3043 VR
737 3013 827 3044 esse
858 3014 897 3044 v.
932 2999 1002 3042 ed.

1960 990 2002 1023 1⁰

1961 1358 2002 1392 15

1962 2100 2004 2133 25
