2050 3226
209 193 316 246 268
679 189 913 235 ΒΟΝΑΤΙ
941 189 1222 234 INTERPR.
1247 187 1426 235 VERG.

207 331 266 379 ut
304 331 456 380 etiam
494 331 607 379 cani
645 330 968 393 procedamus
1008 329 1071 378 ad
1104 328 1302 378 bellum.
1366 331 1505 379 nulla
1543 330 1684 380 nobis
1717 333 1896 380 aetatis

209 405 402 454 occasio
453 407 529 454 est
577 420 666 452 nec
718 420 747 452 a
795 405 1007 452 militiae
1062 403 1347 453 muneribus
1399 420 1699 468 quemquam
1752 406 1898 454 tarda

210 482 432 528 senectus
493 480 707 527 excusat.
793 479 1026 527 voluntas
1086 477 1375 542 adgreditur
1431 481 1598 528 omnia
1650 482 1700 527 et
1750 494 1897 528 ausus

209 568 377 602 omnes
426 554 685 602 voluntate
737 553 1043 615 conplentur.
1135 567 1273 601 senes
1328 554 1487 602 nostri
1540 556 1787 603 noverunt
1840 554 1898 602 de

209 643 383 690 campo
429 627 589 675 redire
635 642 749 675 cum
794 626 964 688 palma
1009 627 1060 674 et
1106 641 1218 674 cum
1254 627 1465 676 victores
1512 627 1775 676 sudantem
1812 643 1898 690 po-

209 703 415 750 suerunt
444 701 652 765 galeam,
682 701 965 748 madentem
991 702 1273 748 monstrant
1294 701 1558 751 iuvenibus
1583 703 1898 751 senectutem.

208 776 366 824 nescit
411 774 547 838 apud
591 789 680 823 nos
730 777 953 823 senectus
999 774 1169 823 tardos
1217 775 1409 824 efficere
1455 791 1576 839 quos
1623 776 1900 825 iuventutis

207 849 410 910 finibus,
449 865 560 897 cum
598 849 759 910 venit,
799 849 1083 909 excluserit,
1122 865 1224 897 una
1262 851 1543 912 temporum
1574 850 1899 913 peraequatio

165 945 169 947 ·
209 926 297 972 est.
388 939 477 972 nec
527 924 850 971 inminentem
903 923 1171 971 metuimus
1226 925 1527 972 senectutem
1580 941 1742 987 neque
1796 925 1899 972 eius

209 1013 347 1046 senes
394 997 693 1045 detrimenta
740 996 1001 1058 sentimus,
1051 997 1159 1045 sola
1210 1012 1448 1046 canorum
1498 998 1641 1062 signo
1692 998 1902 1047 discitur

209 1072 480 1120 advenisse.
563 1071 670 1134 ipse
731 1071 908 1134 capitis
967 1071 1152 1119 candor
1200 1088 1300 1120 non
1362 1072 1523 1120 solum
1575 1072 1754 1134 hostis,
1816 1072 1902 1121 sed

208 1147 318 1208 ipsa
358 1161 554 1209 quoque
584 1146 712 1194 vitia
743 1144 1012 1194 senectutis
1045 1148 1310 1210 expugnat.
1373 1145 1630 1208 inponitur
1660 1147 1903 1195 senectuti

209 1221 377 1284 galea,
408 1237 469 1267 ne
500 1219 741 1268 minorem
773 1219 928 1268 faciat
960 1235 1106 1282 quem
1138 1219 1410 1284 gloriosum
1440 1221 1645 1269 iuventa
1675 1221 1902 1269 tradente

209 1295 439 1357 suscepit.
524 1293 737 1355 interea,
793 1294 1029 1357 quoniam
1075 1294 1137 1341 ab
1183 1295 1294 1357 ipso
1341 1293 1702 1358 obiurgationis
1756 1294 1902 1342 initio

210 1370 562 1432 conparativae
600 1369 836 1417 materiae
875 1369 1034 1431 partis
1081 1367 1299 1430 induxit,
1350 1368 1593 1431 conpletis
1640 1385 1766 1431 quae
1812 1384 1902 1432 pro

210 1458 261 1491 se
299 1443 521 1491 facerent
564 1444 748 1492 transit
795 1443 859 1490 ad
905 1442 1316 1491 deformationem
1356 1444 1707 1491 Troianorum:
1753 1443 1902 1499 vobis,

108 1524 192 1564 615
208 1517 398 1579 inquit,
429 1518 570 1577 pieta
608 1531 740 1565 croco
773 1520 815 1564 et
843 1517 1048 1577 falyenti
1076 1518 1259 1565 murice
1287 1518 1452 1574 vestie,
1493 1517 1708 1566 desidiae
1746 1517 1905 1576 cordi,-

211 1591 429 1640 delicata
475 1590 607 1639 enim
655 1590 942 1640 vestimenti
991 1591 1177 1653 species
1227 1591 1602 1640 dissolutionem
1653 1591 1807 1640 animi
1855 1594 1904 1639 et

211 1666 429 1728 eorporis
484 1666 632 1728 parit.
724 1665 934 1727 denique
993 1665 1211 1713 ostendit
1271 1666 1636 1728 corruptionem
1690 1666 1902 1714 vestitus

210 1741 371 1788 multa
423 1740 551 1788 vitia
605 1739 847 1788 comitari.
942 1739 1100 1795 iuvat,
1154 1738 1342 1803 inquit,
1396 1740 1647 1801 indalyere
1699 1739 1904 1787 choreis:

210 1813 449 1863 vestitum
479 1815 701 1862 vestrum
735 1814 896 1877 turpis
928 1813 1132 1862 saltatio
1167 1813 1392 1876 sequitur
1431 1816 1479 1862 et
1517 1810 1739 1874 feminis,
1780 1829 1902 1876 quas

210 1887 503 1949 imitamini,
560 1889 811 1936 cantilena
861 1889 1169 1936 conveniens.
1262 1891 1304 1935 et
1352 1889 1544 1936 tunicae
1592 1889 1814 1936 manicas
1864 1891 1907 1935 et

211 1963 388 2010 haberit
407 1962 694 2010 redimicula
716 1963 913 2010 mitrae:
949 1977 1106 2025 usque
1131 1962 1254 2010 adeo
1285 1963 1338 2009 in
1362 1962 1501 2011 vobis
1533 1963 1757 2011 virorum
1779 1961 1905 2009 nihil

213 2039 310 2096 est,
348 2038 407 2084 ut
444 2052 534 2099 pro
573 2036 756 2085 tunicis
796 2037 863 2085 sit
893 2035 1033 2085 vobis
1072 2037 1325 2084 manicata
1355 2036 1506 2085 vestis
1546 2039 1597 2084 et
1632 2035 1784 2084 mitra
1814 2050 1903 2098 pro

1933 1007 1976 1039 10

1935 1376 1976 1409 15

1935 1746 1978 1779 20

213 2110 372 2174 galea.
434 2125 460 2158 o
499 2124 608 2158 vere
645 2111 886 2171 Phrygiae
925 2110 1099 2170 (neque
1138 2111 1265 2158 enim
1303 2110 1566 2171 Pliryyes):
1604 2112 1791 2171 errant,
1830 2111 1903 2157 in·
1935 2117 1978 2151 2⁵

215 2185 348 2247 quit,
396 2184 620 2247 quisquis
660 2201 747 2233 vos
786 2184 1008 2248 Phryges
1057 2187 1107 2232 et
1144 2201 1243 2232 non
1282 2184 1525 2248 Phrygias
1565 2186 1733 2246 vocat3
1779 2183 1904 2231 nihil

215 2258 346 2306 enim
383 2258 514 2306 inter
551 2273 638 2307 vos
679 2261 729 2306 et
767 2261 957 2307 vestras
996 2259 1227 2307 mulieres
1268 2258 1445 2320 distat,
1483 2274 1612 2306 unus
1651 2257 1791 2307 vobis
1831 2261 1905 2306 est

216 2333 400 2394 cultus,
439 2347 541 2379 una
580 2332 810 2381 debilitas
843 2333 1084 2395 corporis,
1123 2349 1225 2381 una
1257 2332 1517 2382 dissolutio
1547 2333 1743 2380 mentis.
1805 2347 1902 2380 cer-

214 2409 384 2454 tamen
422 2406 563 2455 vobis
605 2409 679 2454 est
716 2407 985 2454 maximum
1022 2410 1080 2456 ut
1116 2406 1445 2470 turpitudinis
1485 2407 1647 2455 studio
1694 2406 1903 2454 feminas

216 2482 406 2529 vestras
445 2479 649 2528 nitendo
690 2480 947 2542 superetis.
1016 2482 1079 2529 ite
1110 2496 1202 2542 per
1240 2481 1342 2529 alta
1380 2481 1655 2541 Dindyma,
1695 2481 1780 2528 abi
1819 2480 1904 2528 ad·
1936 2488 1978 2520 30

216 2556 364 2603 saetis
414 2556 616 2614 biforem
666 2555 751 2602 dat
799 2555 919 2603 tibia
970 2558 1178 2603 cantum.
1254 2559 1487 2615 tympana
1535 2569 1620 2602 vos
1658 2555 1905 2621 humusque

115 2638 199 2678 620
217 2632 389 2677 vocant
425 2629 716 2690 Berecyntia
753 2630 927 2676 matris
972 2629 1180 2677 Idaeae:
1226 2631 1434 2692 apparet
1479 2629 1567 2690 qui
1613 2629 1745 2688 sitis,
1792 2643 1904 2675 cum

339 2775 362 2813 3
397 2776 581 2814 excusat
603 2769 645 2812 V
677 2770 875 2814 excludit
907 2770 977 2813 ed.
1070 2774 1096 2813 8
1129 2770 1401 2826 adaequatio
1433 2769 1505 2813 ed.
1603 2773 1658 2811 14
1689 2769 1905 2824 quoniam

219 2843 306 2874 om.
342 2829 412 2873 ed.
515 2834 567 2872 17
601 2842 749 2874 croceo
774 2828 827 2871 V.
929 2834 984 2872 20
1015 2830 1167 2885 inquit
1197 2843 1284 2872 om.
1311 2829 1381 2872 ed.
1474 2833 1527 2871 21
1560 2828 1743 2882 feminis
1773 2829 1905 2883 quasi

219 2890 459 2932 mitamina
489 2888 530 2931 V
569 2888 845 2942 feminarum
882 2889 1052 2932 similes
1090 2890 1195 2932 estis
1237 2888 1308 2932 ed.
1430 2892 1486 2931 22
1529 2887 1760 2931 cantilena
1802 2900 1904 2930 con·

218 2949 401 2991 veniens
431 2961 517 2991 om.
545 2947 615 2990 ed.
662 2947 666 3005 Ι
711 2948 869 2991 tunica
891 2946 946 2990 V.
1055 2952 1111 2990 24
1134 2948 1340 3003 prolucis
1363 2945 1405 2989 V
1427 2959 1517 3002 pro
1547 2947 1688 2990 scutis
1719 2945 1789 2989 ed.
1816 2958 1905 3001 pro

218 3008 388 3050 tunicis
418 3020 513 3049 noe.
638 3011 692 3049 25
725 3020 854 3050 verae
887 3006 957 3049 ed.
1006 3008 1009 3064 k
1060 3011 1182 3051 errat
1213 3006 1282 3050 ed.
1407 3010 1461 3049 32
1496 3005 1826 3062 bereehyrictiae
1848 3003 1904 3047 V.
