2050 3226
774 182 1078 228 AENEIDOS
1110 180 1155 226 X
1703 184 1812 238 393

118 324 297 374 fuisset
334 325 384 373 et
420 322 647 372 textum?
694 322 1025 387 descriptione
1063 323 1266 386 peracta
1303 322 1528 384 percussi
1564 322 1815 371 subnectit

118 401 169 448 et
197 399 467 463 imaginem
497 397 774 446 morientis:
804 397 1096 458 inplevitque
1125 397 1266 446 sinus
1296 395 1525 457 sanquis:
1564 397 1686 458 quia
1714 413 1814 444 me-

119 473 256 522 dium
285 474 516 522 iuvenem
547 471 676 520 dixit
705 487 810 521 esse
834 486 1122 535 percussum
1143 471 1238 520 hoc
1269 471 1346 519 est
1369 485 1524 532 supra
1545 470 1815 534 cingulum,

120 547 315 596 addidit
345 547 452 596 eius
483 547 779 610 sanguinem
809 546 973 594 sinum
1003 545 1261 595 morientis
1291 545 1520 608 inplesse.
1582 547 1685 592 tum
1714 545 1817 592 vita

2 608 10 694 ’ξ
67 634 89 668 ⁵
114 635 206 682 per
255 634 410 670 auras
459 621 689 669 concessit
735 624 923 669 maesta
969 619 1036 669 ad
1079 619 1244 669 manis
1290 632 1556 680 corpusque
1600 619 1817 678 reliquit:
1834 627 1920 668 820

3 796 10 861 ’1

3 913 89 1047 11.

6 1242 14 1302 ἓ

9 1351 89 1408 '15

119 695 273 757 unde,
313 695 406 756 ait,
445 696 649 759 sanguis
689 694 871 743 effusus
912 696 988 743 est
1024 694 1228 743 recessit
1265 695 1316 743 et
1353 694 1474 742 vita.

237 766 308 816 At
346 783 473 826 vere,
520 769 708 817 vultum
752 772 808 816 ut
843 768 966 817 vidit
1001 769 1251 816 morientis
1297 770 1341 815 et
1376 781 1487 824 ora,
1534 780 1626 815 ora
1662 766 1819 814 modis

118 842 444 892 Anchisiades
465 843 709 903 pallentia
738 843 899 899 miri-3,
933 843 1166 904 inyemuit
1192 841 1436 890 miserans
1462 841 1678 902 yraviter
1708 840 1820 889 dex-

118 921 338 977 tramque
364 917 579 966 'tetendit
623 920 667 966 et
715 919 919 965 mentem
956 916 1157 976 patriae
1200 915 1351 964 subiit
1389 914 1586 976 pietatis
1630 915 1791 976 imayo
1804 931 1820 962 .-

119 991 335 1054 Aeneas‚
366 993 425 1039 ut
454 990 585 1040 vidit
606 991 804 1040 vultum
834 989 1092 1040 morientis
1123 990 1263 1039 miris
1294 989 1454 1038 modis
1483 989 1673 1052 pallore
1705 1004 1818 1038 con·

119 1066 308 1128 fusum,
349 1066 598 1130 ingemuit
636 1064 858 1130 graviter
895 1066 1046 1128 plena
1090 1064 1410 1114 miseratione
1456 1065 1730 1112 commotus
1769 1065 1821 1112 et

118 1140 334 1189 tetendit
364 1140 631 1188 dexteram.
683 1154 770 1188 cur
798 1140 892 1188 hoc
927 1137 1101 1188 fecerit
1137 1139 1312 1187 multis
1350 1138 1659 1201 interpositis
1699 1135 1819 1186 dici·

118 1216 203 1263 tur
234 1208 409 1281 (831),
439 1213 632 1263 interea.
662 1214 795 1262 redit
825 1214 890 1262 ad
919 1213 1254 1262 miserationis
1285 1213 1468 1276 partis,
1498 1214 1558 1261 ut
1589 1211 1821 1261 ostendat

121 1305 180 1337 ex
226 1304 326 1351 qua
379 1303 532 1337 causa
575 1287 830 1336 miseratio
878 1287 991 1351 ipsa
1036 1287 1267 1336 videatur
1316 1285 1558 1335 extitisse:
1604 1287 1822 1334 mentem

118 1362 300 1426 ipsius,
338 1362 528 1425 inquit,
568 1363 837 1411 commovit
874 1362 1005 1410 ratio
1044 1361 1275 1424 pietatis,
1315 1360 1434 1423 quia
1471 1361 1640 1409 fuerat
1676 1363 1822 1424 pater

120 1439 171 1485 et
207 1435 343 1500 patri
380 1435 612 1500 religioso
660 1437 901 1485 servierat
947 1451 1108 1499 neque
1147 1435 1374 1500 fugiebat
1416 1451 1531 1483 eum
1570 1435 1691 1497 quid
1729 1432 1822 1482 filii

118 1510 433 1574 parentibus,
472 1510 596 1573 quid
633 1511 864 1573 parentes
904 1509 1116 1558 debeant
1153 1510 1337 1559 liberis,
1395 1509 1513 1568 quid
1549 1509 1638 1557 tibi
1674 1523 1819 1565 nunc,
1838 1515 1925 1555 825

118 1585 395 1634 miserande
418 1599 560 1646 puer,
590 1599 688 1645 pro
729 1585 960 1633 laudibus
989 1585 1118 1641 istis,
1159 1584 1276 1645 quid
1299 1583 1418 1644 pius
1448 1581 1645 1631 Aeneas
1683 1585 1823 1631 tanta

120 1660 257 1708 dabit
284 1659 447 1707 indole
477 1659 712 1720 diynwm?
752 1661 916 1715 arma,
951 1659 1126 1718 quibus
1158 1659 1386 1714 laetatus,
1419 1657 1541 1706 habe
1570 1660 1657 1705 tua
1688 1660 1822 1716 teque

47 1746 91 1781 ιο
113 1737 379 1794 parentum
407 1734 638 1782 manibus
661 1736 706 1781 et
727 1733 898 1789 cineri,
923 1734 968 1781 si
999 1747 1097 1793 qua
1129 1736 1199 1781 est
1228 1747 1286 1781 ea
1317 1746 1458 1788 cura,
1483 1732 1684 1780 remitto,
1736 1731 1824 1779 lzoc

120 1811 282 1856 tamen
303 1808 478 1868 infelix
499 1807 732 1856 miseram
754 1807 971 1856 solabere
993 1810 1213 1868 mortem,
1241 1804 1437 1854 Aeneae
1459 1805 1628 1867 mayni
1651 1805 1823 1853 dextra
1839 1809 1926 1850 830

122 1882 282 1930 cadis:
305 1881 612 1930 deliberabat
627 1881 820 1931 Aeneas
846 1881 970 1944 quid
992 1881 1238 1930 conferret
1259 1882 1480 1943 mortuo²
1505 1879 1586 1928 cui
1608 1880 1824 1928 salutem

121 1956 291 2004 volens
329 1958 583 2018 praestare
621 1971 721 2004 non
759 1955 938 2018 potuit.
994 1955 1132 2004 volui
1169 1957 1241 2016 te,
1287 1955 1475 2018 inquit,
1513 1969 1640 2016 puer
1676 1954 1822 2002 mise-

121 2029 297 2091 rande,
337 2044 558 2091 servare‚
594 2028 822 2078 invidisti
863 2045 924 2078 ne
955 2029 1196 2077 facerem:
1236 2028 1358 2091 quid
1395 2044 1527 2076 nunc
1556 2027 1821 2092 praestabo

121 2105 396 2167 prostrato,
437 2120 584 2166 quem
621 2102 792 2152 vivum
829 2118 1026 2152 servare
1067 2101 1334 2152 contendi?
1374 2102 1495 2165 quid
1532 2104 1691 2151 restat
1720 2102 1822 2165 pie·

121 2178 220 2227 tati
251 2178 387 2241 quod
418 2178 642 2226 conferat
672 2177 718 2226 ei
748 2177 937 2226 scilicet
969 2176 1108 2226 cuius
1140 2178 1298 2225 morte
1330 2177 1548 2241 gaudere
1579 2192 1679 2225 non
1709 2191 1821 2239 pos-

123 2250 267 2302 sum?
307 2253 486 2301 aetatis
518 2254 636 2299 tuae
666 2251 860 2301 iuvenis
900 2267 1000 2299 non
1030 2254 1198 2314 potest
1229 2251 1457 2300 accedere
1488 2251 1652 2299 titulis
1683 2251 1822 2310 meiS‚

123 2341 223 2374 non
261 2342 464 2389 possum
511 2324 718 2389 gloriari
757 2326 815 2373 de
854 2341 1009 2388 puero
1057 2328 1108 2373 et
1146 2325 1206 2374 de
1256 2341 1313 2374 eo
1354 2326 1442 2388 qui
1486 2324 1615 2374 mori
1652 2323 1821 2387 potius

123 2400 304 2449 maluit
342 2416 493 2463 quam
538 2401 733 2462 patrem
771 2398 938 2447 videre
984 2399 1279 2448 confectum.
1342 2399 1470 2447 ferre
1520 2414 1619 2446 non
1659 2399 1825 2460 potest

125 2474 319 2523 animus
350 2477 411 2523 ut
441 2475 592 2523 armis
624 2474 725 2522 tuis
749 2475 956 2536 tropaea
984 2489 1275 2537 conponam.
1315 2489 1477 2534 arma,
1511 2472 1691 2535 quibus
1723 2472 1822 2519 lae-

124 2550 285 2609 tatus,
316 2548 443 2596 habe
473 2551 584 2611 tua3
616 2563 716 2595 non
747 2548 879 2595 enim
910 2549 1140 2597 convenit
1162 2548 1284 2597 haec
1317 2547 1470 2596 alicui
1501 2546 1591 2594 deo
1625 2545 1824 2594 conlata

126 2716 306 2747 marum
336 2704 498 2758 fuisset
528 2708 570 2748 et
599 2708 770 2749 textum
793 2701 836 2746 V
866 2704 1041 2747 temere
1072 2705 1187 2748 mut.
1214 2704 1284 2747 ed.
1408 2707 1433 2745 2
1473 2703 1626 2755 sinus,
1657 2700 1740 2745 sed
1774 2700 1824 2744 in

127 2761 319 2818 interpr.
349 2764 503 2807 sinum
533 2762 588 2806 V.
711 2766 739 2805 4
777 2761 912 2806 addit
948 2762 1021 2807 ed.
1143 2767 1168 2806 7
1204 2768 1256 2807 ut
1293 2763 1470 2806 vultum
1501 2760 1572 2804 ed.
1607 2762 1654 2804 et
1685 2759 1823 2816 Verg.

128 2819 250 2865 libri.
374 2825 401 2866 8
447 2822 654 2866 dextram
700 2821 799 2864 sine
846 2834 930 2876 que
967 2820 1022 2865 V.
1154 2826 1207 2865 13
1246 2822 1401 2877 partis
1438 2819 1480 2879 V
1523 2833 1709 2863 causam
1752 2819 1822 2862 ed.

131 2883 187 2922 14
211 2893 381 2936 exquae
403 2894 591 2925 causam
613 2880 655 2924 V
681 2893 794 2924 corr.
821 2880 893 2923 ed.
980 2885 1035 2924 16
1067 2881 1275 2938 reliyioso
1299 2879 1342 2922 V
1373 2893 1445 2923 -se
1477 2878 1548 2922 ed.
1635 2882 1689 2922 25
1716 2891 1824 2934 pro-

16 2931 19 3003 }
48 2950 51 2952 ’
129 2943 272 2983 strato
308 2939 348 2982 V
389 2940 474 2984 tibi
517 2940 588 2983 ed.
719 2943 773 2983 27
817 2939 976 2994 inlinis
1010 2939 1052 2983 V
1092 2940 1201 2984 inde
1241 2940 1349 2994 finis
1391 2938 1463 2982 ed.
1507 2939 1685 2982 iuvenis
1726 2950 1824 2981 noe.

132 3000 187 3040 29
219 2999 402 3043 malluit
424 2998 467 3042 V
498 2999 643 3044 voluit
673 2998 744 3043 ed.
