2054 3208
789 130 1096 176 AENEIDOS
1118 131 1207 176 VII
1808 133 1843 187 5

149 271 387 335 consequi
421 272 592 321 debuit
629 271 866 335 cuiusque
905 273 1015 320 erat
1049 273 1215 319 totum
1253 270 1496 334 quicquid
1524 287 1614 335 per
1641 271 1847 320 Aenean

147 347 386 395 Romanis
434 347 584 396 rebus
636 361 870 410 prospere
918 344 1175 395 videretur
1210 345 1522 408 feliciterque
1561 344 1848 394 conlatum?

149 424 404 470 aeternam
458 422 676 469 moriens
732 420 942 481 famam,
997 417 1192 480 Caieta,
1245 418 1452 468 dedisti:
1514 436 1546 468 a
1597 420 1847 468 contrario

148 495 312 544 laudis
352 497 697 559 augmentum3
738 497 859 542 tunc
897 494 1029 542 enim
1068 493 1226 542 crevit
1262 494 1369 542 eius
1407 509 1587 542 nomen
1625 496 1677 542 et
1712 493 1848 542 fama

97 581 118 614 ⁶
149 569 350 632 quando
387 570 673 618 interventu
708 567 886 616 mortis
924 567 1096 630 potuit
1132 567 1336 616 aboleri.
1398 568 1532 630 quod
1562 568 1755 616 factum
1785 566 1850 616 ad

147 644 346 692 Aeneae
394 643 595 691 laudem
642 643 819 706 procul
868 642 1019 691 dubio
1068 644 1355 703 revocatur,
1403 642 1494 704 qui
1544 641 1741 690 curavit
1787 658 1849 689 ne

147 720 262 780 post
311 717 501 766 altricis
550 732 668 765 suae
717 717 956 765 ultimum
992 716 1156 765 fatum
1192 718 1359 765 totum
1397 716 1493 765 sibi
1529 717 1707 765 mortis
1744 717 1850 764 eius

148 792 309 841 exitus
347 791 647 852 vindicaret,
684 790 815 839 unde
854 791 1043 839 factum
1083 793 1159 838 est
1195 793 1275 852 ut,
1307 790 1611 839 contrarium
1642 793 1849 838 naturae

149 882 276 928 quae
314 866 426 915 finis
463 866 724 914 hominum
759 867 919 914 morte
960 865 1234 926 concludit,
1272 865 1488 914 nominis
1528 865 1708 914 saltem
1737 880 1849 928 pro-

74 952 118 984 10
148 942 406 988 curaretur
454 939 739 988 aeternitas,
817 942 869 987 et
916 954 1050 987 nunc
1099 942 1266 987 servat
1309 939 1467 988 honos
1507 939 1674 988 sedem
1709 940 1850 987 tuus:

149 1014 274 1062 dixit
302 1030 456 1076 nunc,
489 1014 616 1062 dixit
646 1014 798 1062 etiam
826 1014 907 1061 his
936 1013 1243 1076 temporibus
1284 1014 1483 1075 quando
1517 1014 1641 1062 haec
1671 1013 1850 1062 scribe-

147 1089 344 1137 bantur.
407 1089 494 1138 sed
533 1088 666 1150 quod
705 1088 778 1136 ait
815 1090 866 1136 et
902 1103 1056 1149 nunc,
1094 1088 1188 1135 hoc
1227 1104 1424 1150 quoque
1464 1088 1529 1136 ad
1567 1089 1675 1136 eius
1704 1088 1851 1136 meri·

147 1165 257 1211 tum
310 1163 520 1224 accedit,
581 1164 640 1211 ut
697 1162 952 1226 integrum
1010 1162 1250 1210 transiret
1307 1162 1372 1210 ad
1431 1164 1657 1224 posteros
1719 1161 1853 1225 quod

147 1238 345 1285 Aeneae
382 1236 688 1300 temporibus
728 1236 944 1285 viventis
984 1236 1403 1298 contemplatione
1444 1239 1696 1286 servatum
1730 1238 1851 1284 erat.

75 1321 118 1355 15
149 1315 200 1359 et
236 1327 369 1359 nunc
408 1312 575 1359 servat
610 1311 767 1359 honos
807 1310 973 1359 sedem
1009 1312 1152 1359 tuus:
1190 1311 1348 1359 honos
1381 1313 1501 1360 tuus
1536 1310 1689 1359 etiam
1720 1326 1853 1359 nunc

149 1391 317 1435 servat
365 1386 552 1446 sedem,
603 1386 698 1434 hoc
747 1387 824 1433 est
873 1385 1095 1433 defertur
1142 1385 1222 1433 illi
1269 1385 1381 1434 loeo
1434 1385 1853 1448 contemplatione

147 1460 350 1508 honoris
399 1460 480 1508 tui
528 1461 578 1507 et
627 1460 697 1508 sic
747 1458 1028 1508 custoditur
1077 1460 1184 1508 eius
1230 1459 1519 1523 integritaS,
1563 1461 1625 1508 ut
1661 1475 1855 1522 semper

148 1536 351 1582 maneat
399 1537 450 1582 et
498 1534 642 1582 firma
689 1534 905 1582 nominis
957 1534 1253 1582 aeternitate
1306 1533 1558 1597 perduret.
1642 1549 1853 1596 ossaque

149 1624 327 1657 nomen
373 1608 618 1671 Hesperia
661 1607 716 1655 in
760 1623 968 1671 magna,
1008 1607 1051 1656 si
1089 1623 1189 1671 qua
1228 1611 1305 1656 est
1343 1624 1402 1656 ea
1440 1607 1624 1672 gloria,
1665 1609 1853 1672 signat:

75 1691 119 1723 ²⁰
149 1682 279 1731 mira
326 1684 457 1731 ratio
506 1684 586 1743 ut,
636 1698 751 1730 cum
794 1682 1052 1731 viventum
1101 1698 1282 1730 nomen
1327 1683 1410 1730 vix
1454 1683 1588 1731 inter
1630 1682 1854 1730 homines

150 1758 318 1806 valeat
356 1758 592 1816 eminere,
629 1757 779 1804 huius
829 1772 942 1805 ossa
991 1773 1081 1819 per
1122 1756 1462 1805 celebritatem
1499 1756 1715 1805 nominis
1746 1773 1854 1819 per-

151 1831 316 1894 petuis
366 1831 673 1893 temporibus
725 1846 783 1879 ac
829 1831 1041 1879 saeculis
1080 1831 1439 1893 praeferantur.
1515 1830 1760 1894 Hesperia
1803 1831 1855 1878 in

150 1922 354 1969 magna:
394 1907 538 1953 tanta
576 1904 744 1953 extitit
781 1905 1037 1954 condentis
1076 1907 1379 1967 reverentia,
1417 1907 1590 1954 tantus
1629 1906 1855 1968 sepultae

151 1981 332 2040 1101103,
381 1981 441 2027 ut
476 1979 529 2026 in
566 1994 751 2043 magna
788 1979 967 2027 Italiae
1013 1979 1277 2028 latitudine
1315 1995 1443 2029 unus
1483 1980 1704 2028 omnium
1743 1995 1855 2028 con—

0 2056 1 2059 ’
79 2059 122 2092 ²⁵
153 2069 323 2102 sensus
375 2054 657 2116 gratissime
702 2055 967 2102 teneretur.
1045 2054 1089 2102 si
1139 2071 1238 2116 qua
1284 2056 1360 2102 est
1406 2070 1465 2102 ea
1502 2054 1687 2118 gloria:
1738 2054 1858 2102 fecit

153 2128 348 2175 Aeneas
388 2127 521 2190 quod
560 2127 624 2175 ad
659 2127 895 2190 religiosa
935 2127 1100 2175 officia
1145 2129 1412 2190 pertinuit3
1459 2129 1544 2176 sed
1583 2144 1696 2177 cum
1733 2127 1856 2176 nihil

154 2202 339 2250 mortui
385 2201 605 2250 sentiant
650 2203 700 2248 et
746 2202 903 2251 omnis
954 2202 1139 2266 gloria,
1190 2202 1388 2251 etiamsi
1436 2203 1544 2250 ulla
1594 2204 1671 2250 est
1724 2202 1857 2264 apud

154 2276 400 2337 homines,
454 2275 640 2324 caduca
693 2275 760 2323 sit
813 2278 863 2323 et
914 2276 1097 2324 habeat
1149 2277 1319 2338 finem,
1378 2277 1499 2339 quid
1555 2276 1747 2339 profuit
1804 2275 1857 2323 id

156 2350 354 2411 fecisse,
413 2350 512 2398 nisi
568 2352 628 2397 ut
685 2349 947 2398 satisfieret
994 2351 1182 2412 animo,
1231 2352 1318 2413 qui
1366 2351 1598 2415 religioso
1649 2350 1856 2398 nutricis

0 2445 2 2453 ·
40 2486 41 2489 ¹
84 2429 127 2461 ³⁰
158 2439 276 2472 suae
312 2424 579 2472 tenebatur
617 2423 850 2472 adfectu?
926 2427 978 2471 at
1016 2426 1135 2484 laius
1177 2426 1389 2484 exequiis
1422 2423 1619 2473 Aeneas
1656 2426 1746 2471 rite
1784 2438 1857 2471 so-

159 2498 273 2546 lutis
332 2512 502 2558 ayyere
551 2499 791 2558 conposito
841 2499 1040 2546 tumuli:
1141 2499 1460 2562 exequiarum
1518 2499 1738 2547 ordinem
1800 2513 1857 2545 ac

159 2573 312 2619 ritum
349 2573 402 2619 in
442 2572 652 2619 aliorum
689 2572 943 2620 funeribus
980 2574 1130 2634 poeta
1159 2574 1482 2635 monstravit,
1514 2588 1723 2634 cumque
1754 2572 1856 2620 iam

283 2717 304 2755 1
361 2714 492 2756 cuius
545 2718 734 2767 quaerat
778 2713 820 2756 V
874 2715 1091 2770 cuiusque
1143 2720 1242 2759 erat
1302 2727 1385 2757 nos
1447 2715 1578 2757 euius
1630 2718 1728 2757 erat
1784 2712 1855 2756 ed.

163 2776 189 2813 2
226 2773 480 2827 prospicere
512 2769 551 2812 V
584 2785 797 2827 prospere
836 2786 951 2816 corr.
985 2773 1057 2817 ed.
1180 2779 1205 2816 5
1238 2775 1538 2817 interventum
1562 2770 1604 2813 V
1637 2785 1751 2815 corr.
1784 2772 1855 2816 ed.

165 2835 221 2873 14
261 2835 489 2874 servatum
523 2829 564 2873 V
606 2844 640 2874 s.
677 2836 776 2875 erat
817 2831 888 2875 ed.
929 2845 1026 2875 nos.
1181 2837 1234 2874 19
1281 2834 1436 2888 signat
1469 2831 1510 2874 V
1556 2832 1743 2887 siynant
1784 2831 1855 2875 ed.

164 2893 220 2991 ἓξ
245 2890 592 2991 Ῑῖτναεΐετνεηέαν
622 2889 692 2932 ed.
798 2894 853 2933 23
884 2892 1087 2946 sepultae
1110 2890 1151 2934 V
1182 2892 1440 2946 sepulturae
1471 2890 1542 2934 ed.
1637 2894 1694 2933 30
1725 2890 1857 2944 affee-

216 2961 239 2991 s
335 2961 447 2992 corr.
482 2961 506 2992 e
545 2983 553 2991 .
