2050 3226
230 145 302 198 42
702 141 936 187 DONATI
965 141 1246 186 INTERPR.
1273 141 1453 187 VERG.

230 282 486 345 praedicta
535 298 685 345 super
731 282 863 332 votis
916 281 1050 330 filiae
1100 297 1204 331 esse
1255 282 1500 344 conpleta.
1581 280 1712 344 [dii]
1759 286 1927 331 nostra

126 365 214 406 260
229 358 421 417 incepta
473 357 735 406 secundent
785 358 1141 418 auyuriumque
1196 371 1365 404 suwm:
1441 356 1575 419 quod
1629 372 1929 420 magnopere

231 430 567 480 desideramus
615 431 798 493 inpleri
844 430 1243 480 commendamus
1290 430 1409 491 diis,
1447 431 1501 477 in
1541 446 1754 493 quorum
1790 433 1927 493 pote·

232 507 361 554 state
413 507 530 554 sunt
580 521 707 568 quae
753 505 891 553 interv
927 503 1151 553 homines
1198 506 1437 568 aguntur,
1481 503 1594 552 ideo
1633 505 1705 553 sic
1744 504 1929 567 coepit:

231 579 302 627 dii
339 580 540 628 tantum
578 580 764 641 coeptis
803 580 987 628 nostris
1025 579 1251 639 faveant,
1289 579 1382 626 hoc
1421 580 1497 626 est
1533 578 1610 626 his
1650 594 1778 641 quae
1817 594 1930 627 con-

175 666 180 668 ’
230 655 454 702 tinentur
497 653 794 702 tractatibus
836 653 1034 702 nostris.
1109 653 1203 701 hoc
1241 655 1439 715 optasse
1477 654 1644 714 potest
1680 653 1928 716 pertinere

232 728 297 776 ad
340 728 544 790 nuptias
590 728 743 788 filiae,
790 743 941 790 super
985 726 1163 789 quibus
1201 727 1386 775 tacitus
1425 726 1604 775 habuit
1639 729 1928 788 tractatum,

229 802 439 864 ideoque
488 818 589 849 non
639 801 783 850 debet
831 801 1002 849 ceteris
1055 816 1159 849 esse
1197 800 1536 862 coniunctum,
1575 803 1634 849 ut
1671 801 1819 863 quasi
1854 818 1929 849 re-

231 875 512 938 sponsionis
561 875 625 924 ad
662 875 907 923 Ilioneum
950 875 1066 922 inde
1113 876 1338 922 sumatur
1377 875 1599 937 initium3
1638 876 1815 924 melius
1855 876 1932 924 est

232 950 365 998 enim
401 951 460 998 ut
499 949 594 998 sibi
630 949 684 997 id
722 950 903 998 dixisse
934 948 1179 1010 videatur,
1209 950 1329 997 tunc
1360 948 1558 997 demum
1590 948 1653 997 ad
1684 949 1930 997 Ilioneum

231 1025 399 1087 ipsum
436 1024 623 1072 claram
659 1023 845 1087 dirigat
875 1038 1044 1071 vocem
1077 1022 1242 1071 dicens
1289 1023 1500 1079 dabitur,
1535 1024 1771 1080 Troiane,
1805 1023 1932 1083 quod

231 1101 394 1158 optas:
435 1097 754 1161 responsione
784 1097 980 1146 modica
1009 1099 1175 1145 totum
1205 1097 1471 1159 conplexus
1505 1099 1602 1158 est,
1633 1097 1931 1162 largiturum

232 1188 283 1220 se
333 1171 470 1234 quod
518 1173 683 1220 fuerat
730 1172 1055 1234 postulatum.
1140 1171 1411 1218 Troianum
1465 1171 1762 1234 appellavit,
1813 1172 1931 1234 quia

231 1261 410 1294 nomen
441 1246 603 1310 gentis
635 1247 799 1295 solum
827 1247 1050 1306 noverat,
1073 1245 1319 1293 Ilioneum
1350 1246 1517 1293 autem
1541 1245 1640 1293 dici
1666 1246 1930 1294 nesciebat.

230 1335 438 1368 munera
482 1334 570 1368 nec
615 1334 813 1379 sperno:
871 1321 964 1368 hoc
1013 1320 1121 1368 loco
1171 1320 1349 1367 melius
1400 1319 1642 1382 probatur
1686 1319 1930 1368 Ilioneum

231 1411 333 1443 non
377 1410 467 1456 pro
513 1394 690 1442 merito
730 1394 926 1442 Aeneae
971 1409 1132 1455 neque
1171 1409 1262 1455 pro
1299 1394 1477 1441 merito
1517 1392 1688 1441 Latini
1724 1410 1931 1442 munera

233 1467 493 1530 obtulisse,
539 1483 653 1516 cum
697 1468 862 1530 ipsum
901 1467 1138 1516 Latinum
1182 1469 1388 1515 inducat
1435 1467 1680 1515 dicentem
1723 1484 1931 1516 munera

233 1557 322 1590 nec
369 1558 560 1605 sperno.
636 1541 834 1590 videtur
879 1543 1010 1590 enim
1056 1541 1236 1590 dixisse
1285 1557 1374 1590 nec
1418 1541 1625 1604 speretis
1672 1542 1808 1604 apud
1850 1558 1930 1590 me

233 1631 323 1680 pro
377 1617 556 1664 merito
606 1619 886 1664 vestrorum
938 1633 1202 1663 munerum
1251 1619 1473 1664 vestrum
1522 1616 1756 1663 meritum
1809 1617 1928 1678 fore⁷

234 1706 360 1752 quae
410 1690 593 1738 idcirco
645 1691 835 1752 accepi,
885 1707 945 1737 ne
997 1689 1308 1738 arbitremini
1356 1691 1410 1737 in
1456 1705 1626 1737 eorum
1662 1691 1927 1738 reiectione

234 1764 505 1813 amicitiam
559 1779 755 1826 quoque
809 1765 962 1812 vestri
1015 1764 1229 1811 nominis
1287 1778 1391 1811 esse
1447 1763 1744 1825 despectam.
1835 1765 1928 1813 hoc

235 1838 322 1900 qui
359 1839 536 1886 melius
578 1839 717 1900 cupit
756 1838 1011 1886 advertere
1053 1837 1115 1885 ad
1155 1837 1459 1886 oblationem
1495 1837 1722 1900 ipsorum
1755 1854 1927 1886 mune·

232 1929 345 1959 rum
381 1912 551 1960 redeat
589 1914 639 1959 et
675 1911 896 1960 inveniet
932 1911 1175 1959 Ilioneum
1213 1913 1266 1958 in
1305 1911 1638 1975 legationibus
1674 1912 1928 1974 perficien-

235 1987 310 2035 dis
349 1985 756 2048 probatissimum
795 1986 997 2034 dixisse:
1030 2001 1157 2047 quae
1191 1986 1339 2034 offero
1372 2002 1529 2048 parva
1559 1987 1783 2048 fuerunt,
1816 2002 1927 2035 cum

233 2060 285 2107 in
338 2075 429 2108 suo
483 2061 619 2108 statu
673 2060 876 2107 fortuna
929 2060 1146 2108 Troiana
1204 2059 1514 2122 consisteret3
1575 2077 1748 2109 verum
1808 2060 1927 2122 quia

234 2134 430 2196 potiora
467 2133 736 2195 perierunt,
776 2149 927 2193 sume⁷
966 2134 1147 2195 inquit,
1187 2150 1286 2182 non
1326 2134 1460 2195 quod
1499 2149 1549 2182 es
1587 2134 1810 2195 meritus,
1842 2134 1928 2182 sed

234 2207 371 2270 quod
419 2208 589 2270 potuit
636 2208 839 2255 liberari
886 2207 944 2254 de
996 2207 1220 2255 flammis.
1295 2208 1508 2269 interea,
1548 2209 1669 2270 quia
1708 2208 1926 2256 Ilioneus

234 2283 420 2343 perisse
467 2297 662 2329 omnem
700 2281 1033 2330 substantiam
1072 2282 1398 2330 Troianorum
1439 2282 1632 2329 dixerat
1671 2284 1720 2330 et
1756 2298 1925 2329 mune-

234 2372 347 2403 rum
401 2355 620 2418 qualitas
677 2356 934 2418 angustias
988 2355 1265 2416 indicabat,
1324 2357 1395 2404 ait
1447 2355 1659 2403 Latinus
1700 2358 1926 2403 'munera

236 2432 402 2479 vestra
452 2445 552 2476 non
600 2430 766 2477 reicio.
855 2432 1071 2477 ceterum
1110 2429 1153 2477 si
1192 2433 1358 2493 egeret
1396 2430 1583 2490 alieno,
1623 2429 1829 2491 diceret,
1867 2431 1927 2477 ut

235 2505 288 2551 in
326 2519 424 2552 usu
462 2506 537 2551 est
575 2503 854 2562 hominum,
893 2503 1014 2550 bene
1060 2520 1137 2551 me
1185 2504 1459 2566 accepistis.
1529 2503 1722 2550 addidit
1758 2506 1926 2551 tamen

236 2579 342 2639 ipse
403 2577 722 2625 liberalitatis
783 2576 1006 2625 infinitae
1067 2578 1390 2639 promissum3
1461 2577 1677 2640 optimus
1742 2577 1924 2639 quippe

358 2782 379 2819 1
418 2782 606 2821 ·.·ostra
638 2775 703 2819 sic
734 2774 776 2818 V
807 2776 876 2819 dii
906 2781 1064 2819 nostra
1096 2776 1155 2818 ad
1191 2781 1258 2832 11,
1285 2781 1367 2820 301
1401 2776 1455 2820 V.
1570 2781 1596 2819 6
1628 2781 1803 2830 optasse
1834 2788 1921 2818 om.

238 2836 309 2879 ed.
434 2839 488 2879 10
531 2836 619 2880 sibi
661 2849 749 2878 om.
783 2834 853 2878 ed.
979 2839 1031 2877 11
1072 2836 1232 2891 diriyit
1274 2836 1345 2879 ed.
1477 2839 1530 2878 13
1570 2835 1851 2891 postulatum
1881 2833 1923 2876 V

238 2900 339 2938 -tus
377 2895 447 2938 ed.
573 2898 627 2936 14
659 2899 809 2937 autem
848 2907 934 2936 om.
969 2893 1040 2937 ed.
1164 2898 1218 2937 19
1249 2900 1444 2939 vestrum
1483 2894 1690 2938 meritum
1729 2906 1816 2935 om.
1851 2892 1921 2936 ed.

240 2958 296 2997 24
326 2953 517 3007 fuerunt
546 2952 588 2996 V
618 2958 725 2996 sunt
756 2952 826 2995 ed.

1963 961 2004 994 1⁰

1962 1331 2004 1364 15

1961 1702 2004 1734 20
