2050 3226
209 161 317 214 506
682 157 916 203 DONATI
943 158 1010 202 IN
1011 157 1226 202 TERPR.
1250 157 1430 203 VERG.

209 314 266 346 ac
305 297 399 347 diis
446 298 728 348 volentibus
774 314 983 362 regnum
1020 297 1198 345 Italiae
1245 297 1514 346 debebatur
1564 301 1615 348 et
1659 299 1899 349 Laviniae

206 372 595 422 matrimonium.
648 375 813 422 totum
843 373 1052 420 noverat
1074 371 1239 419 Diana
1261 388 1351 434 per
1372 374 1650 435 potentiam
1679 374 1898 423 numinis

207 449 257 495 et
295 447 482 496 sciebat
526 446 839 511 sacrilegium
879 461 1005 506 esse,
1052 445 1094 493 si
1133 445 1245 507 quis
1294 448 1467 494 contra
1505 447 1720 497 Teucros
1761 465 1900 497 arma

207 523 425 569 sumeret
455 523 546 569 aut
575 520 695 568 belli
725 522 974 568 certamen
1003 520 1228 568 intraret.
1292 521 1424 583 quod
1453 538 1570 571 vero
1604 522 1675 571 ait
1707 524 1900 585 conata,

207 595 424 644 ostendit
453 595 506 642 in
539 594 764 643 audendo
797 593 1141 642 difficultatem
1174 595 1225 641 et
1255 609 1405 643 ausus
1437 595 1681 644 eiusmodi
1703 612 1803 644 non
1826 612 1900 645 se·
1952 611 1973 645 ⁵

207 672 408 718 cuturos
433 670 654 730 effectus,
680 671 885 717 conatus
911 668 1040 716 enim
1066 667 1338 716 secundum
1362 667 1725 719 Sallustianum
1748 671 1900 719 etiam

148 792 152 795 ,
205 760 391 792 morem
443 745 617 805 coepta
667 742 935 806 significat,
985 758 1085 790 non
1134 744 1303 791 tamen
1350 743 1555 805 inpleta.
1617 759 1737 793 cara
1780 745 1901 792 mihi

206 818 519 877 comitumque
555 817 681 877 foret
715 831 848 864 nuuc
884 831 990 864 uua
1025 830 1271 864 mearum:
1320 817 1362 865 si
1399 817 1514 879 hoc,
1561 818 1751 881 inquit,
1800 834 1899 866 non

204 892 421 952 fecisset,
460 893 629 953 posset
660 891 822 939 adhuc
851 891 977 938 mihi
1008 906 1124 939 cara
1159 892 1208 939 et
1239 906 1401 940 comes
1433 907 1537 940 esse
1569 907 1680 940 cum
1711 892 1898 941 ceteris.

203 966 324 1014 haec
355 965 560 1013 dicendo
593 965 813 1014 ostendit
841 981 956 1013 mox
988 980 1093 1013 esse
1123 965 1420 1027 perituram,
1453 965 1539 1014 sed
1570 966 1704 1029 quod
1734 967 1900 1015 fuerat
1930 982 1973 1014 10

203 1040 487 1088 luctuosum
534 1039 748 1088 amantis
799 1040 965 1088 animo
1014 1038 1271 1087 nominare
1321 1055 1421 1087 non
1474 1041 1655 1102 potuit.
1731 1055 1899 1089 verum

204 1128 310 1175 aye,
351 1113 740 1175 quandoquidem
776 1114 897 1173 fatis
933 1116 1134 1174 uryetur
1169 1114 1374 1173 iniquiS,
1418 1111 1630 1175 Habere,
1669 1115 1897 1175 nympha,

196 1188 310 1247 polo
340 1188 550 1249 finisque
579 1189 735 1236 invise
764 1188 995 1244 Latinae,
1035 1188 1188 1235 tristis
1225 1189 1312 1236 ubi
1345 1189 1562 1248 infausto
1594 1189 1900 1236 committitur

99 1269 185 1310 590
201 1262 359 1310 omine
380 1277 583 1323 puqua;
619 1263 737 1310 haec
767 1276 883 1321 cape
915 1265 957 1309 et
985 1262 1205 1309 ultricem
1228 1263 1465 1321 pharetra
1500 1262 1723 1322 deprome
1752 1263 1898 1323 309ἱί-

201 1339 326 1384 tam.-
370 1337 462 1384 hac
500 1337 783 1397 quicumque
820 1350 1017 1384 sacrum
1054 1336 1252 1384 violarit
1294 1336 1493 1384 vulnere
1531 1350 1726 1397 corpuS,
1776 1337 1900 1384 Tros
1931 1350 1972 1384 1⁵
2032 1365 2038 1392 s

201 1410 477 1470 Italusque,
523 1411 643 1458 mihi
675 1411 866 1471 pariter
903 1410 981 1457 det
1017 1411 1258 1470 sanquine
1286 1408 1522 1472 poeuaSJ:
1573 1411 1694 1473 (11113
1731 1411 1900 1474 potuit

202 1484 299 1532 dici
339 1501 426 1532 0111·
463 1500 564 1532 11011
603 1484 834 1534 subvenis
873 1483 1182 1547 periclitanti
1228 1486 1318 1533 aut
1356 1500 1466 1532 eam
1511 1500 1610 1532 non
1649 1484 1898 1533 subtrahis

202 1557 365 1607 bello?
417 1559 482 1606 ad
517 1559 612 1607 hoc
649 1558 994 1621 respondentis
1033 1558 1258 1620 partibus
1298 1558 1472 1606 functa
1519 1559 1775 1620 extremis,
1825 1559 1896 1605 in·

203 1634 336 1696 quit,
386 1632 506 1682 fatis
548 1635 778 1697 urgetur,
828 1633 966 1680 nullo
1013 1634 1180 1695 potest
1230 1632 1414 1680 auxilio
1461 1633 1731 1694 sublevari,
1777 1633 1898 1694 quia
2034 1624 2050 1679 ι’

201 1722 396 1755 necesse
438 1709 512 1756 est
549 1707 658 1755 fieri
697 1706 829 1769 quod
867 1707 1087 1754 fatorum
1129 1707 1323 1755 ratione
1364 1705 1581 1755 debetur.
1661 1722 1770 1754 ecce
1807 1722 1897 1755 nec
1928 1721 1972 1754 20
2035 1701 2038 1714 ’

201 1783 322 1829 tunc
354 1781 531 1829 saltem
561 1781 679 1829 felix
711 1780 945 1843 Camilla3
980 1797 1098 1828 nam
1129 1780 1261 1844 perit
1289 1780 1342 1827 in
1375 1780 1558 1829 adultis
1591 1781 1734 1829 annis
1768 1796 1896 1843 quae

200 1857 279 1903 tot
306 1856 529 1917 pericula
561 1858 611 1904 et
640 1857 924 1903 innumeros
949 1870 1117 1916 casus,
1149 1870 1260 1903 cum
1284 1854 1447 1903 adhuc
1474 1855 1689 1918 vagiret,
1723 1855 1896 1903 evasit.

200 1945 371 1977 verum
420 1946 533 1993 age:
585 1931 815 1993 coeperat
861 1929 1018 1978 dicere
1065 1945 1236 1978 verum
1283 1945 1373 1992 age
1421 1930 1471 1976 et
1515 1930 1703 1977 ituram
1750 1928 1895 1977 dictis

199 2003 412 2063 hortari,
454 2004 538 2051 sed
572 2004 661 2051 ubi
689 2005 783 2052 hoc
815 2003 963 2065 dixit,
1000 2003 1303 2066 interposuit
1341 2018 1543 2051 causam
1580 2002 1812 2051 mittendi
1846 2005 1897 2051 et

199 2078 319 2125 tunc
348 2076 498 2125 rediit
529 2078 592 2125 ad
616 2094 674 2126 ea
698 2094 827 2141 quae
849 2077 1137 2126 mandabat.
1186 2092 1275 2125 nos
1299 2077 1565 2141 iungamus
1591 2077 1724 2139 quod
1747 2078 1896 2139 poeta
1927 2089 1969 2122 25

200 2151 479 2199 necessaria
515 2152 708 2200 ratione
749 2151 1001 2214 separavit
1039 2155 1088 2200 et
1134 2151 1416 2199 ordinemus
1457 2166 1676 2200 sensum:
1723 2167 1895 2199 verum

202 2241 314 2288 age,
353 2225 541 2286 labere,
581 2227 821 2288 nympha,
864 2227 980 2288 polo
1018 2226 1231 2288 finisque
1269 2226 1427 2274 invise
1466 2224 1696 2286 Latinos,
1735 2224 1894 2272 tristis

198 2299 286 2346 ubi
323 2299 543 2348 infausto
584 2301 915 2347 committitur
954 2299 1115 2349 omine
1153 2314 1346 2363 pugna3
1391 2300 1513 2347 haec
1552 2314 1671 2361 cape
1710 2301 1760 2346 et
1796 2298 1894 2345 ult-

198 2374 350 2421 ricem
381 2374 617 2436 pharetra
641 2373 870 2436 deprome
896 2374 1148 2437 sagittam,
1182 2372 1586 2436 quandoquidem
1609 2373 1727 2420 fatis
1752 2388 1894 2435 urge-

199 2450 282 2495 tur
311 2448 520 2510 iniquis:
550 2448 643 2495 hac
675 2447 973 2510 quicumque
1006 2453 1198 2496 sacrum
1229 2447 1433 2496 violarit
1462 2447 1667 2496 vulnere
1699 2439 1892 2509 corpus,
1924 2459 1968 2491 30

320 2623 342 2660 1
392 2618 607 2662 debeatur
645 2617 686 2661 V
733 2631 846 2661 corr.
888 2617 959 2661 ed.
1106 2623 1131 2661 2
1178 2619 1445 2662 nutriminis
1482 2617 1524 2660 V
1569 2618 1773 2661 ‘numinis
1818 2616 1889 2659 ed.

201 2682 226 2720 5
257 2677 518 2721 huiusmodi
549 2677 618 2721 ed.
725 2682 751 2720 6
784 2682 972 2720 conatus
1004 2678 1089 2720 etc.
1125 2677 1183 2721 cf.
1217 2681 1257 2730 9,
1283 2681 1383 2721 398.
1488 2681 1542 2720 12
1574 2677 1748 2732 iniquis
1777 2675 1890 2718 item

199 2735 393 2779 inferius
417 2735 460 2779 V
483 2737 655 2780 acerbis
679 2736 749 2780 ed.
776 2737 823 2779 et
847 2736 1014 2790 optimi
1037 2735 1177 2793 Verg.
1202 2735 1324 2779 libri.
1363 2736 1366 2794 Ι
1410 2736 1624 2779 labere—
1645 2739 1699 2778 16
1717 2748 1892 2790 poenas

201 2795 332 2837 deest
362 2795 412 2837 in
436 2794 477 2837 V
509 2794 721 2851 supplevi
753 2794 917 2839 eadem
951 2795 1117 2838 ductus
1148 2795 1328 2838 ratione
1360 2807 1453 2850 qua
1487 2799 1525 2846 1,
1552 2798 1623 2837 25.
1744 2798 1797 2835 21
1838 2794 1891 2836 iu

201 2854 373 2897 adultis
426 2855 565 2898 anuis
603 2853 645 2897 V
690 2856 742 2898 iu
787 2855 930 2898 armis
976 2854 1047 2897 ed.
1192 2859 1247 2897 23
1300 2855 1471 2898 ituram
1516 2851 1559 2895 V
1607 2853 1770 2895 iterum
1816 2852 1886 2895 ed.

202 2917 256 2955 26
288 2927 441 2956 verum
472 2927 553 2969 aye
585 2927 672 2956 om.
699 2913 769 2956 ed.
893 2916 948 2955 28
979 2913 1157 2957 homine
1179 2912 1235 2956 V.
1361 2916 1415 2955 29
1456 2911 1887 2967 quandoquidem—

202 2975 257 3014 30
289 2973 463 3027 iniquis
494 2985 581 3015 om.
610 2972 680 3015 ed.
