2078 3260
60 1023 103 1056 10

60 1393 99 1425 15

54 1763 97 1796 20

53 2133 96 2166 25

774 200 1079 251 AENEIDOS
1110 200 1196 246 XII
1724 207 1829 260 611

138 343 267 392 mica
302 343 625 392 multitudine
664 347 715 392 et
744 345 873 392 inter
902 346 981 392 tot
1018 357 1076 391 ac
1105 342 1223 391 talis
1254 341 1434 391 terrori
1463 343 1691 392 omnibus
1722 344 1833 396 fuit.

139 419 329 479 quanta
365 417 476 466 laus
517 420 593 466 est
629 434 728 466 non
766 418 939 466 timere
985 416 1144 466 omnis
1185 417 1234 465 et
1273 415 1334 465 ab
1381 416 1608 466 omnibus
1654 419 1832 467 metui!

138 506 337 540 saevam
379 492 515 539 nullo
558 492 837 540 discrimine
882 491 1074 540 caedem
1118 491 1321 539 suscitat
1355 491 1640 551 irarmnqae
1676 494 1834 541 omnis

138 565 344 626 effundit
362 566 604 614 habenas:
634 581 785 629 supra
816 565 943 614 dixit
966 565 1102 628 quod
1129 566 1292 614 solum
1316 565 1539 613 Turnum
1570 566 1635 614 ad
1664 582 1833 615 necem

137 642 422 702 quaereret,
462 640 686 689 caederet
715 641 932 688 nullum:
970 655 1124 700 nunc,
1163 639 1261 701 ait,
1301 640 1537 702 quoniam
1574 639 1703 688 illud
1731 656 1831 689 non

135 714 388 776 provenit,
427 714 699 776 aliquando
730 718 898 763 tamen
929 715 1204 763 commotus
1228 713 1415 777 passim
1447 716 1599 776 atque
1630 715 1832 764 confuse

134 787 389 836 sternebat
414 804 751 851 quoscumque
774 787 1074 852 repperisset
1095 788 1291 836 nullum
1316 787 1502 852 eligens
1536 788 1600 836 ad
1623 792 1831 838 mortem

133 862 427 926 nullumque
444 865 801 926 praesternens,
824 865 1023 911 tantum
1047 865 1364 911 consenserat
1385 862 1672 912 iracundiae
1697 879 1835 925 suae,

134 938 191 984 ut
229 936 382 985 nullis
420 938 523 985 iam
552 937 758 986 retineri
795 937 1001 985 nexibus
1039 939 1222 999 posset.

255 1010 376 1071 Quis
420 1012 540 1059 mihi
583 1027 715 1060 nanc
763 1015 829 1059 tot
876 1012 1052 1060 acerba
1097 1011 1235 1067 deae,
1287 1013 1353 1058 tot
1401 1011 1616 1059 carmine
1662 1012 1831 1060 caedes
1848 1025 1934 1066 500

133 1084 354 1132 diversas
391 1086 663 1146 obitumque
699 1086 898 1142 dacwm,
946 1099 1063 1146 quos
1109 1099 1313 1146 aequore
1359 1088 1450 1133 toto
1498 1086 1640 1145 inque
1680 1087 1832 1134 vicem

131 1173 263 1206 nunc
303 1159 504 1207 Turnus
542 1161 642 1220 ayit
678 1174 810 1207 nwnc
849 1160 1027 1207 Troiae
1064 1159 1222 1215 heroe,
1264 1159 1510 1218 empediet?
1564 1159 1707 1223 deus,
1754 1161 1830 1208 in-

133 1234 264 1295 quit,
303 1249 436 1281 nunc
475 1235 550 1282 est
587 1233 914 1295 necessarius,
957 1233 1044 1282 sed
1082 1234 1192 1295 quis
1232 1234 1300 1281 sit
1336 1232 1430 1281 iste
1468 1233 1692 1282 invenire
1731 1250 1830 1283 non

131 1322 349 1369 possum,
374 1323 474 1370 quo
497 1308 703 1356 iuvante
726 1309 923 1357 valeam
947 1308 1190 1370 conplecti
1216 1309 1430 1370 quantos
1454 1307 1600 1356 duces
1617 1308 1829 1370 TurnUS,

132 1383 342 1443 quantos
392 1381 586 1431 Aeneas
637 1382 829 1431 occidit.
892 1385 1061 1430 tanton
1102 1382 1294 1442 placuit
1347 1396 1629 1430 concurrere
1681 1386 1826 1439 mota,

130 1455 368 1516 Iuppiter,
409 1459 608 1504 aeterna
642 1458 797 1517 yentis
835 1457 889 1504 in
922 1470 1045 1516 pace
1081 1456 1309 1515 saturas!
1352 1457 1631 1505 necessaria
1669 1458 1827 1505 excla-

128 1530 285 1578 matio
335 1533 513 1592 poetae
559 1530 852 1580 admirantis
905 1530 1107 1578 deorum
1160 1530 1482 1592 iniquitatem
1532 1531 1620 1594 qui
1667 1533 1827 1595 patie—

128 1603 311 1652 bantur
348 1605 401 1652 in
441 1605 685 1653 alternam
723 1604 992 1668 perniciem
1031 1605 1192 1669 gentis
1230 1604 1432 1653 tendere
1478 1606 1532 1652 in
1574 1606 1826 1654 aeternam

130 1680 365 1727 venturas
402 1681 792 1742 perpetuamque
832 1678 1159 1728 concordiam.
1214 1676 1410 1727 Aeneas
1441 1679 1679 1727 Rutulam
1709 1678 1827 1727 Suc·
1844 1691 1930 1731 505

127 1766 292 1800 ronem
332 1752 414 1813 (ea
446 1754 615 1813 prima
651 1754 837 1801 ruentis
869 1768 1042 1814 payna
1089 1753 1186 1800 loco
1228 1754 1398 1801 statuit
1437 1753 1670 1814 Teucros)
1707 1754 1829 1802 haut

127 1827 282 1875 malta
303 1830 572 1875 morantem
596 1828 770 1888 excipit
791 1828 846 1875 in
869 1828 998 1876 latas
1023 1830 1066 1874 et
1087 1842 1185 1888 qua
1206 1827 1317 1886 fata
1340 1827 1590 1875 celerrima
1622 1828 1826 1875 crudam

128 1901 423 1962 transadiyit
460 1905 616 1950 costas
655 1905 697 1949 et
729 1902 876 1950 cratis
899 1901 1109 1962 pectoris
1140 1915 1323 1949 ensem:
1360 1900 1712 1963 interpositum
1752 1905 1827 1950 est

128 1990 187 2022 ea
224 1976 387 2038 prima
423 1975 613 2024 ruentis
651 1991 823 2040 pugna
860 1976 969 2024 loco
1009 1975 1188 2024 statuit
1226 1975 1462 2024 Teucros:
1501 1991 1613 2024 cum
1650 1992 1824 2039 prope-

127 2051 316 2110 rarent,
347 2050 534 2111 inquit,
565 2051 619 2097 in
648 2050 869 2098 hostiurn
901 2049 1101 2098 caedem
1128 2049 1353 2111 Troiani,
1391 2049 1463 2098 ibi
1494 2051 1826 2099 constiterunt

130 2122 212 2172 ubi
259 2122 453 2172 Aeneas
495 2124 739 2172 Rutulum
779 2123 1047 2172 Sucronem
1094 2123 1298 2186 occidit3
1350 2140 1466 2172 nam
1517 2140 1617 2172 non
1662 2125 1824 2172 multa

126 2213 268 2245 mora
305 2197 603 2260 interposita
648 2199 842 2260 excepit
887 2215 999 2246 eum
1044 2198 1096 2245 in
1141 2198 1274 2246 latus
1314 2201 1364 2246 et
1402 2215 1501 2261 qua
1538 2201 1680 2261 parte
1721 2215 1823 2247 cor-

126 2272 262 2334 poris
300 2272 405 2333 peti
442 2271 715 2335 expeditius
755 2272 923 2334 potuit
960 2274 1072 2335 ipsa
1117 2288 1231 2320 eum
1268 2273 1531 2335 percussit3
1580 2289 1698 2321 nam
1736 2289 1825 2335 per

125 2346 258 2394 latus
299 2347 348 2394 et
386 2348 548 2394 costas
587 2347 795 2394 traiecto
835 2362 947 2394 ense
988 2362 1099 2394 eum
1134 2347 1418 2409 prostravit.
1472 2346 1822 2410 interpositum

126 2419 340 2468 diximus
380 2436 438 2468 ea
475 2419 639 2482 prima
668 2421 867 2468 ruentis
898 2437 1067 2484 pugna
1096 2421 1204 2470 loco
1236 2422 1419 2470 statuit
1449 2421 1684 2482 Teucr08‚
1724 2436 1821 2484 quo

126 2495 259 2542 facto
292 2494 506 2542 divisum
539 2496 736 2543 constat
764 2511 920 2542 unum
951 2510 1171 2557 sensum,
1210 2511 1299 2544 nos
1333 2495 1431 2544 isto
1464 2495 1715 2543 subtracto
1746 2494 1820 2542 in-

247 2669 272 2707 2
311 2665 462 2708 timeri
494 2663 536 2707 V
574 2666 727 2709 timere
765 2665 836 2709 ed.
885 2666 890 2723 Ι
939 2667 1086 2710 mnnis
1129 2679 1216 2710 om.
1255 2666 1327 2710 ed.
1450 2670 1476 2709 5
1516 2671 1715 2721 quereret
1753 2679 1817 2709 ee-

126 2723 249 2768 deret
270 2722 312 2766 V
343 2737 398 2767 ac
428 2723 648 2779 interpos.
675 2724 746 2768 ed.
841 2729 864 2768 7
896 2725 1076 2770 nullam
1099 2724 1141 2769 V
1173 2730 1309 2770 antea
1339 2739 1383 2768 n.
1418 2724 1533 2768 edF.
1628 2729 1653 2768 8
1679 2739 1818 2780 prae-

125 2788 327 2827 sternens
360 2782 403 2826 V
437 2788 728 2838 prosternens
766 2783 836 2826 ed.
966 2787 1026 2835 ,10
1066 2789 1130 2829 tot
1166 2786 1367 2829 carmine
1391 2783 1433 2826 V
1464 2785 1567 2840 qais
1597 2798 1632 2828 c.
1666 2783 1736 2827 ed.
1771 2786 1819 2827 et

125 2840 264 2898 Verg.
308 2841 418 2885 libri
463 2842 787 2897 interpretatio
832 2841 1026 2886 dubium
1067 2842 1303 2898 relinquit.
1439 2848 1493 2886 12
1537 2843 1740 2898 expediet
1775 2842 1817 2885 V

127 2901 337 2956 expediat
368 2901 438 2944 ed.
473 2903 520 2944 et
550 2900 689 2958 Verg.
721 2900 843 2945 libri.
951 2907 1004 2946 21
1039 2904 1215 2958 excepit
1243 2902 1367 2945 infra
1400 2902 1500 2956 612,
1526 2906 1552 2945 2
1584 2903 1754 2958 eoecipit
1775 2901 1816 2944 V

74 2993 77 2995 >
127 2960 267 3016 exiyit
298 2959 368 3003 ed.
491 2964 547 3003 24
580 2962 908 3005 constituerunt
930 2960 972 3004 V
1000 2975 1114 3005 corr.
1143 2961 1215 3006 ed.
1338 2965 1394 3004 26
1427 2966 1469 3005 et
1497 2975 1589 3017 qua
1614 2966 1748 3017 parte
1774 2959 1816 3003 V

127 3031 182 3062 ex
213 3032 303 3074 qua
331 3033 434 3064 vero
459 3033 507 3075 p.
541 3019 614 3064 ed.
735 3024 790 3063 27
822 3021 1062 3076 expetitius
1087 3022 1243 3077 posuit
1265 3019 1307 3063 V
1332 3034 1446 3065 corr.
1474 3020 1546 3064 ed.

1459 3108 1546 3151 39*
