2050 3226
33 1007 76 1044 10

30 1378 73 1412 15

26 1748 73 1785 20

742 187 1046 233 AENEIDOS
1077 187 1164 231 XII
1692 192 1798 246 547

111 326 317 377 sentiret
362 329 453 376 aut
490 326 720 376 crederet.
798 327 934 390 quod
969 327 1137 391 ipsum
1181 328 1233 376 in
1272 327 1412 377 leone
1458 328 1801 392 accipiendum

110 404 207 463 est,
241 400 360 465 quia
390 403 505 464 post
533 401 740 449 infixum
770 402 919 451 letale
950 403 1132 452 vulnus
1164 404 1214 451 et
1242 417 1439 451 movere
1471 402 1631 452 adhuc
1663 419 1802 453 arma

109 477 330 526 dentium
378 477 580 539 poterat
617 478 668 524 et
715 478 851 525 toros
901 477 1062 525 iratus
1112 478 1360 538 excutere,
1410 476 1624 541 gaudere
1670 494 1802 539 vero,

108 551 201 600 hoc
239 551 315 599 est
350 549 531 598 habere
574 550 835 612 solacium,
884 549 1016 613 quod
1061 551 1219 599 telum
1263 550 1429 613 ipsum
1474 553 1524 599 et
1567 552 1802 600 venabuli

28 653 38 674 ψ.
107 625 306 674 hastam
343 625 617 688 frangeret,
660 625 806 687 quasi
842 625 936 673 hoc
973 625 1135 673 solum
1173 625 1237 673 ad
1274 626 1520 673 ultionem
1556 627 1801 675 morituro

108 699 367 748 sufficeret.
444 698 630 763 gaudet
677 699 825 747 multi
878 698 1038 748 saevit
1086 699 1359 762 accipiunt,
1414 701 1535 762 quia
1585 700 1801 764 gaudere

106 788 207 821 non
244 774 412 836 potest
450 772 539 835 qui
577 774 647 821 sic
678 773 990 834 vulneratur,
1029 775 1088 822 ut
1117 774 1310 836 pereat,
1349 789 1459 822 cum
1499 773 1714 838 gaudere
1752 779 1803 823 et

107 847 296 897 saevire
333 847 480 910 longe
521 847 769 896 diversum
808 846 887 896 sit.
957 847 1170 911 gaudere
1211 863 1328 911 ergo
1366 848 1565 911 proprie
1607 847 1800 898 intelle·

107 937 305 985 gamus,
345 921 467 985 quia
504 922 743 985 gaudium
781 937 838 970 eo
877 921 1114 984 pertinet,
1165 923 1285 984 quia
1321 923 1595 971 moriturus
1634 924 1712 972 leo
1753 927 1802 972 et

105 1011 301 1045 movere
350 997 487 1044 toros
537 995 698 1044 adhuc
746 997 945 1058 poterat
989 997 1039 1044 et
1082 994 1285 1044 inimica
1330 997 1433 1045 tela
1477 997 1800 1062 confringere.

105 1070 351 1118 latronem
389 1069 517 1118 dixit
553 1072 863 1132 venatorem,
910 1069 997 1133 qui
1040 1069 1320 1118 intellectus
1360 1087 1418 1118 ex
1464 1071 1800 1134 superioribus

106 1143 266 1206 venit3
316 1143 503 1192 dictum
553 1146 628 1192 est
677 1145 809 1192 enim
858 1146 1157 1205 „venantum
1195 1143 1436 1193 vulnere“
1486 1161 1544 1193 ac
1582 1162 1671 1208 per
1707 1147 1802 1195 hoc

107 1217 323 1266 ostendit
360 1220 510 1281 poeta
540 1218 784 1266 latronem
823 1217 922 1266 dici
951 1233 1094 1280 posse
1126 1233 1226 1266 non
1263 1218 1425 1267 solum
1457 1235 1570 1267 eum
1602 1219 1689 1282 qui
1726 1221 1800 1268 in-

106 1291 318 1341 sidiatur
356 1293 510 1341 saluti
555 1292 811 1340 hominum
856 1308 1029 1341 verum
1074 1293 1227 1340 etiam
1275 1309 1388 1340 eum
1434 1294 1519 1355 qui
1566 1294 1799 1343 adversus

105 1367 235 1416 feras
274 1367 552 1429 portaverit
582 1367 780 1415 sermm.
834 1366 955 1415 haut
989 1380 1126 1414 secus
1161 1380 1358 1415 accenso
1385 1367 1543 1428 yliscit
1572 1369 1801 1417 violentia

107 1441 299 1489 Turno:
349 1439 612 1489 iracundia
660 1442 792 1489 enim
839 1441 1141 1503 inpunitatis
1189 1440 1532 1503 desperatione
1578 1442 1803 1491 nutritur

104 1516 154 1563 et
192 1514 388 1574 crescit,
426 1515 520 1563 hoc
559 1516 635 1563 est
664 1531 776 1563 cum
809 1515 970 1564 exitus
1003 1514 1221 1563 defensio
1260 1531 1360 1563 non
1390 1515 1542 1564 habet
1579 1518 1630 1565 et
1666 1518 1801 1566 victa

102 1590 355 1652 torpescit.
422 1592 524 1637 tam
561 1590 633 1638 sie
670 1590 874 1650 adfatur
910 1603 1069 1650 reyem
1107 1592 1248 1648 atque
1291 1590 1363 1638 ita
1404 1590 1629 1638 turbidus
1666 1592 1800 1650 infit:

104 1663 168 1712 ad
215 1662 572 1712 ostendendum
619 1663 910 1727 adloquium
950 1663 1107 1711 Turni
1152 1664 1413 1712 suffecerat
1462 1663 1643 1714 dixisse
1691 1667 1800 1713 tum

103 1738 174 1786 sic
213 1737 416 1786 adfatur
461 1753 628 1802 regem
664 1738 758 1787 hoc
804 1740 880 1786 est
918 1737 982 1786 ad
1027 1754 1194 1802 regem
1239 1738 1396 1799 fatur,
1447 1737 1674 1787 additum
1724 1742 1801 1788 est

104 1814 254 1874 atque
291 1813 367 1861 ita
396 1811 626 1860 turbidus
657 1812 790 1876 infit,
828 1814 888 1859 ut
919 1814 1033 1860 ante
1069 1812 1277 1867 sciretur
1308 1812 1471 1875 qualis
1502 1812 1654 1861 dictio
1686 1829 1798 1876 pro·

103 1901 302 1934 cessura
340 1888 468 1935 esset
505 1886 724 1935 ardentis
757 1889 808 1935 et
846 1887 951 1934 eius
984 1887 1122 1934 cuius
1153 1888 1370 1934 mentem
1402 1888 1652 1936 contraria
1689 1888 1798 1935 uni-

102 1975 245 2009 versa
268 1960 610 2008 confuderant.
655 1961 796 2008 nulla
825 1975 965 2009 mora
995 1961 1049 2007 in
1075 1961 1257 2017 TurnO,
1282 1961 1406 2008 nihil
1429 1964 1497 2009 est
1519 1962 1646 2020 quod
1669 1962 1798 2010 dicta

102 2037 357 2082 retractent
392 2035 562 2095 ignavi
591 2032 855 2083 Aeneadae
885 2049 971 2082 nec
1001 2049 1124 2093 qaae
1153 2035 1382 2095 pepiqere
1411 2039 1652 2084 recusent:
1690 2051 1798 2084 eon-

29 2118 72 2152 2⁶
99 2108 317 2169 yredior:
365 2109 489 2170 iam,
526 2107 714 2172 inquit,
760 2124 859 2156 non
900 2108 1121 2157 adferam
1161 2125 1313 2170 quam
1350 2112 1629 2158 memorant
1667 2126 1796 2159 com·

9 2492 12 2516 2
29 2487 73 2520 80

102 2182 262 2231 modis
303 2182 644 2231 communibus
691 2198 903 2243 moram,
954 2182 1080 2230 nihil
1130 2184 1206 2230 est
1252 2183 1383 2245 quod
1432 2183 1698 2247 quisquam
1737 2184 1795 2232 de

103 2256 271 2305 Turno
312 2258 549 2319 queratur
586 2256 819 2318 ulterius,
869 2257 1064 2304 nullum
1109 2258 1408 2305 retractetur
1444 2258 1659 2306 faciendi
1697 2274 1795 2306 non

102 2330 378 2379 faciendive
403 2330 677 2392 consilium,
692 2331 864 2395 ignavi
876 2329 1139 2379 Aeneadae
1163 2333 1363 2379 taceant
1386 2334 1436 2380 et
1458 2332 1797 2380 condicionem

102 2405 341 2467 placitam
378 2393 758 2453 non'recusent.
836 2403 1252 2468 congrediendum
1299 2408 1374 2454 est
1418 2406 1563 2454 mihi:
1610 2406 1797 2454 habent

103 2479 256 2526 etiam
305 2495 435 2527 nunc
485 2494 775 2527 consensum
823 2495 1010 2540 meum,
1063 2478 1153 2527 fiat
1207 2480 1340 2542 quod
1392 2481 1521 2529 votis
1577 2479 1796 2527 omnium

103 2552 316 2614 placuit,
347 2569 446 2602 non
478 2555 643 2601 metuo
676 2552 884 2601 adversa
918 2555 968 2601 et
997 2568 1236 2616 prospera
1266 2554 1478 2602 libenter
1509 2555 1794 2616 amplector.

101 2627 179 2685 fer
215 2641 381 2684 sacra,
415 2630 572 2687 pater,
614 2630 656 2674 et
692 2627 883 2687 concipe
910 2627 1106 2687 foedus:
1142 2645 1296 2675 unum
1328 2629 1525 2675 tantum
1557 2627 1690 2690 quod
1721 2630 1794 2675 in-

104 2701 339 2749 choandis
370 2701 516 2749 rebus
549 2701 686 2749 deest
715 2701 825 2761 fiat,
856 2703 1019 2763 pater,
1052 2718 1109 2749 ex
1132 2698 1358 2764 partibus
1384 2702 1506 2762 tuis,
1537 2701 1796 2750 firmentur

223 2889 249 2928 5
281 2887 522 2930 morituros
545 2884 586 2928 V
618 2898 698 2930 -ro
728 2898 811 2930 nos
843 2887 914 2930 -ri
943 2886 1014 2930 ed.
1137 2891 1163 2930 6
1194 2887 1336 2930 saevit
1359 2885 1400 2928 V
1427 2865 1517 2941 pro
1546 2887 1688 2930 saevit
1719 2886 1790 2930 ed.

47 2929 50 2932 ’
107 2948 159 2987 17
194 2946 342 2989 exitus
364 2944 406 2988 V
438 2946 608 2989 exitum
640 2944 711 2988 ed.
827 2949 883 2989 26
915 2946 1224 2990 communibus
1254 2959 1342 2989 om.
1377 2945 1447 2988 ed.
1564 2949 1618 2988 29
1644 2946 1794 3001 placi-

104 3003 211 3047 dam
234 3003 276 3047 V
301 3017 415 3048 corr.
440 3004 510 3048 ed.

1438 3092 1525 3136 35*

1832 1604 1888 1644 10
