2050 3226
154 304 347 338 omnem
377 287 581 351 petendi
611 289 769 336 artem
801 303 968 350 preces
1001 303 1198 352 quoque
1238 287 1522 350 subnexuit,
1561 292 1621 337 ut
1659 289 1847 352 suppli-

154 363 284 412 catio
300 364 571 411 mereretur
587 362 720 425 quod
736 355 1231 425 superiora'fortassis
1247 363 1498 425 inpetrare
1516 379 1616 411 non
1631 366 1846 425 possent.

153 438 279 485 haut
313 437 372 485 fit
407 452 570 497 mora,
610 436 837 484 Tarchon
875 436 1044 501 iungit
1081 452 1198 499 opes
1236 436 1508 500 foedusque
1554 437 1693 485 ferit:
1739 453 1847 486 ecce

154 512 398 575 quantum
429 511 619 574 profuit
648 512 925 559 necessaria
955 512 1196 560 nexuisse.
1250 527 1364 560 mox
1394 511 1586 559 factum
1616 514 1692 560 est
1715 511 1848 574 quod

11 588 49 638 ,ζ
103 597 122 630 5
152 585 354 634 tenebat
384 584 702 634 desiderium:
733 586 934 633 iunctae
966 586 1083 634 sunt
1113 599 1253 648 opes,
1276 585 1531 633 firmatum
1561 588 1637 634 est
1659 585 1846 634 foedus.

21 647 47 664 '⁴
151 659 355 723 iungere
395 675 512 722 opes
552 660 628 708 est
666 675 784 721 opes
816 659 993 721 opibus
1023 661 1239 720 nectere,
1271 659 1509 722 quoniam
1539 659 1766 708 Tarchon
1798 662 1848 708 et

154 733 308 782 dabat
345 733 588 782 auxilium
628 735 678 781 et
716 733 956 782 sumebat.
1034 737 1135 781 twm
1175 734 1328 782 libera
1364 734 1461 794 fati
1499 733 1702 782 classem
1740 749 1848 782 con-
1867 742 1950 782 155

151 808 336 856 scendit
382 808 532 856 iussis
578 822 697 868 qens
735 808 903 869 Lydia
953 808 1120 856 divwm
1170 811 1360 856 externo
1411 809 1667 856 commissa
1712 808 1847 856 duci:

151 883 370 944 perfecto
402 881 597 931 foedere
627 881 786 930 libera
817 882 1021 931 nexibus
1051 883 1279 945 responsi
1309 897 1429 946 gens
1452 880 1616 944 Lydia
1640 882 1848 931 classem

78 966 122 999 ιο
153 956 438 1004 conscendit
469 958 668 1004 externo
702 956 964 1005 commissa
996 956 1111 1005 duci
1140 973 1229 1018 per
1260 956 1435 1004 divina
1460 958 1740 1019 praecepta.
1794 957 1846 1004 in

152 1032 329 1079 octavo
356 1030 484 1079 libro
510 1024 668 1096 (498)
694 1031 988 1079 meminerat
1019 1046 1070 1079 se
1099 1032 1250 1093 poeta
1281 1031 1461 1079 dixisse
1493 1031 1713 1092 „retinet
1742 1031 1847 1078 lon·
1880 1058 1887 1064 -

153 1120 339 1168 gaevus
371 1105 619 1168 haruspex
649 1105 756 1153 fata
788 1121 990 1153 canens:
1029 1121 1058 1153 o
1089 1105 1346 1152 Maeoniae
1379 1105 1570 1153 delecta
1599 1105 1849 1166 iuventus,

23 1237 34 1249 ,
151 1179 242 1227 fios
280 1181 504 1227 veterum
542 1179 799 1241 virtusque
840 1180 1023 1239 virum,
1065 1194 1190 1242 quos
1229 1180 1391 1227 iustus
1428 1179 1482 1226 in
1519 1179 1714 1238 hostem
1751 1179 1851 1227 fert

154 1252 295 1300 dolor
345 1257 395 1301 et
443 1253 623 1301 merita
671 1253 896 1301 accendit
945 1253 1216 1301 Mezentius
1266 1253 1365 1313 ira,
1415 1253 1545 1300 nulli
1594 1254 1670 1301 fas
1716 1252 1847 1301 Italo

19 1254 49 1404 ξ(
80 1337 121 1370 15
151 1329 348 1376 tantam
386 1327 679 1391 subiungere
719 1330 938 1391 gentem,
984 1330 1210 1375 externos
1251 1329 1422 1390 optate
1462 1326 1655 1376 duces.“
1738 1343 1846 1376 ecce

153 1401 367 1450 felicitas
406 1401 626 1450 Aeneae:
665 1417 765 1449 non
804 1417 893 1450 suo
934 1401 1068 1463 duci,
1102 1401 1187 1450 sed
1220 1404 1419 1450 externo
1452 1401 1701 1450 commissi
1731 1404 1848 1450 sunt

151 1491 239 1523 nec
279 1491 390 1538 sua,
431 1476 516 1525 sed
555 1476 761 1524 deorum
798 1477 1081 1537 voluntate,
1122 1476 1212 1538 qui
1252 1477 1454 1524 tantum
1485 1492 1543 1524 ex
1573 1475 1847 1540 peregrinis

151 1549 378 1612 partibus
410 1551 575 1599 virum
606 1552 872 1599 venturum
903 1565 1008 1599 esse
1039 1549 1403 1612 praedixerant.
1450 1548 1640 1598 Aeneia
1663 1551 1849 1611 puppis

142 1625 314 1684 prima
351 1627 494 1679 tenet,
533 1628 688 1672 rostro
726 1625 964 1686 Phryyios
1002 1625 1260 1672 subiuncta
1300 1625 1476 1680 leoneS,
1517 1625 1721 1672 inminet
1749 1624 1849 1672 Ida

78 1709 122 1742 πο
152 1713 300 1758 supe-r
322 1699 552 1759 profuyis
579 1699 865 1759 qratissima
899 1700 1124 1747 Teucris:
1153 1700 1315 1761 primo
1340 1699 1469 1759 locO,
1495 1699 1680 1761 inquit,
1705 1700 1849 1747 navis

151 1774 377 1821 moverat
406 1772 459 1820 in
491 1789 591 1836 qua
620 1772 814 1821 Aeneas
847 1773 946 1821 fuit
974 1773 1161 1821 habens
1185 1774 1239 1820 in
1262 1776 1424 1822 rostro
1449 1773 1613 1821 leones
1637 1773 1848 1834 iunctos,

154 1846 287 1908 quod
336 1848 440 1895 erat
486 1849 685 1911 signum
733 1847 920 1896 tutelae
971 1849 1147 1896 matris
1195 1847 1355 1895 deum.
1431 1846 1523 1895 Ida
1562 1863 1758 1909 quoque
1797 1847 1850 1894 in

154 1921 405 1983 superiore
444 1921 552 1969 loco
592 1921 693 1970 fuit
731 1937 962 1984 expressa
1001 1924 1205 1985 propter
1244 1922 1488 1985 originem
1518 1921 1757 1970 materiae
1792 1938 1850 1968 ex

155 2011 256 2058 qua
294 1995 459 2043 fuerat
497 1995 631 2044 facta
670 1999 721 2044 et
753 1995 815 2044 ad
856 1996 1185 2044 Troianorum
1224 1996 1486 2056 solacium,
1533 1998 1593 2043 ut
1630 1995 1850 2058 patrium

80 2079 123 2112 25
153 2071 373 2117 montem
433 2084 601 2118 secum
662 2070 841 2118 habere
904 2070 1193 2119 viderentur
1253 2071 1405 2133 positi
1457 2071 1509 2118 in
1563 2069 1847 2133 regionibus

155 2143 345 2192 alienis.
422 2143 498 2192 hic
542 2159 752 2204 magmas
797 2145 927 2192 sedet
970 2143 1190 2193 Aeneas:
1235 2144 1316 2193 hic
1362 2145 1455 2193 hoc
1501 2146 1577 2192 est
1622 2144 1674 2191 in
1722 2160 1846 2192 nave

55 2222 59 2225 '
154 2234 282 2280 quae
321 2217 465 2265 Idam
502 2217 680 2266 habuit
717 2221 767 2266 et
804 2219 983 2267 leones.
1061 2234 1300 2282 magnum
1345 2219 1438 2267 hoc
1488 2218 1596 2266 loco
1643 2218 1848 2266 Aenean

155 2291 282 2340 dixit
325 2292 498 2355 magni
544 2292 740 2340 consilii
789 2309 1182 2356 magnarumque
1233 2293 1606 2358 cogitationum.
1667 2307 1848 2340 secum-

155 2379 243 2424 que
296 2367 481 2414 volutat
533 2370 728 2414 eventus
783 2367 891 2415 belli
944 2368 1133 2415 varios:
1181 2383 1290 2416 ecce
1342 2366 1466 2414 dixit
1516 2381 1741 2426 causam,
1791 2368 1849 2413 ut
1868 2372 1951 2412 160

82 2450 125 2484 so
154 2440 435 2488 ostenderet
488 2454 575 2487 cur
628 2440 790 2489 dictus
845 2442 910 2488 sit
959 2441 1153 2489 Aeneas
1207 2457 1443 2506 magnus:
1505 2440 1665 2503 primo
1730 2440 1848 2501 quia

2 0 77 306 Γ
808 147 1114 193 AENEIDos
1145 148 1188 192 x
1736 151 1847 205 313

8 307 29 397 l

275 2615 297 2653 1
333 2611 457 2655 omni
479 2610 564 2654 VR
594 2624 767 2655 omnem
800 2610 871 2655 ed.
994 2616 1020 2654 2
1053 2612 1172 2668 quod
1196 2611 1280 2655 VR
1311 2625 1426 2668 quae
1458 2611 1528 2654 ed.
1660 2614 1685 2652 3
1717 2611 1850 2666 iunyi

154 2667 251 2712 VR.
384 2674 412 2713 4
449 2670 631 2726 profuit
660 2669 702 2712 R
742 2672 897 2725 posuit
926 2669 969 2713 V
1000 2670 1071 2715 ed.
1123 2671 1128 2728 Ι
1178 2673 1386 2716 nexuisse
1410 2670 1494 2713 VR
1525 2671 1644 2713 inter
1674 2682 1746 2713 eos
1776 2668 1848 2711 ed.

157 2733 182 2771 5
214 2729 391 2773 tenebat
420 2729 694 2773 desiderium
718 2728 803 2772 VR
841 2735 1081 2786 utrumque
1119 2729 1340 2786 interpos.
1374 2730 1444 2773 ed.
1569 2733 1591 2771 7
1624 2729 1738 2782 satis
1776 2728 1847 2772 ed.

159 2791 212 2830 12
243 2789 500 2832 omoeoniae
530 2788 572 2830 R
610 2789 842 2833 omoeniae
865 2788 918 2831 V.
968 2788 972 2846 Ι
1019 2803 1044 2833 o
1077 2790 1387 2833 Maeoniae—
1408 2793 1461 2831 15
1487 2788 1622 2831 duces
1653 2800 1741 2830 om.
1775 2787 1846 2830 ed.

158 2844 423 2890 substitutis
454 2847 606 2890 verbis
638 2852 679 2891 et
705 2848 847 2902 plura
877 2862 991 2903 quae
1021 2854 1286 2903 sequuntur.
1411 2851 1464 2890 19
1496 2847 1649 2903 t‘ryyio
1679 2846 1721 2888 R
1749 2845 1847 2903 fry-

156 2906 235 2960 ρέα
258 2905 312 2949 V.
365 2906 368 2964 Ι
418 2907 629 2950 subvecta
660 2906 730 2950 ed.
885 2911 941 2949 20
965 2908 1184 2964 profuyes
1206 2907 1303 2951 VR.
1450 2910 1502 2949 21
1537 2910 1736 2949 moverat
1764 2904 1849 2948 VR

157 2965 415 3010 movebatur
446 2965 517 3009 ed.
570 2965 574 3023 ὶ
624 2971 805 3010 raustro
837 2965 878 3008 R
910 2979 1023 3010 corr.
1048 2980 1084 3009 r.
1208 2971 1262 3009 22
1296 2966 1460 3010 tutaele
1482 2963 1579 3008 VR.
