2078 3260
280 190 390 243 620
753 187 983 232 DONATI
1012 187 1292 232 INTERPR.
1317 187 1498 233 VERG.

279 326 437 376 dicere
488 327 608 391 quid
659 328 845 392 singuli
894 328 1156 376 sentirent:
1204 329 1373 376 urbem
1422 328 1512 376 alii
1554 343 1773 377 reserare
1809 329 1975 378 iubent

177 409 261 450 585
279 405 323 449 et
351 402 573 462 pandere
603 405 776 462 portas
813 401 1128 450 Dardanidis
1165 403 1419 462 ipsumque
1455 402 1653 450 trahunt
1690 404 1745 450 in
1781 404 1974 452 moenia

276 490 458 536 reye‘m:
490 477 576 538 qui
607 475 845 524 videbant
874 476 1151 537 periculum
1181 491 1413 538 praesens
1443 475 1498 523 in
1521 476 1784 525 discrimen
1814 478 1972 526 mani-

277 550 461 598 festum
498 549 728 598 dicebant
766 550 958 612 aperire
997 549 1252 598 civitatem
1290 550 1468 598 melius
1507 565 1612 599 esse
1644 566 1796 614 quam
1835 566 1974 600 occu-

278 625 391 687 pari
429 625 579 672 armis
612 625 702 671 aut
723 623 935 672 flammis
961 626 1011 672 et
1042 623 1103 672 ob
1130 625 1260 672 hanc
1291 639 1494 672 causam
1523 625 1771 688 urgebant
1806 641 1975 689 regem
2028 641 2048 674 5

278 699 332 746 in
370 697 566 746 moenia
602 698 696 746 hoc
735 699 810 745 est
849 698 914 746 ad
950 713 1142 761 muros3
1182 714 1325 747 arma
1362 700 1529 758 ferunt
1565 699 1654 747 alii
1692 702 1736 747 et
1763 703 1978 760 pergunt

184 797 189 800 -
279 772 534 832 defendere
562 786 752 819 muros:
789 771 970 834 quibus
1000 773 1271 821 tradendae
1301 772 1438 821 urbis
1471 774 1717 821 sententia
1748 773 1975 835 displice-

278 846 366 894 bat
403 861 581 894 manus
619 848 942 908 properantes
994 846 1058 894 ad
1109 863 1247 895 arma
1293 849 1659 908 converterant,
1709 850 1766 895 ut
1804 849 1977 896 contra

278 921 513 969 hostilem
551 919 653 968 vim
682 919 836 968 muris
877 920 1186 970 adsisterent.
1247 921 1466 969 inclusas
1503 924 1556 969 ut
1595 936 1703 969 cum
1741 922 1975 970 latebroso

279 995 332 1042 in
366 994 558 1055 pwmice
589 998 765 1054 pastor
806 995 1059 1056 vestiyaviz‘
1104 1010 1221 1055 apes
1263 995 1492 1056 fumoque
1536 995 1737 1056 inplevit
1781 1010 1976 1043 amaro:
2007 1012 2051 1044 ιο

177 1078 262 1119 590
278 1068 393 1116 illae
415 1069 548 1116 intus
571 1069 788 1128 trepidae
811 1082 975 1116 rerum
997 1083 1091 1129 per
1114 1084 1251 1118 cerea
1274 1073 1437 1118 castra
1460 1069 1743 1117 discurrunt
1762 1070 1977 1130 maynis-

279 1156 368 1203 que
407 1145 590 1190 acuunt
625 1143 915 1191 stridoribus
951 1144 1078 1200 iraS,
1129 1144 1338 1191 volvitur
1376 1147 1479 1191 ater
1516 1143 1635 1191 odor
1671 1144 1822 1200 tectis,
1875 1146 1977 1190 tum

278 1230 529 1264 murmure
552 1231 688 1264 caeco
711 1218 845 1264 intus
868 1231 995 1266 saxa
1017 1221 1206 1274 sonant,
1231 1232 1416 1266 vacuas
1446 1219 1485 1265 it
1509 1217 1679 1278 smnus
1710 1218 1777 1265 ad
1799 1231 1954 1265 auras
1962 1235 1978 1264 .-

279 1306 414 1339 more
454 1306 542 1339 suo
582 1293 786 1354 propter
831 1291 1112 1340 addendum
1157 1292 1468 1355 splendorem
1516 1291 1723 1340 carmini
1770 1291 1978 1340 subiecit

279 1364 658 1413 similitudinem
696 1381 971 1428 conparans
1011 1365 1267 1415 civitatem
1305 1365 1544 1429 pumiceis
1582 1365 1809 1427 latebris,
1849 1380 1977 1429 quae
2008 1380 2050 1413 15

280 1438 408 1487 adiri
445 1439 682 1487 facillime
721 1442 933 1502 possunt
971 1442 1021 1488 et
1059 1441 1158 1489 cito
1191 1439 1419 1502 dissolvi,
1459 1455 1574 1502 apes
1606 1439 1823 1501 Latinis,
1863 1455 1977 1488 acu·

278 1515 387 1561 tum
426 1512 628 1576 quidem
670 1515 720 1561 et
758 1528 987 1576 asperum
1035 1514 1262 1562 animalis
1314 1530 1490 1578 genus,
1542 1513 1628 1562 sed
1667 1515 1802 1576 quod
1838 1514 1976 1562 fumo

280 1586 459 1651 exiguo
483 1589 649 1650 potest
671 1589 912 1650 superari,
937 1590 1099 1637 castra
1111 1587 1407 1636 Latinorum
1431 1604 1584 1651 apum
1608 1589 1759 1636 cereis
1785 1588 1977 1649 castris,

280 1677 407 1723 quae
432 1662 538 1710 sine
562 1661 861 1710 adminiculo
877 1661 1081 1711 virtutis
1106 1662 1283 1726 exiguo
1300 1663 1495 1725 possint
1516 1664 1767 1710 momento
1783 1661 1977 1710 turbari

280 1738 331 1783 et
378 1735 659 1785 invadentis
706 1736 806 1784 levi
850 1752 1003 1784 manu
1052 1736 1340 1798 comminui,
1393 1752 1543 1798 apum
1592 1752 1818 1784 murmur
1864 1752 1977 1783 cum
2007 1751 2052 1784 20

279 1808 574 1858 Latinorum
595 1810 945 1873 trepidatione,
968 1811 1164 1859 Aeneae
1179 1812 1533 1875 vestigatorem
1550 1825 1700 1874 apum
1722 1812 1978 1858 curantem

280 1899 341 1931 ne
379 1884 596 1947 fugiant,
643 1886 836 1932 fumum
881 1885 1108 1933 incendio
1156 1900 1253 1947 quo
1301 1885 1492 1933 Aeneas
1537 1884 1652 1932 urbi
1689 1885 1978 1932 minabatur

281 1957 539 2006 excidium.

399 2030 591 2079 Accidit
633 2033 750 2080 haec
785 2034 931 2092 fessis
978 2034 1122 2081 etiam
1157 2035 1361 2093 fortuna
1398 2032 1618 2089 Latini&
1668 2046 1791 2092 quae
1829 2035 1976 2079 totam

282 2105 411 2152 luctu
450 2108 688 2154 concussit
722 2107 949 2166 funditus
986 2108 1178 2155 urbem:
1226 2106 1344 2155 talis
1391 2108 1466 2155 est
1509 2107 1590 2154 hic
1636 2106 1773 2155 locus
1814 2105 1974 2168 qualis
2007 2119 2050 2152 25

282 2181 358 2227 est
393 2179 478 2228 ille
518 2174 629 2246 (11,
657 2178 788 2245 225)
838 2182 963 2243 „hos
1010 2182 1142 2229 inter
1188 2182 1376 2242 motus,
1425 2180 1587 2229 medio
1633 2180 1687 2228 in
1732 2180 1976 2243 flagrante

280 2254 499 2301 tumultu
539 2269 647 2302 ecce
679 2270 827 2316 super
855 2271 1041 2319 magna
1070 2255 1250 2303 maesti
1279 2254 1533 2302 Diomedis
1574 2254 1636 2302 ab
1671 2253 1789 2302 urbe
1820 2253 1977 2317 legati

280 2343 518 2390 responsa
548 2328 764 2376 ferunt“.
826 2345 943 2376 nam
973 2331 1092 2377 tunc
1126 2345 1238 2378 vere
1270 2329 1474 2377 fortuna
1503 2327 1745 2390 probatur
1772 2327 1976 2375 inimica

283 2417 393 2450 cum
432 2402 677 2450 malorum
716 2402 958 2464 asperitas
989 2419 1078 2451 nec
1111 2404 1296 2451 lenitur
1325 2403 1574 2465 prosperis
1607 2405 1657 2450 et
1695 2402 1977 2453 cumulatur

283 2476 517 2525 adversis.
582 2476 759 2538 incipit
795 2477 897 2523 iam
941 2477 1122 2525 referre
1173 2492 1374 2526 causam
1420 2477 1584 2524 luctus
1631 2475 1847 2539 ingentis
1888 2476 1975 2537 qui
2006 2489 2050 2521 30

180 2559 265 2599 595
281 2552 440 2598 totam
480 2550 658 2598 faciem
697 2551 915 2599 civitatis
957 2551 1224 2599 acerbitate
1264 2549 1509 2599 confudit:
1547 2551 1718 2611 reyina
1754 2553 1809 2597 ut
1844 2550 1974 2597 tectis

403 2710 427 2749 3
454 2720 672 2762 praesens
693 2705 803 2751 inV
820 2705 907 2749 edI
934 2719 1005 2761 pr.
1033 2711 1075 2750 et
1099 2706 1214 2750 edF.
1293 2709 1318 2748 9
1343 2720 1445 2750 cum
1470 2719 1557 2750 om.
1576 2704 1629 2749 V.
1711 2709 1764 2747 16
1789 2705 1915 2748 adiri
1931 2703 1972 2747 V

282 2766 484 2810 combwri
514 2766 584 2809 ed.
638 2767 641 2823 i
700 2766 861 2810 latinis
891 2770 1075 2809 actuum
1101 2764 1138 2807 V
1167 2766 1444 2809 Latinorum
1475 2765 1651 2809 actibus
1681 2763 1751 2807 ed.
1786 2763 1973 2806 Latinis

282 2830 466 2868 acutum
496 2839 593 2868 nos.
710 2830 763 2868 17
797 2824 976 2879 quidem
1007 2828 1047 2867 et
1070 2823 1110 2867 V
1140 2838 1226 2868 om.
1254 2824 1325 2868 ed.
1439 2827 1495 2866 20
1527 2828 1686 2879 aptum
1717 2835 1800 2878 pro
1833 2836 1972 2877 apum

283 2885 330 2926 et
360 2883 484 2926 infra
507 2883 561 2926 V.
686 2888 741 2927 25
773 2884 846 2927 hic
869 2882 911 2926 V
941 2884 1023 2927 iste
1056 2883 1125 2925 ed.
1246 2886 1300 2925 26
1333 2883 1480 2927 medio
1509 2883 1561 2926 in
1590 2883 1644 2924 ut
1674 2881 1724 2924 in
1755 2879 1818 2923 XI
1848 2880 1890 2924 V
1920 2883 1971 2924 in

284 2955 371 2985 om.
416 2942 486 2985 ed.
541 2944 543 2998 ξ
601 2944 868 3000 flam-antem
906 2941 960 2985 V.
1099 2945 1155 2984 28
1200 2956 1309 2986 nam
1354 2947 1464 2985 twnc
1501 2940 1543 2984 V
1588 2946 1696 2985 tunc
1737 2941 1855 2983 enim
1899 2939 1969 2982 ed.

284 3004 338 3043 29
365 3003 595 3057 prosperis
625 3015 712 3045 om.
740 3001 810 3045 ed.
