2050 3226
197 144 307 197 360
671 142 904 188 DONATI
934 142 1213 187 INTERPR.
1238 143 1418 189 VERG.

198 282 494 345 dextraeque
535 282 701 345 datae,
750 285 807 331 ut
844 284 966 331 haec
1012 281 1113 331 sint
1158 281 1325 331 omnia
1371 300 1498 346 quae
1542 283 1629 332 ille
1673 284 1888 346 ponebat

199 358 313 404 ante
353 357 520 405 oculos
561 372 675 406 suos
715 359 767 405 et
804 373 894 420 pro
932 356 1277 419 praesentibus
1307 358 1605 407 recensebat.
1658 357 1887 407 Submone

197 433 380 479 creatos
430 434 654 492 quattuor
705 432 782 479 hic
832 432 1050 487 iuveneS,
1101 431 1293 479 totidem
1345 446 1462 491 quos
1516 432 1688 481 educat
1732 432 1887 492 Ufens

94 510 180 552 520
197 505 402 553 viventis
438 506 591 564 rapit,
631 505 840 566 inferias
879 519 996 565 quos
1033 504 1230 553 inmolet
1256 507 1444 554 uanbris
1475 507 1754 566 captivoque
1782 507 1888 568 royi

191 579 466 639 perfundat
501 579 741 640 sanquine
785 580 1038 637 staminas:
1086 577 1336 628 Sulmonis
1381 578 1509 629 filios
1559 582 1801 642 quattuor
1838 583 1889 628 et

198 656 397 704 Ufentis
421 655 644 715 totidem,
673 653 768 701 hoc
798 654 874 701 est
905 654 1158 715 quattuor,
1189 654 1319 702 sicut
1340 654 1445 704 vivi
1466 655 1680 715 fuerant,
1703 654 1887 718 rapuit.

150 755 154 758 ·
197 730 251 778 in
283 732 394 779 octo
426 729 708 779 hominibus
740 743 841 775 non
873 725 1123 788 abductis,
1163 726 1248 775 sed
1277 727 1436 790 raptis
1469 730 1661 791 quanta
1690 728 1888 777 Aeneae

196 804 354 853 virtus
387 803 686 852 ostenditur!
718 803 964 863 quantum
994 800 1287 864 obsequium
1316 803 1519 866 propter
1547 803 1890 851 honorandam

197 879 488 927 memoriam
525 876 732 926 mortui!
771 876 865 923 hoc
902 875 1086 923 idcirco
1126 875 1363 937 faciebat,
1409 878 1469 924 ut
1512 876 1734 925 hostium
1771 892 1888 926 nece

196 952 357 1001 manis
403 953 627 1014 placaret
676 948 825 999 occisi
874 951 924 998 et
973 950 1285 1013 captivorum
1334 951 1577 1015 sanguine
1625 951 1736 1015 rogi
1780 967 1886 1015 per-

196 1026 426 1075 funderet
462 1027 701 1074 flammas.

313 1101 442 1149 Inde
464 1101 619 1162 Mayo
635 1098 810 1160 procul
831 1098 1081 1158 infensam
1103 1097 1411 1146 contenderat
1430 1098 1645 1161 hastam,
1675 1098 1756 1147 ille
1779 1102 1890 1148 astu

195 1175 326 1223 subit
363 1189 421 1223 ac
458 1174 766 1223 tremibunda
803 1172 1081 1233 supervolat
1108 1172 1275 1220 kasta:
1311 1174 1639 1235 posteaquam
1668 1171 1782 1221 illos
1814 1189 1890 1221 ra-

197 1248 309 1312 puit
346 1248 503 1310 viv05,
548 1249 747 1297 hastam
792 1247 932 1295 misit
975 1245 1029 1293 in
1066 1246 1294 1309 Magum,
1333 1246 1420 1295 sed
1462 1263 1576 1295 cum
1612 1247 1703 1294 illa
1741 1247 1892 1295 altior

197 1323 422 1384 vaderet,
453 1323 537 1371 ille
568 1339 653 1385 per
691 1322 930 1370 astutiam
960 1319 1198 1368 humilem
1229 1335 1280 1369 se
1312 1321 1433 1369 fecit
1463 1323 1512 1369 et
1542 1322 1890 1383 supervolante

196 1398 358 1445 iaculo
391 1398 550 1446 ictum
581 1413 729 1459 quem
761 1397 927 1443 fuerat
958 1396 1250 1457 excepturus
1290 1396 1464 1444 evasit.
1519 1398 1562 1443 et
1587 1409 1751 1456 yenua
1789 1410 1890 1443 am-

191 1471 404 1531 plectens
435 1473 612 1531 effatur
642 1471 765 1519 talia
795 1469 1022 1530 supplex:
1053 1471 1124 1530 et,
1156 1468 1391 1531 quoniam
1421 1468 1715 1518 transmissa
1744 1470 1890 1518 hasta

196 1544 400 1594 Aenean
430 1546 483 1592 in
506 1547 671 1593 totum
703 1542 908 1593 evadere
939 1559 1039 1591 non
1069 1544 1323 1605 potuerat,
1356 1542 1418 1590 ad
1443 1558 1607 1607 genua
1638 1544 1745 1591 eius
1777 1558 1890 1592 cum

197 1619 483 1668 huiusmodi
513 1635 655 1682 prece
687 1617 936 1681 confugit:
957 1631 1053 1677 per
1072 1617 1264 1676 patrios
1293 1617 1457 1665 manis
1489 1621 1532 1665 et
1553 1631 1662 1676 spes
1692 1631 1891 1678 suryen-

95 1700 180 1740 525
199 1694 259 1742 tis
289 1693 395 1742 Iuli
433 1697 476 1742 te
507 1707 694 1753 precor,
738 1693 865 1741 hanc
910 1691 1130 1739 animam
1175 1704 1335 1739 serves
1369 1694 1608 1752 ynatoque
1638 1692 1892 1751 patrique.-

198 1767 295 1815 duo
313 1768 674 1830 deprecationis
700 1765 959 1816 commoda
981 1766 1165 1826 tenuit,
1182 1764 1340 1828 patris
1365 1764 1655 1813 memoriam
1680 1767 1731 1813 et
1753 1780 1891 1827 spem

197 1842 271 1888 fili
310 1842 581 1905 surgentis,
614 1842 826 1890 alterum
857 1839 993 1902 quod
1023 1840 1362 1887 consecratum
1396 1854 1499 1888 esse
1532 1839 1666 1901 apud
1690 1838 1890 1888 Aenean

199 1916 391 1977 debuit,
423 1917 637 1963 alterum
672 1914 807 1977 quod
838 1913 1255 1976 contemplatione
1285 1913 1358 1960 fili
1389 1929 1492 1962 esse
1525 1912 1695 1961 debuit
1730 1912 1891 1976 pium,

199 1990 444 2052 petiturus
486 1991 655 2037 autem
679 2005 768 2052 pro
802 2004 851 2037 se
884 1987 1035 2036 etiam
1068 1987 1141 2034 fili
1172 1987 1252 2036 sui
1288 1988 1459 2036 nexuit
1489 2002 1706 2048 causam,
1744 2003 1890 2051 prop-

199 2067 276 2112 ter
318 2079 464 2126 quem
501 2063 667 2112 vivere
707 2061 950 2125 cupiebat.
1003 2063 1134 2109 recte
1164 2077 1194 2109 a
1225 2061 1471 2110 similibus
1503 2062 1725 2123 personis
1756 2061 1890 2124 prin-

201 2137 331 2200 cipia
355 2136 611 2200 petitionis
641 2136 850 2185 induxit.
906 2136 948 2184 si
970 2135 1266 2198 peperceris,
1289 2135 1477 2198 inquit,
1500 2135 1644 2197 mihi,
1673 2135 1889 2184 servabis

199 2228 278 2259 me
311 2214 360 2260 et
398 2211 557 2259 filium
588 2227 754 2259 meum
785 2209 1086 2273 perindeque
1132 2225 1231 2258 non
1270 2226 1446 2271 unum,
1486 2210 1571 2258 sed
1598 2210 1734 2258 duos.
1782 2225 1889 2258 ecce

199 2286 412 2350 rogabat
451 2301 563 2333 eum
601 2285 681 2333 cui
717 2285 849 2332 filius
890 2285 1019 2333 esset
1057 2286 1107 2332 et
1136 2286 1304 2333 nosset
1335 2283 1581 2347 quomodo
1613 2285 1782 2346 posset
1812 2299 1888 2331 ex-

202 2359 323 2408 oriri
361 2359 606 2421 deceptio,
647 2359 689 2407 si
717 2358 849 2407 filius
885 2358 1113 2421 perderet
1142 2359 1361 2420 patrem,
1393 2357 1473 2406 vel
1511 2357 1632 2419 quid
1666 2356 1804 2423 boni,
1849 2356 1892 2405 si

200 2434 400 2482 liberari
430 2434 701 2481 meruisset.
764 2448 935 2481 verum
965 2449 1026 2479 ne
1048 2432 1182 2481 solae
1205 2447 1373 2494 preces
1400 2431 1782 2493 inpetrationem
1806 2430 1888 2479 ob·

324 2609 347 2647 7
392 2605 604 2649 adductis
646 2603 717 2647 ed.
842 2608 896 2646 10
935 2604 1035 2660 royi
1064 2602 1149 2646 VR
1185 2603 1282 2660 reyi
1312 2601 1348 2645 Ο
1388 2602 1505 2658 reyis
1541 2601 1632 2657 filii
1666 2601 1753 2645 edI
1791 2603 1891 2659 rossi

202 2665 292 2719 filii
331 2664 446 2707 edF.
569 2667 623 2706 13
663 2662 956 2707 tremebunda
986 2677 1021 2705 r.
1056 2662 1127 2706 ed.
1251 2666 1306 2705 14
1336 2674 1551 2717 ‘maynum
1574 2659 1659 2703 VR
1688 2675 1722 2705 n
1753 2660 1842 2705 del.
1867 2676 1890 2704 r

205 2723 451 2780 Mayonem
483 2722 555 2766 ed.
655 2726 709 2765 15
741 2721 946 2765 evaderet
975 2721 1046 2764 ed.
1147 2725 1201 2765 16
1233 2724 1497 2775 accepturus
1528 2718 1599 2763 ed.
1646 2721 1649 2777 1
1695 2734 1890 2777 yenuam

199 2782 398 2837 plectens
421 2781 518 2825 VR.
611 2785 664 2824 17
690 2781 854 2835 effatus
877 2780 947 2823 ed.
987 2781 990 2835 l
1026 2794 1233 2836 quum—
1252 2783 1306 2823 18
1323 2779 1544 2834 potuisset
1567 2778 1637 2821 ed.
1732 2783 1786 2822 18
1817 2792 1887 2835 ye-

203 2854 301 2884 nua
323 2840 408 2884 VR
430 2854 572 2897 yenus
594 2840 669 2883 ed.
759 2843 813 2882 19
846 2852 945 2894 spes
967 2840 1170 2895 uryentis
1191 2839 1320 2883 tulite
1341 2851 1534 2892 praecor
1556 2837 1640 2880 VR
1670 2851 1792 2893 spem
1815 2838 1885 2881 cd.

205 2904 260 2941 23
292 2901 484 2944 alterum
515 2899 634 2955 quod
663 2898 1035 2953 contemplatione
1064 2899 1154 2952 filii
1183 2911 1272 2942 esse
1295 2897 1450 2940 debuit
1470 2896 1512 2939 R
1540 2910 1626 2939 om.
1645 2895 1888 2940 VHMOU

204 2958 275 3001 ed.
398 2963 452 3001 25
486 2973 515 3002 a
547 2972 634 3002 om.
669 2957 740 3001 ed.
862 2961 916 2999 29
950 2957 1146 3012 deceptio
1170 2955 1255 3000 VR
1285 2956 1598 3000 detrimentum
1630 2955 1700 2999 ed.

1921 963 1967 995 m

1922 1335 1970 1367 15v

1921 1706 1964 1738 20

1922 2075 1964 2109 25

1922 2446 1976 2478 302
