2050 3226
85 985 108 1018 o

14 1071 18 1079 2
65 985 91 1060 ἰ’
138 1050 279 1113 gesta
308 1049 414 1096 ulla
443 1050 638 1098 ratione
669 1050 935 1112 potuisset,
974 1051 1024 1097 et
1062 1064 1175 1097 cum
1201 1050 1399 1097 mortuo
1430 1048 1832 1112 interrogationi·

4 1353 107 1392 ²15

63 1730 108 1762 20

65 2099 108 2132 25

786 166 1091 212 AENEIDOS
1119 166 1185 210 XI
1722 170 1830 223 429

139 309 316 367 feretro
352 307 580 356 Pallante
616 311 804 368 reposto
833 307 1098 367 procubuit
1131 320 1280 367 super
1311 310 1452 368 atque
1488 307 1652 355 haeret
1690 308 1831 356 lacri-
1850 318 1934 358 150

139 396 377 442 marisque
409 395 718 443 yemensque:
764 384 914 445 atque
951 382 1026 430 ita
1062 384 1122 429 ut
1157 380 1328 429 Pallas
1373 380 1569 429 iacebat
1608 381 1830 443 deposito

140 456 322 504 feretro
367 455 634 518 procubuit
678 456 914 504 Euander
958 471 1112 518 supra
1156 458 1207 504 et
1243 455 1461 503 inhaesit
1499 454 1599 518 ipsi
1638 456 1833 518 corpori

141 546 253 578 cum
302 529 567 594 gemitibus
619 531 670 578 et
717 530 851 578 fletu.
928 534 972 578 et
1017 530 1100 578 via
1149 530 1232 577 vix
1270 529 1464 577 tandem
1510 529 1615 577 voci
1664 529 1833 577 laxata

141 604 303 652 dolore
340 607 431 652 cst:
474 605 646 652 tantus
692 604 857 652 fuerat
902 604 1044 653 dolor
1087 603 1299 652 infelicis
1338 604 1520 666 patriS,
1565 605 1624 651 ut
1660 604 1746 651 vix
1784 605 1833 651 et

139 677 436 741 interposito
473 679 696 740 tempore
734 678 876 740 loqui
914 678 1182 741 potuisset,
1220 677 1362 726 dolor
1399 677 1665 726 distulerat
1701 676 1831 725 unde

138 751 355 800 reddidit
391 767 561 801 vocem
601 747 640 816 †
671 767 786 800 suos
825 753 968 814 loqui
1004 754 1195 815 posset,
1234 751 1379 800 dolor
1413 751 1654 815 loquendi
1690 767 1833 814 prae-

140 827 274 875 stitit
310 826 662 875 laxamentum.
739 841 837 874 non
875 827 1013 883 haec,
1060 841 1087 874 o
1126 826 1294 883 Palla,
1346 826 1552 874 dederas
1581 827 1834 885 promissa

136 901 352 960 parenti,
401 902 593 949 cautius
628 904 684 948 ut
720 915 864 949 saevo
902 901 1046 948 velles
1082 903 1127 948 te
1164 901 1354 948 eredere
1389 901 1576 948 Marti:
1620 902 1831 964 magnus

139 990 276 1022 error
323 973 559 1023 dolentis:
610 974 845 1039 obiurgat
892 977 1169 1035 mortuum,
1217 973 1362 1037 quasi
1406 974 1664 1023 emendare
1703 974 1832 1022 male

137 1123 229 1172 bus
289 1123 536 1186 loquitur,
599 1124 745 1186 quasi
806 1123 979 1171 audire
1033 1123 1272 1171 exanimis
1325 1125 1495 1185 posset
1548 1125 1638 1171 aut
1691 1124 1833 1186 gesta

138 1213 356 1245 narrare.
431 1213 533 1245 non·
575 1197 716 1259 talis,
763 1197 953 1259 inquit,
999 1197 1252 1258 extiterat,
1299 1197 1394 1258 ffli,
1439 1196 1702 1260 promissio
1742 1199 1834 1245 tua

137 1287 228 1320 nec
274 1271 345 1320 sic
392 1271 608 1333 abieras,
646 1274 707 1320 ut
749 1272 868 1320 talis
917 1270 1166 1319 infelicem
1215 1286 1459 1319 remeares
1510 1270 1574 1319 ad
1623 1273 1832 1334 patrem.

139 1345 548 1408 circumspectum
585 1348 635 1394 te
673 1345 971 1408 promiseras
1010 1346 1115 1394 fore
1155 1347 1206 1393 et
1237 1345 1372 1393 omni
1403 1345 1601 1394 cautela
1631 1361 1832 1407 suspen-

138 1435 260 1468 sum.
323 1435 421 1482 quo
462 1419 693 1468 abierunt
729 1419 862 1469 ista?
928 1420 1038 1482 quis
1069 1421 1120 1467 te
1153 1435 1295 1468 casus
1327 1419 1653 1482 praecipitem
1683 1419 1833 1480 dedit,

136 1497 195 1542 ut
242 1493 596 1542 mandatorum
655 1495 755 1541 mei
807 1494 1002 1542 timoris
1064 1494 1249 1542 oblitus
1313 1494 1491 1542 duram
1542 1492 1832 1556 inprovidus

137 1584 428 1631 properares
476 1568 531 1616 in
575 1567 820 1616 mortem?
888 1569 942 1616 in
988 1567 1339 1617 certaminibus
1386 1567 1506 1615 belli
1552 1567 1834 1616 redundant

138 1644 339 1706 copiosa
399 1642 686 1691 discrimina
752 1644 1050 1705 tantumque
1109 1642 1214 1690 illic
1282 1643 1500 1704 proclive
1570 1644 1646 1690 est
1705 1642 1835 1691 mori

139 1719 382 1779 quantum
420 1732 674 1779 superesse
715 1716 916 1765 difficile
955 1723 1046 1765 est.
1112 1717 1232 1764 haut
1269 1717 1475 1777 igmarus
1513 1730 1649 1764 eram
1679 1730 1833 1775 quan-

137 1794 241 1838 tum
284 1806 413 1839 nova
453 1791 614 1852 yloria
658 1792 713 1838 iu
758 1792 914 1839 armis
960 1794 1004 1839 et
1037 1791 1304 1850 praedulce
1350 1791 1494 1838 decus
1530 1791 1696 1850 primo
1736 1804 1832 1838 cer-
1851 1801 1938 1840 155

138 1866 318 1913 tamine
350 1869 537 1925 posset:
567 1866 820 1926 primitiae
855 1866 1049 1913 iuvenis
1085 1866 1293 1913 miserae
1333 1865 1533 1924 bellique
1567 1865 1833 1925 propinqui

139 1939 268 1987 dura
312 1939 590 1987 rudimenta
638 1943 682 1987 et
724 1940 852 1987 nulli
897 1939 1129 1988 exaudita
1175 1939 1374 1987 deorum
1420 1942 1531 1986 vota
1575 1953 1833 1999 precesque

137 2014 300 2060 meae!
358 2014 518 2076 prior,
554 2012 743 2075 inquit,
781 2014 889 2076 ipse
927 2013 1151 2076 peccavi,
1189 2014 1382 2075 primus
1422 2012 1684 2061 consilium
1723 2029 1831 2075 per-

140 2087 265 2147 didi,
301 2103 436 2136 meos
473 2088 607 2135 inter
642 2087 789 2135 initia
826 2090 1072 2136 tractatus
1111 2087 1313 2136 inimica
1350 2088 1554 2135 fortuna
1592 2086 1832 2147 confudit,

136 2161 467 2225 ignorationis
507 2163 823 2210 excusatione
862 2161 1062 2210 defendi
1092 2177 1192 2209 non
1230 2177 1456 2224 possum,
1495 2160 1646 2209 debui
1682 2162 1834 2209 miser

139 2251 310 2284 cavere
343 2235 476 2298 quod
506 2251 757 2285 noveram.
817 2252 906 2298 per
942 2237 1064 2284 haec
1096 2235 1280 2299 quippe
1312 2236 1376 2284 ad
1413 2236 1541 2284 hanc
1578 2236 1834 2283 infelicem

139 2312 387 2358 senectam
423 2309 549 2357 mihi
584 2310 828 2359 transitus
860 2310 973 2358 fuit.
1035 2309 1250 2358 sciebam
1282 2309 1403 2372 quid
1432 2312 1601 2372 posset
1634 2309 1830 2357 novitas

137 2400 303 2431 rerum
333 2385 382 2431 et
411 2385 671 2446 inexperta
702 2383 926 2447 pericula
958 2384 1376 2447 quemadmodum
1408 2384 1661 2446 decipiant
1691 2382 1831 2430 rudis

139 2458 374 2520 exemplis
428 2458 836 2521 praecedentibus
888 2473 1138 2507 noveram.
1231 2459 1389 2507 solam
1450 2457 1635 2521 gloriae
1698 2457 1831 2505 viam

138 2534 360 2580 tractant
398 2534 448 2581 et
485 2534 590 2581 solo
630 2532 795 2580 laudis
829 2548 994 2581 amore
1025 2534 1293 2595 raptantur
1325 2548 1534 2594 cumque
1566 2531 1636 2579 sic
1676 2547 1829 2594 agun-

260 2692 283 2731 7
316 2702 464 2733 vocem
493 2702 598 2733 suos
624 2687 667 2731 V
696 2702 737 2732 v.
769 2689 1009 2744 quominus
1047 2689 1276 2745 suspicor,
1318 2688 1398 2731 sed
1439 2701 1620 2731 crucem
1658 2699 1833 2742 ponere

138 2747 306 2801 malui,
337 2761 424 2792 vox
454 2749 573 2791 euim
604 2762 695 2803 qua
723 2761 808 2803 pro
837 2761 943 2792 suos
971 2748 1131 2804 inepte
1163 2748 1350 2803 scripsit
1381 2747 1452 2790 ed.
1489 2747 1494 2802 Ι
1530 2747 1680 2790 dolore
1700 2744 1829 2788 Ved.

139 2806 267 2851 dolor
296 2820 379 2850 nos
411 2807 670 2864 (anaphora
701 2806 804 2862 ipsa
834 2805 1114 2863 probatum).
1220 2811 1244 2850 9
1277 2807 1453 2851 eredere
1476 2805 1518 2848 V
1548 2805 1727 2849 tradere
1758 2804 1830 2847 ed.

141 2879 254 2909 corr.
280 2866 351 2910 ed.
376 2868 495 2921 post.
598 2870 652 2909 10
685 2867 818 2922 quasi
840 2865 882 2909 V
905 2880 944 2922 q.
969 2867 1063 2910 iam
1087 2866 1204 2910 edF.
1302 2871 1354 2908 11
1389 2866 1487 2909 ulla
1510 2863 1551 2907 V
1574 2865 1734 2919 aliqua
1757 2863 1829 2907 ed.

142 2928 196 2967 18
220 2926 489 2981 properaris
511 2924 554 2968 V
577 2925 648 2969 ed.
764 2929 819 2968 23
852 2925 1117 2970 exauditam
1147 2939 1299 2970 eorum
1322 2924 1377 2968 V.
1435 2963 1440 2966 .
1500 2928 1556 2967 24
1584 2924 1767 2979 primus
1788 2922 1832 2965 V

140 2998 244 3027 -um
276 2984 348 3027 ed.
396 2983 401 3042 Ι
445 2985 640 3040 perdedi
663 2983 716 3027 V.
840 2988 896 3028 25
928 2985 1131 3039 confodit
1163 2985 1235 3029 ed.
