2050 3226
239 231 349 284 474
709 227 943 273 DONATI
972 227 1252 271 INTERPR.
1277 227 1459 272 VERG.

238 370 334 430 est,
373 370 491 431 quia
528 384 628 418 non
665 367 799 417 nosti
836 367 1123 431 pugnantis.
1186 367 1465 430 triumphos
1502 369 1615 417 tuos
1655 370 1706 416 et
1736 369 1929 432 strages

236 443 289 490 in
333 443 528 491 hostem
575 442 675 491 tuis
724 441 954 490 manibus
1000 442 1160 489 factas
1211 441 1371 490 elatus
1421 457 1675 504 enumera,
1726 442 1929 491 ostende

238 533 383 581 agros
416 532 540 580 quos
571 518 663 565 tua
693 517 853 565 virtus
884 515 1113 577 tropaeis
1133 515 1296 564 effecit
1323 515 1548 580 insignis.
1607 517 1730 564 haec
1762 517 1930 564 omnia

235 591 535 640 insultanter
571 591 862 653 prosecutus
902 591 997 650 est,
1035 590 1181 651 quasi
1219 589 1423 638 diceret:
1462 591 1506 638 si
1535 590 1662 638 nihil
1694 591 1776 654 egi
1804 607 1929 654 pug-

236 665 422 726 nando,
471 663 581 727 quis
627 666 797 712 tantas
843 665 1033 727 strages
1079 663 1307 712 Troianis
1343 663 1565 713 invexit?
1628 680 1693 712 an
1738 666 1796 713 tu
1841 663 1932 728 qui
1983 680 2003 713 5

235 754 508 801 numquam
528 753 726 802 pugnae
751 737 923 786 vidisti
945 737 1228 786 certamen?
1258 738 1417 798 possit
1438 739 1555 798 qnid
1577 739 1745 787 vivida
1774 739 1930 787 virtus

168 821 172 824 ’
236 814 484 873 emperiare
538 813 669 870 licet;
716 825 803 860 nec
852 812 988 872 lonye
1035 812 1215 860 scilicet
1259 812 1414 860 hostes
1463 814 1727 872 quaerendi
1775 813 1928 869 nobis,

236 889 549 935 circumstant
590 886 804 946 undique
848 900 1036 942 muros,
1086 887 1216 934 imus
1260 887 1316 933 in
1365 886 1618 935 adversos:
1665 888 1758 935 hoc
1803 886 1930 948 ide0,

237 961 356 1023 quia
385 961 605 1008 Drances
638 960 886 1008 obiecerat
915 960 1101 1024 „fugae
1131 958 1339 1021 fidens“‚
1377 961 1543 1022 „aude
1574 963 1725 1023 atque
1757 960 1929 1010 adver-

235 1052 344 1084 sum
381 1035 537 1083 fidens
577 1035 652 1082 fer
689 1037 862 1097 pectus
900 1033 954 1081 in
984 1032 1230 1096 hostem“,
1269 1035 1460 1096 „etiam
1497 1036 1578 1096 tu,
1617 1035 1661 1083 si
1700 1050 1799 1097 qua
1836 1035 1931 1083 tibi
1962 1051 2005 1084 10

234 1110 333 1171 viS,
380 1110 424 1158 si
460 1108 615 1171 patrii
655 1109 776 1171 quid
813 1107 989 1157 Martis
1027 1108 1202 1170 habeS‚
1245 1108 1390 1156 illum
1428 1110 1592 1172 aspice
1632 1111 1805 1158 contra
1845 1109 1932 1172 qui

234 1182 417 1232 vocat“
466 1185 517 1231 et
553 1181 763 1231 Latinus
801 1182 855 1230 in
894 1183 1118 1231 oratione
1162 1198 1252 1231 sua
1291 1183 1485 1231 dixerat
1530 1199 1670 1245 „non
1707 1185 1930 1246 tempore

233 1258 328 1306 tali
381 1273 555 1321 cogere
610 1256 898 1319 concilium,
953 1273 1065 1305 cum
1116 1272 1285 1306 muros
1337 1257 1532 1306 adsidet
1579 1256 1789 1306 hostis“.
1867 1258 1931 1306 ad

234 1331 402 1380 omnia
431 1333 526 1380 iste
557 1331 699 1379 varia
723 1331 1035 1380 ordinatione
1061 1332 1347 1395 respondet,
1378 1333 1565 1394 potest,
1596 1331 1786 1394 inquit,
1818 1347 1930 1380 con·

234 1405 437 1468 probari
473 1406 668 1454 facilius
707 1405 820 1468 quis
861 1407 1052 1468 quanta
1089 1407 1277 1454 virtute
1316 1406 1552 1454 confidat:
1594 1407 1718 1455 haut
1755 1407 1931 1470 procul
1962 1420 2004 1453 15

235 1482 310 1528 est
336 1477 491 1528 hostis
525 1482 575 1528 et
604 1495 771 1528 muros
803 1479 1047 1528 observat.
1097 1480 1190 1528 hoc
1219 1480 1293 1528 ita
1325 1481 1472 1542 dixit,
1503 1481 1652 1542 quasi
1683 1479 1930 1530 obsidium

234 1554 391 1602 fretus
425 1570 514 1603 sua
545 1555 731 1603 virtute
763 1556 1118 1614 contemneret,
1148 1555 1282 1617 quod
1314 1554 1449 1617 apud
1471 1554 1586 1602 illos
1618 1570 1769 1618 grave
1794 1555 1929 1603 vide·

233 1628 396 1677 batur.
458 1628 588 1676 imus
625 1628 680 1676 in
720 1628 973 1678 adversos:
1019 1643 1138 1676 usus
1179 1630 1254 1677 est
1291 1628 1439 1676 verbo
1479 1627 1689 1676 Drancis
1730 1629 1818 1691 qui
1856 1628 1928 1676 di-

233 1705 375 1751 xerat
407 1705 595 1766 „atque
628 1703 891 1752 adversum
922 1702 1076 1750 fidens
1108 1702 1183 1750 fer
1219 1705 1392 1764 pectus
1431 1701 1485 1749 in
1522 1701 1767 1751 hostem“.
1823 1718 1928 1767 ego,

232 1777 419 1839 inquit,
458 1776 540 1826 ibo
571 1777 624 1824 in
654 1778 848 1826 hostem
872 1777 1107 1825 adversus
1140 1777 1410 1825 secundum
1441 1776 1751 1825 voluntatem
1774 1779 1928 1838 tuam⁷
1961 1792 2004 1824 20

235 1850 319 1899 sed
357 1853 413 1899 tu
453 1867 648 1913 quoque
695 1852 810 1900 veni
854 1866 1070 1912 mecum,
1116 1853 1176 1898 ut
1221 1850 1390 1899 videas
1437 1866 1495 1898 ac
1540 1850 1718 1913 probes
1766 1851 1928 1914 qualis

235 1925 329 1973 sim
361 1941 471 1972 cum
503 1941 601 1987 quo
633 1930 781 1987 paras
815 1925 1062 1973 dimicare.
1127 1925 1244 1984 quid
1275 1926 1467 1973 cessas?
1506 1939 1574 1972 an
1604 1926 1691 1973 tibi
1720 1925 1929 1973 Mavors

133 2006 217 2047 390
235 2002 431 2046 ventosa
475 1999 530 2046 in
577 2000 746 2059 linqua
781 2000 1084 2060 pedibusque
1127 1999 1387 2060 fugacibus
1430 1999 1538 2046 istis
1582 2013 1770 2059 semper
1808 2000 1928 2047 erit?

237 2071 358 2135 quid
404 2074 479 2121 est
526 2074 659 2135 quod
705 2074 769 2122 ad
819 2089 1050 2136 campum
1097 2089 1195 2121 non
1249 2073 1399 2121 audes
1450 2074 1600 2135 exire,
1652 2075 1715 2121 et.
1749 2072 1927 2136 potes?

237 2147 356 2208 quia
401 2146 656 2195 bellatoris
709 2148 927 2196 officium
977 2148 1197 2209 conples,
1248 2148 1292 2195 si
1340 2146 1558 2209 loqueris
1609 2149 1698 2195 aut
1745 2147 1926 2211 fugias.
1959 2163 2002 2196 25

236 2236 344 2268 ecce
391 2220 545 2268 obicit
583 2222 629 2268 ei
675 2221 795 2283 quia
839 2221 946 2284 ipse
991 2222 1153 2285 magis
1203 2221 1356 2286 fugax
1405 2221 1472 2269 sit
1520 2236 1608 2269 nec
1658 2221 1926 2283 aliquando

235 2296 504 2356 concertet3
549 2295 766 2343 Drances
814 2296 997 2358 quippe
1045 2295 1237 2344 dixerat
1283 2295 1342 2343 de
1386 2295 1551 2343 Turno
1599 2295 1733 2357 quod
1778 2295 1926 2358 fugae

234 2368 467 2416 fiduciam
498 2370 702 2432 gereret.
746 2370 925 2428 pulsus
950 2371 1063 2430 eqo?
1095 2385 1248 2433 supra
1278 2370 1410 2417 enim
1441 2369 1630 2417 dictum
1661 2371 1736 2418 est
1762 2384 1926 2431 „pone

237 2444 426 2492 animos
466 2445 516 2491 et
564 2443 739 2505 pulsus
792 2442 924 2491 abi“.
999 2444 1114 2491 huic
1154 2443 1345 2492 obiecto
1393 2445 1466 2492 ita
1514 2442 1789 2505 respondit:
1841 2446 1928 2490 ant

237 2518 492 2576 quisquam
539 2517 728 2573 merite,
782 2517 1078 2576 foedissime,
1126 2518 1329 2577 pulsnm
1375 2521 1543 2578 arynet
1587 2517 1746 2564 Iliaco
1785 2517 1926 2563 tami·-
1957 2532 2000 2564 30

355 2634 378 2671 1
427 2634 492 2673 est
527 2627 570 2672 V
616 2642 661 2672 es
707 2627 778 2671 ed.
902 2632 926 2670 3
973 2629 1132 2684 inqens
1170 2628 1211 2672 V
1257 2630 1458 2686 insiynes
1504 2627 1604 2672 edF
1652 2628 1782 2684 -9nis
1826 2641 1923 2671 nos,

238 2693 262 2731 6
289 2689 437 2743 possit
466 2689 547 2743 qui
576 2686 629 2730 V.
754 2691 777 2729 7
818 2688 956 2731 hostis
986 2687 1040 2730 V.
1164 2692 1190 2731 8
1221 2689 1342 2732 imus
1371 2689 1423 2732 in
1453 2688 1662 2731 adversos
1693 2700 1782 2730 om.
1807 2686 1923 2731 edF.

240 2750 292 2789 10
334 2747 425 2800 fert
464 2749 518 2790 ut
560 2760 700 2802 supra
743 2750 829 2790 370
871 2747 918 2789 et
959 2746 1082 2789 infra
1116 2746 1171 2790 V.
1304 2751 1356 2790 11
1393 2748 1525 2803 parti
1565 2759 1648 2801 pro
1686 2746 1836 2801 patrii
1868 2744 1923 2789 V.

239 2810 293 2848 14
316 2806 550 2861 respondit
571 2806 643 2851 ed.
723 2809 776 2849 15
802 2810 884 2849 aut
900 2807 1132 2860 proculem
1147 2805 1189 2849 V
1206 2820 1319 2849 corr.
1338 2805 1408 2849 ed.
1427 2805 1483 2848 cf.
1503 2810 1604 2857 457,
1625 2809 1692 2848 13.
1772 2809 1826 2848 16
1850 2806 1925 2849 ob-

235 2865 454 2909 sidionem
486 2865 557 2908 ed.
662 2869 714 2908 21
750 2865 904 2921 quales
933 2866 1019 2908 sim
1049 2878 1235 2921 eumque
1256 2865 1564 2921 prodimieare
1587 2863 1629 2907 V
1660 2864 1809 2919 qualis
1838 2865 1925 2907 sim

237 2923 418 2966 omissis
463 2937 583 2979 quae
626 2926 883 2978 sequuntur
924 2923 994 2966 ed.
1117 2928 1174 2967 24
1213 2929 1256 2968 et
1284 2927 1555 2979 potes—25
1582 2922 1740 2979 fugias
1764 2922 1805 2965 V
1830 2923 1922 2966 ed.:

237 2982 434 3025 fortasse
475 2988 517 3026 et
551 2988 693 3038 putas
734 2984 845 3038 qnia
887 2983 926 3026 b.
960 2995 998 3026 o.
1035 2984 1246 3038 conpleas
1286 2984 1328 3026 si
1370 2983 1571 3038 loquaris
1613 2986 1695 3025 aut
1735 2981 1923 3038 fuyias‘?

238 3045 291 3083 26
319 3041 438 3085 estV
456 3041 526 3085 ed.
551 3043 611 3086 sit
634 3055 730 3086 nos,
808 3046 862 3085 27
889 3046 1105 3086 concertet
1121 3041 1162 3085 V
1186 3046 1281 3086 -tat
1304 3041 1375 3085 ed.
1461 3044 1515 3083 29
1540 3040 1679 3085 autV
1701 3041 1827 3084 haud
1851 3040 1921 3084 ed.
