2050 3226
114 955 155 987 10

116 1325 156 1357 15

117 1697 161 1728 20

121 2066 163 2099 25

123 2437 166 2469 30

832 131 1136 177 AENEIDOS
1167 131 1232 176 XI
1771 133 1880 188 525

180 274 348 336 yeritis
377 274 473 322 tela
502 274 656 322 inrita
686 274 899 322 dextris?
953 274 1099 335 certe,
1129 271 1174 321 si
1203 271 1344 321 vobis
1374 272 1556 321 inertia
1585 273 1764 335 placet,
1795 288 1883 321 cur

184 364 284 397 non
315 347 562 411 deponitis
594 347 814 396 ferrum?
859 363 945 397 cur
974 363 1075 395 non
1106 346 1383 396 exoneratis
1415 347 1640 395 dexteras
1666 345 1882 410 gladiis?

184 422 343 487 proici
392 422 537 470 debet
583 422 717 484 quod
762 423 952 471 fmstra
996 423 1240 484 portatur.
1318 424 1371 470 at
1406 435 1505 469 non
1552 422 1605 468 in
1653 421 1884 469 Venerem

184 511 351 558 seynes
395 499 726 558 nocturnaque
773 497 922 545 bella:
971 495 1072 545 scio
1119 497 1287 544 tamen
1333 510 1421 544 vos
1465 496 1518 543 in
1565 494 1676 543 aliis
1723 494 1884 556 fortiS,

185 570 271 620 sed
319 573 439 619 tunc
493 586 602 619 cum
650 571 908 620 venerium
956 569 1158 619 venitur
1204 569 1267 618 ad
1315 569 1503 617 bellum
1548 570 1599 618 et
1642 570 1885 617 nocturna

185 645 470 694 certamina.
526 648 615 693 aut
650 646 736 693 ubi
774 659 926 693 curva
964 645 1131 692 choros
1168 644 1364 692 induxit
1400 644 1522 692 tibia
1547 643 1758 692 Bacchi:
1798 645 1886 691 aut

184 721 303 768 tunc
332 718 498 767 minus
529 734 701 783 segnes
734 734 848 768 cum
879 719 1020 768 vobis
1050 719 1254 767 saltatio
1283 718 1445 782 turpis
1478 719 1528 766 et
1558 718 1736 766 chorus
1765 732 1886 765 sono

183 793 339 842 tibiae
378 793 599 842 canentis
637 793 904 842 inducitur.
959 795 1196 852 expectate
1234 793 1385 852 dapes
1424 795 1467 840 et
1496 792 1675 853 plenae
1704 792 1887 851 pocula

183 881 400 924 mensae,
439 868 517 916 hic
555 882 706 924 amor,
746 868 833 916 hcc
869 867 1114 915 studium:
1164 866 1343 915 amatis
1379 866 1471 914 illa
1510 882 1638 929 quae
1683 865 1886 915 virtutis

187 942 399 1006 gloriam
438 944 646 1006 negant,
694 942 965 1004 exquisitas
1013 941 1204 990 scilicet
1243 957 1300 989 ac
1338 940 1600 989 deliciosas
1646 940 1798 1003 dapes
1838 941 1889 988 et

185 1017 322 1064 ultra
360 1017 705 1065 necessitatem
744 1018 952 1064 naturae
983 1016 1180 1079 ingesta
1218 1016 1269 1063 et
1305 1030 1462 1078 usque
1496 1014 1560 1063 ad
1598 1014 1888 1063 ebrietatem

186 1091 380 1153 pocula.
457 1090 575 1138 dum
624 1104 771 1138 sacra
823 1090 1065 1138 secundus
1111 1090 1356 1150 haruspeae
1410 1090 1599 1137 nuntiet
1648 1103 1707 1137 ac
1756 1089 1888 1137 lucos
1906 1095 1990 1136 ‘140

185 1167 317 1213 vocet
352 1165 510 1212 hostia
551 1165 757 1225 pinquis
794 1165 847 1212 in
887 1164 1034 1212 altos:
1079 1163 1295 1224 tamdiu,
1327 1163 1515 1226 inquit,
1554 1164 1673 1211 vina
1712 1177 1886 1211 consu-

187 1239 343 1299 mitiS,
394 1237 548 1286 donec
598 1237 791 1302 aliquid
828 1238 969 1287 vobis
1017 1253 1311 1301 prosperum
1351 1238 1410 1285 de
1449 1238 1604 1286 sacris
1641 1237 1890 1300 haruspex

188 1313 387 1361 nuntiet
425 1314 516 1361 aut
552 1311 754 1377 pinguis
785 1312 951 1361 hostia
981 1313 1267 1361 temulentis
1306 1312 1566 1376 ingeratur
1604 1311 1668 1359 ad
1707 1311 1888 1360 cibum.

188 1388 304 1435 haec
344 1389 528 1447 ecfatus
564 1401 738 1447 equum
775 1387 830 1434 in
867 1387 1050 1435 medios
1086 1388 1353 1434 moriturus
1392 1390 1436 1434 et
1463 1387 1568 1446 ipse
1606 1386 1810 1434 concitat
1849 1389 1892 1433 et

199 1461 382 1509 Venulo
422 1460 683 1508 adversum
720 1475 771 1509 se
807 1461 1029 1520 fervidus
1067 1462 1228 1520 offert:
1271 1459 1369 1508 cito
1409 1459 1538 1508 dixit
1576 1459 1699 1523 quid
1737 1460 1891 1508 etiam

188 1534 285 1597 ipsi
322 1533 588 1583 inmineret
633 1536 716 1583 cui
762 1535 914 1583 ceteri
959 1534 1303 1597 displicebant.
1358 1534 1542 1583 obtulit
1586 1549 1659 1596 se,
1708 1533 1891 1597 inquit,

190 1609 383 1657 Venulo
424 1608 709 1672 adversum3
761 1608 932 1657 debuit
981 1609 1113 1658 enim
1157 1610 1295 1671 prior
1341 1608 1535 1672 aliquid
1585 1609 1763 1657 audere
1803 1609 1892 1671 qui

192 1683 416 1732 omnium
460 1684 690 1732 hortator
739 1683 988 1732 extiterat.
1064 1684 1403 1744 dereptumque
1452 1684 1514 1731 ab
1561 1697 1678 1742 equo
1721 1683 1892 1731 dextra

192 1757 501 1818 conplectitur
530 1758 710 1806 hostem
741 1761 784 1806 et
809 1758 1049 1818 yremium
1080 1760 1191 1805 ante
1221 1772 1367 1805 suurn
1403 1757 1559 1805 multa
1595 1758 1645 1804 vi
1680 1758 1892 1806 concitus

193 1832 378 1891 aufert:
416 1831 634 1880 occurrit
664 1832 881 1894 Venulo,
921 1832 1007 1881 sed
1046 1831 1108 1880 ab
1149 1847 1275 1894 equo
1307 1830 1557 1880 sedentem
1587 1832 1762 1894 rapuit
1798 1831 1892 1879 ini-

193 1905 333 1953 micis
374 1921 486 1954 eum
536 1906 854 1969 conplexibus
902 1907 1118 1955 retinens
1159 1921 1216 1954 ac
1255 1922 1373 1969 prae
1413 1921 1464 1954 se
1502 1907 1722 1968 portans.
1798 1906 1892 1954 hoc

194 1980 384 2028 factum
423 1981 661 2042 quoniam
699 1997 798 2029 non
849 1980 1148 2029 admittebat
1185 1979 1333 2028 fidem
1371 1982 1422 2028 et
1467 1979 1755 2028 incredibile
1796 1980 1894 2028 fuit

194 2068 337 2116 posse
362 2054 506 2102 dorso
532 2054 648 2117 equi
671 2054 830 2117 deripi
854 2058 1118 2115 armatum,
1137 2054 1332 2103 addidit
1355 2053 1706 2102 difficultatem
1726 2053 1890 2102 dicens

194 2127 355 2176 multa
393 2128 445 2176 vi
484 2128 705 2177 concitus
744 2129 931 2190 aufert,
970 2131 1029 2177 ut
1059 2129 1247 2177 maiore
1286 2128 1472 2178 virtute
1511 2130 1663 2192 atque
1701 2129 1893 2191 impetu

195 2201 436 2251 venientis
485 2202 540 2250 id
587 2203 694 2251 fieri
742 2203 962 2266 potuisse
1013 2204 1232 2267 legentes
1284 2202 1561 2266 adprobent
1608 2204 1656 2250 et
1695 2203 1891 2251 facilius

196 2276 413 2325 credant.
490 2277 672 2324 tollitur
716 2278 770 2325 in
816 2278 1003 2325 caelum
1048 2278 1243 2333 clamor,
1295 2277 1663 2340 Tyrrhenorum
1703 2276 1894 2325 scilicet
1911 2286 1994 2327 745

196 2366 314 2399 voce
358 2352 444 2413 qui
490 2350 680 2399 factum
725 2351 1051 2401 mirabantur.
1122 2352 1370 2411 cunctique
1411 2352 1586 2399 Latini
1625 2354 1894 2399 convertere

197 2425 378 2486 ocu103,
409 2426 467 2472 ut
505 2427 761 2474 cernerent
799 2426 933 2488 quod
963 2441 1238 2489 numquam
1268 2426 1510 2474 viderant.
1564 2425 1694 2472 volat
1724 2425 1894 2486 iqneus

152 2538 155 2540 “
198 2541 274 2580 twr
296 2535 338 2578 V
369 2538 606 2593 ayitantwr
636 2537 708 2581 ed.
830 2541 857 2581 6
895 2537 1063 2581 induxi
1094 2538 1191 2581 ibia
1227 2539 1489 2581 atramento
1522 2537 1571 2580 in
1602 2537 1760 2581 indixi
1790 2550 1894 2579 mu-

198 2597 351 2638 tatum
398 2596 447 2638 in
492 2595 685 2652 interpr.
728 2596 967 2641 inducitur
1003 2595 1059 2649 V,
1104 2610 1246 2653 quare
1292 2597 1484 2641 induxit
1529 2610 1634 2639 cum
1676 2595 1895 2640 Leidensi

199 2653 337 2711 Verg.
378 2654 674 2699 scribendum
716 2656 892 2711 putavi.
1017 2660 1041 2699 7
1081 2670 1235 2713 seynes
1266 2655 1307 2698 V
1345 2670 1379 2700 s.
1413 2656 1517 2699 estis
1552 2655 1623 2699 ed.
1746 2659 1773 2699 8
1816 2669 1895 2699 ex-

194 2719 376 2769 pectare
408 2715 479 2759 ed.
574 2718 598 2757 9
632 2716 823 2758 amai-tis
846 2714 888 2758 V
912 2728 1026 2759 corr.
1053 2715 1124 2759 ed.
1219 2720 1271 2759 12
1306 2729 1361 2758 ac
1385 2714 1426 2757 V
1457 2720 1499 2758 et
1529 2714 1600 2757 ed.
1695 2718 1750 2758 16
1782 2715 1895 2769 effa-

202 2778 274 2816 tus
306 2773 376 2816 ed.
501 2778 554 2816 17
587 2773 790 2827 fervidus
817 2773 859 2817 V
889 2775 1100 2818 turbidus
1130 2773 1268 2830 Verg.
1302 2773 1424 2817 libri.
1472 2774 1476 2828 Ι
1529 2774 1658 2828 offert
1683 2772 1722 2815 V
1753 2773 1896 2828 infert

202 2831 369 2887 optimi
400 2831 538 2889 Verg.
571 2831 693 2875 libri.
816 2837 872 2876 20
911 2834 1224 2890 direptumque
1250 2832 1334 2877 ed.
1457 2837 1513 2875 22
1543 2837 1610 2876 set
1632 2831 1673 2874 V
1704 2837 1746 2876 et
1776 2832 1892 2877 edF.

203 2895 260 2934 24
305 2905 443 2947 quum
488 2905 582 2936 non
628 2892 884 2937 admitteret
928 2893 999 2937 ed.
1145 2896 1199 2935 25
1248 2892 1393 2948 diripi
1429 2891 1475 2935 -V
1518 2891 1589 2936 ed.
1638 2891 1894 2935 secundum

203 2948 374 2994 lemma
406 2950 597 2994 correxi.
