2050 3226
141 1033 183 1066 10

138 1405 180 1438 15

136 1776 179 1808 20

134 2146 176 2178 25

133 2516 176 2548 30

864 208 1169 255 AENEIDos
1199 209 1265 253 XI
1804 213 1913 267 509

216 365 395 399 manus
434 351 485 398 et
522 351 795 398 ceterorum
835 352 1060 413 equitum
1105 349 1301 415 digesta
1344 365 1434 413 per
1477 351 1692 412 tuffias,
1739 352 1913 400 freme-

216 424 340 474 bant
362 425 478 488 equi
501 426 552 472 et
573 425 755 487 pressis
777 424 985 474 habenis
1007 425 1262 474 frenorum
1283 423 1587 488 inpatientes
1616 424 1915 473 resistebant

215 501 466 548 mutantes
515 501 660 562 terga
711 499 808 547 huc
862 501 913 548 et
963 499 1109 561 illuc,
1163 498 1323 548 omnis
1378 499 1545 547 autem
1596 514 1716 562 ager
1761 501 1913 548 armis

217 573 424 622 ardebat
471 573 630 622 hastis
678 572 732 620 in
781 573 993 622 sublime
1039 572 1295 638 porrectis,
1380 575 1435 622 at
1477 572 1532 621 in
1571 573 1731 622 altera
1768 576 1911 636 parte

215 647 515 697 videbantur
542 647 622 695 illi
653 662 778 710 quos
811 663 923 696 cum
956 646 1166 696 Camilla
1197 647 1455 697 dimiserat
1485 647 1697 710 TurnuS,
1728 647 1912 696 Messa·

214 737 307 784 pus
348 722 537 770 scilicet
575 723 625 771 et
662 721 834 770 Latini
872 723 1120 786 ceterique
1161 738 1376 786 quorum
1413 721 1639 784 superius
1670 721 1912 784 meminit,

215 811 383 846 omnes
420 795 565 845 ibant
603 812 716 845 cum
753 796 955 861 inpigra
986 797 1255 858 celeritate,
1287 798 1346 845 ut
1374 797 1569 845 hostem
1601 795 1665 845 ad
1694 797 1913 859 patriam

213 870 392 920 venire
429 886 530 919 non
580 871 819 933 sinerent,
868 872 1040 920 hastas
1089 872 1344 936 gestantes
1389 870 1603 919 dexteris
1641 873 1912 920 retrorsum

214 944 441 994 adductis
490 945 780 1008 spiculaque
825 945 1093 994 vibrantes,
1176 961 1362 1010 magna
1407 945 1662 994 subtilitas
1702 944 1911 994 dicentis

213 1021 264 1068 et
312 1020 628 1082 eloquentiae
678 1019 879 1082 copiosa
928 1019 1232 1082 substantia,
1281 1021 1340 1068 ut
1390 1019 1445 1068 in
1498 1018 1911 1082 descriptionibus

211 1094 434 1156 partium
471 1094 599 1142 nihil
637 1093 823 1142 diceret
859 1093 1037 1143 simile.
1112 1094 1256 1143 ibant
1299 1093 1546 1156 praedicti
1589 1093 1737 1143 duces
1775 1095 1911 1143 veni-

212 1167 412 1217 entibus
459 1168 595 1217 obvii
641 1170 692 1217 et
736 1170 911 1217 contra
953 1183 1124 1218 muros
1169 1168 1362 1231 positis.
1447 1167 1570 1231 quid
1616 1170 1822 1231 agerent
1858 1170 1912 1217 in

211 1258 386 1306 campo
441 1242 679 1292 facillime
735 1242 1021 1305 videbatui-3
1079 1243 1151 1291 sic
1208 1242 1340 1292 enim
1395 1241 1671 1307 pergebant
1718 1243 1911 1306 paratis

210 1316 370 1366 hastis
425 1319 476 1366 et
528 1316 765 1378 dexteriS‚
814 1319 873 1366 ut
923 1280 1119 1366 hostem
1171 1319 1338 1380 petere
1398 1317 1709 1378 viderentur,
1769 1316 1913 1366 ibant

210 1390 465 1441 vibrantes
503 1391 696 1455 spicula
732 1391 807 1440 ita
846 1390 1016 1441 crebro
1054 1394 1218 1475 motu,
1262 1394 1321 1440 ut
1358 1407 1418 1440 ea
1453 1391 1556 1440 iam
1595 1353 1912 1440 crederentur

211 1480 316 1515 esse
376 1466 592 1514 missuri.
685 1465 1024 1529 adventusque
1086 1465 1246 1515 virum
1308 1466 1636 1530 fremitusque
1697 1465 1912 1514 ardescit

211 1555 475 1624 equorum:
515 1539 758 1589 adventus
796 1556 896 1588 non
935 1539 1000 1588 ad
1030 1539 1270 1603 patriam,
1302 1539 1388 1589 sed
1417 1539 1550 1589 inter
1579 1555 1653 1603 se;
1686 1539 1912 1603 sequitur

210 1613 342 1663 enim
398 1615 592 1675 iamque
648 1615 781 1663 intra
839 1615 1023 1663 iactum
1078 1615 1159 1662 teli
1200 1629 1493 1675 proyressus
1540 1617 1739 1674 uterque
1798 1615 1910 1663 sub-

209 1689 419 1737 stiterat:
455 1704 747 1753 progressus
785 1688 889 1738 iam
924 1691 1136 1751 uterque
1174 1690 1415 1738 exercitus
1453 1689 1621 1737 fuerat
1646 1691 1696 1737 et
1724 1686 1909 1737 idcirco

210 1763 462 1812 crescebat
498 1764 727 1812 fremitus
768 1779 1010 1827 equorum
1040 1765 1091 1811 et
1129 1763 1306 1812 animis
1338 1763 1638 1823 ferebantur,
1670 1763 1791 1826 quia
1823 1763 1911 1825 qui

209 1839 328 1886 sunt
379 1854 438 1886 ex
486 1854 583 1886 usu
630 1837 876 1886 bellorum
921 1837 1087 1886 sciunt
1125 1838 1325 1900 quando
1365 1837 1462 1886 sibi
1500 1837 1790 1886 certandum
1827 1838 1909 1899 sit,

210 1912 375 1960 sciunt
413 1913 612 1974 quando
646 1912 801 1975 arripi
830 1913 990 1974 possit
1018 1911 1222 1960 initium
1252 1911 1384 1960 belli.
1439 1911 1530 1960 ubi
1559 1927 1676 1975 ergo
1707 1912 1908 1960 tantum

208 1986 341 2034 inter
378 1988 645 2049 utrumque
685 1987 955 2035 exercitum
991 1987 1232 2035 remansit
1270 1985 1442 2049 spatii,
1488 1987 1547 2034 ut
1589 1986 1695 2034 tela
1731 1987 1906 2034 utrim-

210 2076 308 2122 que
353 2061 507 2109 missa
551 2061 808 2123 pervenire
854 2060 907 2108 in
953 2061 1137 2109 alteros
1182 2062 1406 2123 possent,
1451 2061 1608 2108 subito
1648 2064 1910 2120 erumpunt

209 2135 417 2182 cla-more
464 2135 766 2195 furentisque
818 2135 1132 2183 exhortantur
1185 2149 1351 2196 equos:
1401 2135 1718 2184 hortamenta
1771 2134 1905 2183 vocis
1923 2142 2008 2182 610

206 2207 393 2258 idcirco
441 2208 760 2270 adhibentur,
809 2210 869 2257 ut
907 2210 1182 2257 excitentur
1227 2208 1380 2257 etiam
1416 2208 1580 2258 inviti.
1661 2207 1750 2257 isti
1794 2209 1904 2256 hor-

206 2283 444 2331 tabantur
496 2298 648 2345 equos
702 2282 805 2331 iam
850 2283 1062 2331 furentis
1115 2285 1167 2332 et
1204 2283 1324 2331 olim
1375 2283 1429 2331 in
1480 2283 1602 2331 belli
1655 2285 1904 2331 certamen

207 2357 453 2421 cupientis
492 2357 636 2405 exire.
711 2357 829 2405 talis
870 2359 946 2405 est
983 2359 1035 2406 et
1071 2373 1169 2406 vox
1208 2373 1335 2420 quae
1372 2358 1598 2406 mittitur
1636 2359 1905 2418 antequam

207 2434 456 2480 certamen
487 2432 718 2493 intretur,
748 2435 808 2480 ut
837 2431 1152 2480 hortamento
1185 2431 1252 2481 sit
1281 2432 1516 2496 singulis,
1550 2434 1600 2479 et
1629 2431 1903 2493 plurimum

205 2507 260 2553 in
298 2521 451 2555 ausus
488 2504 682 2554 validos
719 2505 919 2568 inpellit
949 2507 1214 2555 armatum.
1265 2507 1485 2567 fundunt
1512 2505 1660 2554 simul
1689 2505 1904 2564 undique

207 2580 302 2628 tela
340 2581 510 2628 crebra
547 2580 677 2627 nivis
715 2580 838 2627 ritu:
876 2595 985 2628 ecce
1025 2582 1270 2642 quantum
1309 2582 1475 2644 potest
1506 2581 1621 2628 ante
1653 2580 1901 2626 certamen

327 2741 382 2780 12
420 2737 562 2792 positi
596 2734 638 2779 V
676 2735 737 2779 ad
781 2736 1024 2791 sequentia
1062 2736 1221 2792 inepte
1259 2736 1406 2780 traxit
1444 2735 1516 2780 ed.
1549 2736 1715 2791 positis
1745 2747 1901 2778 emen-

207 2795 326 2840 davi.
375 2796 379 2853 }
431 2800 582 2852 aqeret
614 2794 656 2838 V
695 2800 879 2852 ayerent
915 2795 988 2839 ed.
1123 2801 1176 2840 13
1215 2796 1489 2840 videbantur
1512 2793 1555 2837 V
1586 2795 1752 2838 -batwr
1782 2793 1853 2837 ed.
1892 2794 1895 2851 ἦ

204 2856 272 2899 sic
302 2856 422 2899 enim
454 2868 542 2898 om.
569 2853 639 2897 ed.
757 2858 812 2898 14
841 2855 986 2899 hostes
1015 2854 1087 2898 ed.
1212 2859 1266 2898 15
1299 2868 1398 2898 eam
1428 2855 1522 2898 iam
1545 2852 1588 2896 V
1618 2867 1672 2896 ea
1702 2854 1796 2897 iam
1827 2852 1898 2896 ed.

204 2915 300 2958 iam
331 2915 459 2958 iam?
563 2917 618 2956 18
649 2914 917 2958 sub-steterat
938 2913 994 2958 V.
1098 2919 1151 2958 27
1186 2927 1296 2970 quos
1319 2913 1362 2956 V
1393 2926 1526 2969 equos
1556 2925 1640 2955 nos
1671 2913 1751 2968 qui
1781 2911 1853 2956 ed.
1888 2912 1893 2969 Ι

203 2973 406 3026 furentes
428 2972 471 3015 V
500 2973 534 3026 f.
569 2977 699 3016 erant
730 2972 801 3016 ed.
847 2973 850 3030 Ι
894 2973 1002 3017 olim
1033 2987 1120 3017 om.
1148 2973 1219 3017 ed.
1314 2976 1368 3016 29
1400 2973 1596 3017 intretur
1617 2970 1660 3015 V
1691 2971 1901 3017 initietur

207 3031 278 3074 ed.
402 3035 458 3075 30
490 3032 695 3088 impellat
725 3032 796 3076 ed.
846 3033 850 3090 Ι
900 3037 1102 3078 armatos
1133 3032 1203 3077 ed.
1228 3033 1348 3088 post.
