2050 3226
736 235 1042 281 Anunmos
1065 236 1174 281 vm
1701 240 1806 293 179

116 378 187 429 sic
233 377 486 426 Vulcanus
538 391 738 425 exorsus
789 378 865 425 est
914 376 1102 425 dicens:
1178 377 1324 425 tollite
1377 379 1570 434 cuncta,
1635 378 1805 436 inquit,

115 454 388 513 coeptasque
425 451 614 511 auferte
651 451 861 507 labores,
899 450 1110 499 Aetnaei
1149 448 1396 512 CyelopeS‚
1437 454 1480 498 et
1515 451 1609 499 huc
1638 451 1809 499 adver·
1826 462 1912 501 440

114 527 196 575 tite
245 529 463 574 mentem.
556 527 757 586 cuncta,
810 525 905 573 hoc
958 526 1034 573 est
1084 525 1315 574 universa
1370 541 1497 587 quae
1550 524 1810 588 speciatim

26 603 30 647 ἰ
91 599 338 663 ,superius
387 599 698 648 enumeravit
749 598 901 647 fuisse
946 598 1000 646 in
1045 599 1276 648 manibus
1328 598 1614 662 Cyclopum.
1699 614 1808 648 ecce

28 670 29 675 ’
66 664 328 738 'quantus
370 673 518 722 ardor
553 673 840 736 perficiendi
879 689 1007 736 quae
1037 689 1163 722 uxor
1191 674 1536 737 postulaverat
1564 673 1669 722 filio
1702 689 1808 723 suo,

67 755 74 761 '
113 748 344 797 iubentur
389 747 558 796 omnia
605 748 849 796 removeri
897 763 987 796 nec
1037 748 1215 796 saltem
1259 763 1472 811 persona
1509 747 1642 796 Iovis
1683 748 1809 795 exci-

113 824 250 886 pitur
299 821 388 884 qui
438 822 642 870 deorum
690 821 912 870 omnium
959 823 1180 870 retentat
1226 821 1506 885 imperium.
1600 837 1810 884 cumque

114 896 466 960 adloqueretur
504 895 744 958 Cyclopes
790 897 841 944 et
884 895 1184 945 removenda
1227 897 1459 945 universa
1504 895 1812 959 praeciperet

114 972 164 1019 et
191 970 482 1020 remotionis
512 969 670 1033 ipsius
701 985 877 1019 causas
909 973 1103 1019 mutare
1135 972 1392 1034 cogeretur
1423 972 1473 1018 et
1503 970 1678 1032 dicere,
1709 987 1810 1020 non

92 1036 93 1040 ¹
113 1044 250 1108 prius
275 1044 470 1107 aliquid
492 1044 708 1107 protulit
731 1060 882 1107 quam
906 1043 1274 1093 commendaret
1295 1045 1536 1093 attentius
1562 1044 1810 1093 audienda

114 1135 240 1182 quae
285 1119 453 1168 fuerat
496 1120 808 1167 narraturus.
883 1118 1131 1167 Aetnaeos
1172 1117 1410 1182 Cyclopes
1456 1118 1619 1167 laudis
1660 1134 1810 1167 causa

113 1192 302 1256 posuit3
342 1194 436 1244 hoc
475 1192 607 1241 enim
644 1193 721 1241 illi
760 1193 946 1241 honore
984 1192 1344 1257 gloriabantur.
1415 1192 1587 1240 debuit
1625 1194 1808 1256 quippe

112 1267 206 1316 hoc
244 1283 420 1331 genere
459 1267 611 1316 etiam
648 1267 904 1316 benivolos
944 1267 1127 1328 facere,
1166 1268 1224 1314 ut
1260 1267 1442 1315 lenitas
1481 1267 1648 1315 laudis
1695 1283 1808 1316 auc-

112 1342 370 1390 toritatem
417 1340 632 1390 iubentis
685 1341 951 1390 attolleret.
1042 1356 1187 1389 arma
1240 1342 1345 1389 acri
1396 1342 1628 1401 facienda
1679 1343 1810 1389 viro:

114 1433 264 1478 quam
302 1416 401 1464 cito
440 1418 492 1464 et
529 1414 650 1478 quid
686 1415 796 1464 fieri
833 1416 1085 1478 oporteret
1122 1415 1251 1464 dixit
1288 1418 1339 1464 et
1367 1417 1541 1480 tetigit
1570 1416 1687 1464 licet
1719 1415 1809 1464 sub

113 1490 438 1554 generalitate
476 1505 741 1553 personam
779 1489 1009 1539 adserens
1042 1505 1220 1551 acrem,
1250 1491 1311 1538 ut
1339 1490 1393 1538 in
1425 1506 1482 1538 eo
1515 1491 1811 1552 exprimeret

113 1563 287 1627 qualia
324 1579 464 1612 arma
501 1564 611 1612 fieri
649 1565 954 1614 conveniret!
993 1564 1184 1612 interea
1223 1579 1336 1612 cum
1364 1565 1487 1613 haec
1525 1565 1811 1628 loqueretur

113 1641 164 1687 et
184 1638 483 1688 removenda
505 1638 740 1688 universa
762 1638 1026 1687 mandaret
1049 1641 1099 1686 et
1127 1638 1417 1688 remotionis
1448 1638 1608 1702 ipsius
1634 1654 1808 1687 causas

114 1712 341 1774 ecferret,
395 1713 531 1776 quod
583 1715 826 1761 secretum
878 1713 1011 1760 inter
1064 1728 1114 1761 se
1165 1715 1216 1760 et
1263 1729 1469 1761 uxorem
1518 1728 1662 1761 suam
1711 1713 1810 1761 fuit

111 1786 371 1836 brevitatis
409 1787 604 1835 ratione
643 1787 820 1836 ductus
860 1786 1009 1836 simul
1049 1789 1099 1835 et
1136 1786 1342 1850 pudoris
1383 1788 1460 1836 sui
1507 1802 1657 1836 causa
1697 1803 1809 1835 con-

113 1861 251 1909 texit.
304 1863 450 1923 turpe
481 1862 615 1909 enim
652 1861 749 1909 fuit
787 1861 947 1910 dicere
987 1864 1038 1909 et
1074 1860 1198 1910 satis
1236 1862 1507 1924 prolixum:
1545 1877 1670 1910 uxor
1698 1877 1810 1910 mea

18 1974 20 1984 Α
112 1934 259 2019 petiit
295 1937 355 1983 ut
391 1935 493 1982 filio
533 1935 637 1984 eius
677 1951 816 1984 arma
853 1936 1058 1995 faciam,
1094 1935 1279 1984 idcirco
1319 1938 1453 1997 veni,
1492 1951 1554 1984 ne
1586 1935 1809 1984 animum

18 2036 53 2046 ·-
111 2008 271 2072 ipsius
319 2009 537 2071 laedam,
588 2010 633 2058 si
680 2025 780 2057 non
824 2009 986 2058 fecero
1033 2011 1124 2058 aut
1159 2009 1352 2058 tardius
1391 2010 1567 2059 fecero.
1643 2011 1811 2059 omnia

111 2082 270 2166 igitur
313 2084 496 2146 pressit
538 2099 628 2132 nec
663 2083 908 2132 Venerem
951 2085 1006 2132 in
1051 2100 1108 2132 eo
1146 2100 1236 2132 nec
1273 2084 1478 2133 Aenean
1514 2084 1809 2146 nominavit,

60 2187 61 2191 =
113 2174 173 2205 ne
211 2156 264 2205 in
304 2173 454 2206 causa
484 2157 718 2222 privigni,
749 2159 839 2220 qui
869 2158 916 2206 ei
945 2174 1036 2222 per
1064 2159 1349 2207 naturalem
1377 2159 1627 2207 malitiam
1665 2174 1806 2207 carus

114 2246 217 2280 esse
254 2247 354 2280 non
392 2231 580 2294 potuit,
618 2231 846 2280 uxorium
885 2247 938 2280 se
974 2232 1135 2296 magis
1168 2232 1450 2282 ostenderet
1480 2234 1531 2281 et
1560 2233 1807 2295 probaret.

116 2307 189 2353 ait
223 2305 402 2370 igitur:
443 2308 519 2354 est
559 2307 637 2354 vir
675 2321 787 2354 acer
825 2307 907 2354 cui
944 2307 1058 2355 volo
1098 2323 1238 2355 arma
1274 2307 1396 2355 fieri.
1471 2308 1636 2356 virum
1667 2306 1807 2367 dixit,

115 2379 314 2441 qualem
350 2381 404 2427 in
441 2380 660 2428 themate
698 2381 869 2443 posuit
907 2379 1073 2430 dicens
1112 2397 1291 2443 „arma
1328 2381 1589 2444 virumque
1622 2397 1745 2430 cano
1757 2380 1806 2442 “3

114 2453 221 2502 viro
260 2455 392 2502 enim
431 2454 584 2502 etiam
620 2455 713 2502 hoc
744 2455 852 2503 loco
887 2454 1034 2515 dixit,
1065 2471 1165 2503 non
1195 2456 1256 2502 ut
1286 2471 1457 2504 sexum
1489 2455 1805 2520 significaret,

54 2521 77 2554 Ὗ
115 2527 200 2575 sed
250 2529 484 2576 meritum
539 2528 768 2577 laborum
829 2528 932 2576 eius
995 2530 1046 2577 et
1106 2529 1340 2591 corporis.
1432 2529 1645 2592 denique
1707 2530 1808 2577 acri

117 2601 328 2664 addidit,
359 2604 418 2651 ut
449 2603 729 2651 ostenderet
759 2602 966 2666 dignum
997 2619 1143 2666 quem
1164 2603 1271 2666 ipse
1294 2604 1552 2652 Vulcanus
1577 2604 1806 2663 armaret,

116 2678 173 2723 ut
217 2678 393 2724 merito
444 2676 699 2725 videretur
747 2676 929 2725 dixisse
979 2679 1158 2726 cuncta
1211 2679 1262 2726 et
1316 2678 1474 2727 omnis
1531 2678 1588 2726 de
1643 2676 1805 2724 medio

233 2821 259 2860 5
285 2831 374 2872 pro
395 2818 492 2872 filio
523 2818 595 2861 ed.
678 2822 702 2861 7
734 2819 896 2862 retinet
919 2817 990 2861 ed.
1069 2822 1094 2861 9
1126 2823 1303 2863 mutare
1326 2832 1455 2876 coyet
1457 2823 1556 2862 etur
1578 2815 1806 2861 edicereV

39 2875 57 2933 J
117 2887 174 2918 m.
197 2889 234 2919 c.
257 2881 300 2920 et
325 2877 470 2921 dicere
500 2891 583 2920 nos
613 2882 811 2922 mutaret
833 2882 875 2921 et
900 2891 936 2921 c.
962 2877 1131 2922 edicere
1162 2878 1234 2922 ed.
1329 2882 1384 2921 10
1415 2877 1742 2922 commendaret
1763 2875 1806 2918 V

38 2983 39 2986 Ἴ
116 2940 309 2979 moneret
331 2935 402 2979 ed.
490 2941 542 2979 17
574 2937 684 2980 haec
713 2950 801 2980 om.
828 2936 899 2980 ed.
986 2940 1042 2980 20
1074 2937 1289 2981 brevitate
1310 2937 1506 2981 rationis
1529 2935 1572 2978 V
1591 2949 1704 2980 corr.
1732 2935 1803 2979 ed.

32 3014 69 3042 ·’;
118 2995 175 3035 24
212 2996 412 3048 praees-it
447 2993 490 3037 V
532 2997 748 3050 expressit
790 2995 861 3038 ed.
991 2999 1047 3038 29
1089 2997 1187 3040 viro
1228 2997 1348 3039 e‘m‘m
1385 2995 1427 3038 V
1468 2997 1618 3039 virum
1656 3009 1690 3039 e.
1731 2995 1802 3039 ed.

119 3053 175 3094 30
205 3052 411 3098 laborum
442 3067 530 3098 om.
556 3054 627 3098 ed.
750 3058 805 3097 32
839 3059 1003 3099 cuncta
1026 3053 1068 3098 V
1092 3054 1163 3098 ed.
1198 3054 1490 3098 desideratur
1520 3055 1674 3099 tollite.

1454 3141 1538 3186 12*
