2050 3226
46 987 90 1021 10

44 1357 88 1391 15

44 1727 88 1761 80

14 2471 15 2475 ’
43 2463 88 2499 80

763 163 1067 210 AENEmos
1092 164 1179 208 vu
1743 167 1813 221 99

121 305 361 354 Hercules
410 305 508 353 iter
555 303 676 352 fecit
724 306 775 352 et
819 303 969 353 boves
1010 320 1040 352 a
1077 302 1278 352 flumine
1317 303 1503 352 Hibero
1550 304 1814 366 perductas

122 379 389 442 Tyrrhenis
420 377 567 427 undis
600 377 776 427 abluit.
829 379 924 427 tali
953 394 1131 442 genere
1154 378 1320 426 laudis
1346 377 1615 426 Sallustius
1638 379 1814 440 plenus

120 455 218 516 est,
248 469 366 502 nam
397 454 447 501 et
476 453 583 515 ipse
613 453 799 501 multos
832 452 1087 501 collaudat
1117 467 1176 501 ac
1207 452 1444 515 deprimit
1466 452 1662 500 adiecta
1685 453 1815 501 vitu-

119 527 392 591 peratione.
462 526 572 587 pila
619 541 776 574 manu
827 541 1089 587 saevosque
1134 530 1310 587 qerunt
1351 526 1406 574 in
1453 526 1578 574 bella
1623 525 1817 574 dolones

121 605 165 651 et
200 602 334 650 tereti
363 603 593 662 puqnant
627 614 855 649 mucrone
892 615 1103 660 veruque
1131 600 1346 649 Sabello:
1383 615 1484 648 non
1515 598 1818 664 significavit
1834 609 1918 649 665

121 691 235 725 cum
256 675 506 724 Aventino
540 674 735 737 aliquos
759 674 974 737 venisse,
1007 675 1114 739 sed,
1146 690 1261 724 cum
1291 674 1426 723 dicit
1441 690 1625 739 genera
1656 689 1816 724 armo-

118 767 231 798 rum
262 751 312 798 et
342 751 525 813 gerunt
555 764 695 797 arma
726 750 777 797 et
806 752 1054 813 pugnant,
1094 747 1311 798 ostendit
1341 765 1441 797 non
1471 749 1634 798 solum
1663 749 1816 797 fuisse

119 823 450 884 Aventinum,
500 823 638 872 cuius
689 839 844 887 genus
895 826 945 872 et
988 839 1148 872 mores
1188 823 1443 886 expressit.
1517 823 1622 883 ipse
1649 823 1814 884 pedes,

119 899 322 959 teqimen
369 901 594 957 torquens
643 897 843 946 inmane
897 898 1068 954 leonis,
1124 898 1329 946 terribili
1380 898 1613 958 inpexam
1664 901 1815 954 saeta,

119 986 227 1021 eum
273 972 495 1020 dentibus
541 972 668 1020 albis
711 972 914 1020 indutus
961 972 1130 1032 capiti,
1177 972 1248 1019 sic
1291 971 1428 1032 reqia
1466 975 1586 1020 tecta
1623 972 1818 1020 subibat

117 1046 360 1103 horridus,
400 1046 733 1105 Herculeoque
769 1060 962 1094 umeros
998 1047 1208 1094 innexus
1247 1047 1451 1094 amictu:
1489 1047 1688 1109 praeter
1718 1045 1816 1110 sig-

118 1137 239 1168 num
283 1119 491 1183 hydrae,
542 1119 675 1182 quod
725 1119 924 1184 gerebat
971 1119 1025 1168 in
1075 1122 1238 1181 scuto,
1286 1122 1484 1182 opertus
1524 1119 1625 1168 fuit
1663 1120 1816 1168 etiam

118 1192 276 1242 leonis
322 1194 473 1256 pelle,
521 1194 744 1256 exemplo
791 1194 949 1256 patris
994 1194 1226 1242 incedens
1274 1196 1425 1257 atque
1471 1196 1529 1242 ut
1576 1196 1815 1242 terrorem

118 1268 403 1317 videntibus
443 1270 721 1332 spargeret3
767 1284 857 1317 nec
896 1269 1047 1317 saetis
1086 1268 1185 1316 fuit
1222 1268 1396 1331 aliqua
1437 1270 1544 1316 arte
1583 1269 1662 1317 vel
1701 1268 1814 1317 sub-

118 1342 304 1391 tilitate
343 1343 654 1405 conpositus,
692 1341 779 1391 sed
818 1358 933 1391 cum
968 1341 1091 1405 ipsis
1131 1341 1360 1391 dentibus
1401 1344 1452 1391 et
1488 1343 1618 1391 rictu
1657 1343 1813 1391 leonis

116 1416 372 1479 horrebat,
410 1418 471 1465 ut
508 1415 596 1478 qui
634 1433 748 1464 eum
776 1417 970 1466 videret
999 1417 1266 1465 Herculem
1295 1419 1498 1480 putaret
1537 1432 1640 1466 esse
1672 1420 1814 1479 prae-

118 1492 325 1539 sentem.

236 1565 364 1613 Tum
398 1566 580 1626 qemini
616 1567 798 1625 fratres
841 1565 1063 1613 Tiburtia
1106 1565 1300 1613 moenia
1346 1565 1591 1625 linquunt,
1639 1566 1814 1625 fratris
1833 1573 1917 1614 670

118 1639 311 1687 Tiburti
349 1639 530 1687 dietam
560 1639 837 1700 coqnomine
863 1642 1074 1700 qentem:
1113 1639 1334 1703 geminos
1367 1642 1456 1688 aut
1491 1639 1638 1688 simul
1669 1642 1813 1688 natos

117 1712 243 1762 dixit
281 1715 370 1762 aut
409 1713 555 1775 duOS,
602 1713 749 1762 sicuti
794 1713 1021 1776 plurimis
1069 1714 1190 1762 locis
1236 1729 1358 1762 usus
1407 1715 1482 1762 est
1527 1714 1620 1762 hoc
1665 1714 1812 1762 modo

116 1780 191 1853 (2,
219 1782 402 1853 203),
405 1788 615 1852 ‚gemini
653 1803 683 1836 a
722 1787 920 1836 Tenedo
960 1788 1234 1850 tranquilla
1282 1804 1372 1850 per
1410 1788 1537 1848 alta,
1582 1788 1811 1836 horresco

115 1861 355 1922 referens,
402 1861 640 1910 inmensis
692 1862 891 1911 orbibus
944 1861 1154 1926 angues‘
1159 1860 1187 1923 ⁴,
1237 1863 1359 1911 item
1399 1857 1475 1928 (6,
1502 1861 1691 1926 788),
1694 1863 1813 1922 ,huc

117 1936 341 1998 geminas
371 1951 502 1984 nunc
532 1936 673 1985 flecte
706 1935 857 1985 acies‘
861 1935 955 1985 ‘et
987 1934 1061 2020 (6,
1082 1930 1212 2002 190)
1247 1937 1511 2000 „geminae
1544 1952 1658 1985 cum
1684 1937 1811 1985 forte

117 2008 410 2058 columbae“
465 2012 516 2058 et
569 2004 650 2077 (6,
678 2006 810 2076 203)
867 2010 1104 2074 „gemina
1158 2026 1307 2073 super
1360 2010 1534 2059 arbore
1589 2010 1796 2059 sidunt⁴⁶
1800 2050 1811 2059 .

120 2082 418 2143 Catillusque
449 2098 650 2144 acerque
683 2083 851 2141 Coras,
883 2083 1075 2146 Arqiva
1105 2086 1350 2141 iuventus,
1385 2087 1428 2132 et
1447 2086 1670 2144 primam
1701 2088 1812 2133 ante

117 2159 268 2206 aciem
299 2158 452 2206 densa
488 2159 615 2206 inter
652 2159 747 2206 tela
775 2159 1027 2218 feruntur:
1066 2158 1276 2207 Catillus
1309 2160 1358 2207 et
1390 2157 1541 2207 Coras
1575 2158 1636 2207 ab
1660 2158 1812 2223 Argis

117 2231 348 2280 ducentes
389 2232 632 2296 originem
663 2235 995 2281 convenerant
1024 2234 1301 2296 pugnaturi
1329 2235 1479 2281 tanta
1509 2232 1714 2294 fiducia,
1753 2236 1811 2280 ut

118 2307 232 2354 ante
269 2307 482 2368 primam
522 2307 676 2355 aciem
708 2306 970 2355 constituti
1000 2306 1299 2355 densitatem
1336 2323 1436 2356 non
1470 2306 1808 2356 formidarent.

117 2393 201 2427 eeu
239 2379 334 2427 cluo
372 2380 663 2441 nubiqenae‚
711 2395 820 2428 cum
858 2381 1029 2429 vertice
1065 2382 1241 2429 montis
1281 2382 1343 2429 ab
1383 2381 1479 2429 alto
1518 2381 1810 2429 descendunt
1827 2387 1911 2427 675

119 2451 352 2501 Centauri
381 2454 621 2502 Homolen
654 2453 928 2516 Othrynque
965 2455 1177 2503 nivalem
1217 2455 1503 2515 linquentes,
1544 2470 1690 2503 cursu
1728 2469 1809 2502 ra·

108 2527 228 2586 pido
261 2527 347 2575 dat
383 2529 606 2577 euntibus
643 2529 814 2590 inqens
851 2529 979 2577 silva
1018 2529 1172 2577 locum
1212 2532 1255 2576 et
1290 2544 1466 2590 maqno
1503 2529 1675 2576 cedunt
1711 2529 1807 2575 vir-

114 2601 251 2661 qulta
294 2602 510 2663 fraqore:
571 2603 642 2652 sic
687 2602 851 2663 ibant,
899 2602 1085 2665 inquit,
1133 2601 1344 2651 Catillus
1393 2606 1442 2651 et
1491 2601 1640 2650 Coras
1689 2601 1809 2650 elati

118 2674 347 2737 superbia
379 2679 429 2724 et
457 2676 662 2725 fidentes
694 2676 879 2725 virtute
908 2676 1081 2739 itaque
1114 2676 1443 2739 apparebant,
1483 2679 1542 2724 ut
1574 2675 1808 2724 Centauri

237 2806 263 2845 5
308 2803 539 2859 siqnifieat
583 2802 654 2846 ed.
796 2806 821 2845 9
871 2807 1044 2860 teymen
1090 2802 1162 2846 ed.
1299 2807 1353 2846 13
1409 2807 1543 2858 atque
1596 2815 1682 2845 om.
1732 2801 1803 2845 ed.

122 2863 177 2903 14
206 2866 435 2918 sparyeret
457 2861 499 2905 V
529 2862 784 2906 immitteret
815 2861 886 2905 ed.
931 2862 935 2919 Ι
977 2863 1116 2906 saetis
1138 2861 1180 2905 V
1210 2864 1324 2906 satis
1354 2861 1423 2904 ed.
1548 2864 1604 2903 22
1633 2861 1741 2904 hinc
1764 2860 1806 2903 V

120 2917 187 2970 (in
218 2922 346 2964 sexto
376 2921 480 2976 huc)
511 2921 585 2965 hic
615 2920 686 2964 ed.
790 2925 845 2964 25
878 2921 1157 2977 cathilusque
1188 2920 1242 2964 V.
1348 2924 1403 2963 30
1435 2920 1687 2975 linquentes
1717 2921 1802 2963 etc.

121 2975 313 3022 distinxi
345 2978 599 3023 secundum
629 2979 820 3035 interpr.

1485 3066 1540 3109 7*
