2050 3226
229 169 339 224 540
702 167 937 213 DONATI
966 168 1452 214 1NTERPR.VERG.

229 323 372 356 arcus
417 324 518 357 non
561 308 794 357 manibus
839 310 1043 371 paratos
1090 307 1154 356 ad
1202 323 1371 357 necem
1419 309 1597 371 hostiS,
1651 309 1738 358 sed
1782 309 1921 358 laxos

126 392 211 432 875
228 381 454 431 ferebant
496 383 682 431 umeris
721 381 840 431 suis.
916 381 1322 442 quadrupedoque
1351 386 1548 443 putrem
1585 397 1733 432 cursu
1770 384 1926 443 quatit

227 457 415 517 unyula
438 471 688 517 campum:
717 458 926 519 urgente
947 455 1135 504 maiore
1165 457 1536 519 insequentium
1567 456 1619 506 vi
1640 457 1740 520 ipsi
1770 472 1922 520 equos

226 530 492 595 urgebant,
544 532 600 578 ut
638 529 961 592 quadrupedo
1008 546 1155 578 cursu
1191 530 1246 578 id
1284 532 1359 579 est
1404 531 1526 580 satis
1564 534 1832 595 properato
1868 532 1923 580 in

226 604 443 667 patriam
473 604 744 653 tenderent.
797 604 1006 652 volvitur
1037 605 1103 652 ad
1131 619 1298 652 muros
1329 605 1534 666 caliqine
1556 606 1781 654 turbidus
1811 608 1925 654 atra
1977 619 1997 652 5

220 679 388 739 pulvis
427 682 470 727 et
507 693 530 726 e
567 678 776 738 speculis
807 692 1071 738 percussae
1094 682 1292 739 pectora
1321 681 1501 727 matres
1529 680 1793 739 femineum
1827 679 1925 728 cla-

154 802 159 805 .
226 767 407 801 morem
445 753 512 800 ad
550 752 670 801 caeli
715 751 882 801 sidera
927 753 1122 800 tollwnt:
1171 768 1284 800 cum
1329 753 1456 801 nihil
1501 754 1662 802 adhuc
1704 770 1730 802 e
1767 754 1922 802 muris

227 828 563 890 spectantium
630 825 939 874 subiceretur
1006 826 1287 889 aspectibus
1358 827 1640 890 inpediente
1703 827 1923 890 pulveris

226 900 380 962 nube,
425 902 593 949 tamen
632 903 806 963 aperta.
844 902 1130 949 coniectura
1173 917 1252 949 res
1300 900 1535 950 adversae
1582 901 1923 963 credebantur,

228 974 427 1037 quando
481 973 642 1039 caligo
697 975 991 1023 densissima
1044 974 1203 1024 omnis
1258 990 1424 1024 versos
1478 975 1807 1038 praecedebat
1859 975 1924 1024 ad
1955 989 1999 1021 ιο

225 1049 457 1111 patriam.
532 1051 716 1097 matres
754 1048 968 1111 interea,
1019 1065 1148 1112 quae
1196 1065 1336 1097 suam
1383 1065 1682 1112 suorumque
1730 1049 1923 1098 intelle·

226 1125 402 1172 xerant
430 1124 635 1186 pestem,
665 1123 890 1171 femineis
914 1123 1117 1172 vocibus
1149 1124 1243 1172 hoc
1266 1126 1341 1172 est
1363 1123 1602 1172 luctuosis
1626 1125 1677 1171 et
1698 1123 1924 1173 tristibus

227 1198 417 1246 caelum
457 1213 599 1246 omne
638 1197 898 1260 sideraque
928 1198 1211 1260 pulsabant.
1267 1199 1352 1257 qui
1389 1213 1537 1246 cursu
1560 1201 1734 1258 portas
1763 1198 1924 1259 primo

124 1281 209 1321 880
226 1272 454 1332 inrupere
495 1272 708 1331 patentis
753 1273 838 1320 hos
883 1272 1086 1320 inimica
1130 1286 1278 1333 super
1320 1273 1468 1320 mixto
1510 1273 1689 1333 premit
1733 1273 1926 1334 aymine

226 1347 395 1394 turba:
433 1345 731 1408 aliquantis,
769 1345 955 1408 inquit,
993 1346 1046 1394 in
1076 1347 1170 1394 hoc
1208 1361 1325 1395 casu
1357 1345 1521 1394 obfuit
1551 1347 1779 1395 celeritas
1810 1362 1924 1409 sua3
1955 1358 1998 1391 15

228 1421 411 1483 quippe
443 1421 531 1482 qui
560 1419 721 1482 primo
752 1421 966 1484 ingressi
997 1423 1114 1469 sunt
1143 1423 1314 1484 portas
1347 1423 1397 1469 et
1427 1436 1478 1469 se
1506 1421 1726 1484 pericula
1757 1420 1925 1470 omnia

227 1494 537 1542 crediderant
574 1495 789 1543 evasisse
827 1494 880 1542 in
919 1495 1041 1557 ipsis
1073 1495 1303 1543 interiere
1338 1495 1616 1557 liminibus3
1655 1510 1773 1542 nam
1811 1511 1925 1543 cum

226 1569 477 1631 sequentis
501 1568 677 1617 turbae
699 1568 973 1617 multitudo
998 1571 1233 1633 congesta
1255 1586 1345 1631 per
1366 1586 1522 1617 unum
1546 1568 1740 1617 aditum
1763 1567 1923 1617 omnis

227 1642 375 1691 simul
419 1643 606 1691 intrare
652 1658 752 1690 non
798 1645 986 1706 posset,
1038 1643 1196 1691 omnis
1243 1643 1390 1692 simul
1436 1645 1733 1705 sequentum
1777 1643 1924 1691 ruina

227 1719 302 1766 est
347 1716 542 1765 obruta.
617 1731 704 1765 nec
739 1718 970 1765 miseram
1017 1719 1253 1778 effugiunt
1296 1720 1519 1765 mortem:
1567 1732 1667 1765 non
1711 1719 1922 1765 mortem
1955 1730 1998 1763 20

225 1790 303 1838 ilfi
340 1791 635 1855 effugerant,
675 1791 762 1840 sed
798 1793 1119 1854 reppererant
1149 1790 1383 1855 fugiendo
1419 1807 1576 1853 eoque
1615 1790 1923 1853 deteriorem,

229 1866 346 1927 quia
399 1881 499 1913 non
549 1865 647 1912 fuit
694 1865 784 1913 illa
834 1866 1071 1929 gloriosa,
1128 1865 1213 1914 sed
1261 1866 1457 1913 misera.
1534 1865 1714 1927 incipit
1764 1865 1924 1913 dicere

228 1939 475 2001 quomodo
521 1938 723 1988 misera:
777 1940 862 1988 sed
909 1940 1073 1987 limine
1109 1941 1164 1987 in
1201 1940 1329 2000 ipSO,
1367 1939 1618 1987 moenibus
1657 1940 1710 1986 in
1740 1939 1925 1999 patriis

228 2017 367 2074 atque
397 2014 523 2060 inter
561 2017 665 2061 tuta
702 2014 954 2062 domorum
993 2014 1171 2070 confixi
1210 2014 1435 2074 expirant
1465 2015 1673 2061 animas.
1733 2016 1924 2076 quanta

228 2087 390 2135 clades
430 2088 518 2134 illo
557 2090 779 2150 tempore
826 2090 976 2150 atque
1015 2088 1104 2135 illo
1144 2088 1251 2136 loco
1291 2088 1513 2135 infelices
1552 2088 1820 2150 oppressit,
1865 2090 1924 2135 ut
1955 2101 1998 2135 25

228 2160 428 2209 liberati
470 2162 896 2225 congressionibus
940 2163 1103 2225 campi
1144 2163 1197 2210 in
1235 2163 1414 2224 portiS‚
1465 2163 1519 2210 in
1555 2162 1745 2223 patria,
1795 2162 1924 2210 inter

228 2235 442 2298 parietes
483 2250 621 2297 suos,
661 2236 844 2298 quibus
882 2236 984 2284 tuti
1023 2252 1127 2285 esse
1167 2235 1452 2298 defensique
1489 2235 1782 2296 debuerant,
1821 2235 1921 2283 suis

228 2310 307 2358 vel
353 2325 553 2357 suorum
600 2309 779 2373 gladiis
825 2309 1134 2358 interissent!
1205 2324 1332 2370 pars
1379 2310 1602 2358 claudere
1633 2313 1806 2369 portas
1836 2323 1924 2357 nec

127 2391 211 2431 885
229 2384 371 2431 sociis
410 2384 600 2443 aperire
636 2385 770 2430 viam
807 2398 894 2432 nec
929 2386 1179 2432 moenibus
1229 2384 1411 2432 audent
1454 2385 1668 2443 accipere
1712 2383 1924 2448 orantis:

228 2459 372 2506 tanta
410 2458 639 2505 funerum
679 2459 928 2521 congeries
967 2459 1077 2521 ipso
1116 2459 1375 2521 portarum
1415 2457 1611 2506 iacebat
1646 2457 1699 2504 in
1737 2456 1922 2518 limine,
1954 2471 1998 2503 30

350 2574 375 2613 2
407 2569 787 2625 quadrupedoque
820 2570 882 2626 (et
912 2569 1053 2627 infra)
1078 2569 1119 2612 V
1151 2584 1343 2626 -umque
1375 2569 1446 2614 ed.
1531 2574 1558 2613 4
1585 2570 1635 2613 id
1658 2573 1724 2613 est
1743 2568 1858 2612 satis
1880 2567 1922 2611 V

230 2629 344 2673 satis
373 2629 542 2672 scilieet
573 2628 643 2672 ed.
744 2633 770 2672 ὅ
801 2629 1034 2673 tenderent
1056 2628 1097 2671 V
1127 2629 1328 2674 redirent
1358 2629 1429 2673 ed.
1533 2633 1560 2672 8
1592 2628 1922 2684 expectantium

230 2687 272 2730 V
297 2687 367 2731 ed.
400 2693 549 2743 spect·
579 2701 662 2731 nos
695 2687 752 2732 cf.
785 2702 826 2732 v.
852 2691 937 2731 837
972 2690 1018 2731 et
1049 2692 1148 2732 853.
1273 2693 1326 2732 12
1362 2692 1532 2744 pestem
1561 2687 1604 2731 V
1641 2686 1814 2731 cladem
1849 2686 1919 2730 ed.

231 2751 286 2790 15
319 2747 492 2802 aliquot
523 2747 594 2790 ed.
689 2751 744 2790 16
769 2747 926 2802 prima
949 2746 990 2789 V
1016 2748 1168 2802 primo
1199 2761 1282 2790 nos
1310 2749 1454 2803 primi
1484 2746 1601 2791 edF.
1694 2749 1747 2788 17
1780 2746 1922 2789 inter-

230 2806 297 2850 ire
328 2805 369 2848 V
402 2819 515 2848 corr.
549 2805 621 2850 ed.
746 2810 799 2849 18
830 2807 1116 2861 sequentibus
1147 2806 1217 2850 ed.
1267 2807 1271 2864 l
1323 2820 1542 2851 omnes—
1561 2809 1614 2849 19
1633 2809 1819 2860 possent
1849 2804 1919 2847 ed.

231 2869 287 2907 23
319 2865 537 2919 quomodo
561 2864 602 2908 V
633 2865 817 2921 quando
849 2865 919 2908 ed.
1013 2869 1066 2908 27
1099 2871 1195 2909 tum
1225 2879 1316 2910 esse
1345 2866 1604 2920 defensique
1630 2862 1671 2906 V
1702 2864 1791 2907 tuti
1817 2877 1850 2907 e.
1876 2863 1919 2907 d.

231 2937 314 2966 nos
339 2923 546 2979 corrupit
570 2924 640 2968 ed.
733 2928 790 2967 28
821 2924 991 2981 yladiis
1013 2925 1271 2968 interissent
1294 2923 1336 2967 V
1359 2924 1543 2978 defendi
1564 2923 1784 2978 interpos
1810 2922 1883 2966 ed.
1912 2922 1917 2980 Ι

230 2996 310 3026 nec
333 2981 375 3026 V
405 2983 514 3027 haec
546 2983 616 3026 ed.
739 2986 796 3026 30
826 2983 997 3038 fuerun
1019 2982 1061 3026 V
1091 2983 1307 3037 funerum
1337 2983 1409 3027 ed.
