<?xml version="1.0" encoding="UTF-8"?>
<!DOCTYPE html PUBLIC "-//W3C//DTD XHTML 1.0 Transitional//EN"
    "http://www.w3.org/TR/xhtml1/DTD/xhtml1-transitional.dtd">
<html xmlns="http://www.w3.org/1999/xhtml" xml:lang="en" lang="en">
 <head>
  <title>
</title>
<meta http-equiv="Content-Type" content="text/html;charset=utf-8" />
  <meta name='ocr-system' content='tesseract 3.04.00' />
  <meta name='ocr-capabilities' content='ocr_page ocr_carea ocr_par ocr_line ocrx_word'/>
</head>
<body>
  <div class='ocr_page' id='page_1' title='image "./interpretationes02donauoft_0468.png"; bbox 0 0 2050 3226; ppageno 0'>
   <div class='ocr_carea' id='block_1_1' title="bbox 238 182 1464 238">
    <p class='ocr_par' dir='ltr' id='par_1_1' title="bbox 238 182 1464 238">
     <span class='ocr_line' id='line_1_1' title="bbox 238 182 1464 238; baseline -0.007 -1"><span class='ocrx_word' id='word_1_1' title='bbox 238 184 350 238; x_wconf 83' lang='lat'>464</span> <span class='ocrx_word' id='word_1_2' title='bbox 716 182 949 227; x_wconf 89' lang='lat' dir='ltr'>DONATI</span> <span class='ocrx_word' id='word_1_3' title='bbox 979 182 1259 228; x_wconf 83' lang='lat' dir='ltr'>INTERPR.</span> <span class='ocrx_word' id='word_1_4' title='bbox 1289 182 1464 228; x_wconf 84' lang='lat' dir='ltr'><strong>VERG.</strong></span> 
     </span>
    </p>
   </div>
   <div class='ocr_carea' id='block_1_2' title="bbox 128 322 2008 2606">
    <p class='ocr_par' dir='ltr' id='par_1_2' title="bbox 235 322 2008 832">
     <span class='ocr_line' id='line_1_2' title="bbox 237 322 1936 387; baseline 0.002 -18"><span class='ocrx_word' id='word_1_5' title='bbox 237 337 328 370; x_wconf 88' lang='lat' dir='ltr'>nec</span> <span class='ocrx_word' id='word_1_6' title='bbox 376 322 644 371; x_wconf 86' lang='lat' dir='ltr'>revocabat</span> <span class='ocrx_word' id='word_1_7' title='bbox 691 323 824 371; x_wconf 89' lang='lat' dir='ltr'>hunc</span> <span class='ocrx_word' id='word_1_8' title='bbox 874 338 904 370; x_wconf 90' lang='lat' dir='ltr'>a</span> <span class='ocrx_word' id='word_1_9' title='bbox 953 324 1137 370; x_wconf 90' lang='lat' dir='ltr'>natura</span> <span class='ocrx_word' id='word_1_10' title='bbox 1182 337 1272 370; x_wconf 90' lang='lat' dir='ltr'>sua</span> <span class='ocrx_word' id='word_1_11' title='bbox 1320 323 1482 385; x_wconf 89' lang='lat' dir='ltr'>pudor</span> <span class='ocrx_word' id='word_1_12' title='bbox 1535 324 1623 371; x_wconf 90' lang='lat' dir='ltr'>aut</span> <span class='ocrx_word' id='word_1_13' title='bbox 1671 323 1936 387; x_wconf 86' lang='lat' dir='ltr'>frangebat</span> 
     </span>
     <span class='ocr_line' id='line_1_3' title="bbox 239 395 1933 460; baseline 0.001 -16"><span class='ocrx_word' id='word_1_14' title='bbox 239 397 468 459; x_wconf 87' lang='lat' dir='ltr'>quamvis</span> <span class='ocrx_word' id='word_1_15' title='bbox 521 398 739 460; x_wconf 88' lang='lat' dir='ltr'>potentis</span> <span class='ocrx_word' id='word_1_16' title='bbox 794 395 1069 444; x_wconf 85' lang='lat' dir='ltr'>ludibrium</span> <span class='ocrx_word' id='word_1_17' title='bbox 1117 395 1314 458; x_wconf 84' lang='lat' dir='ltr'>matriS,</span> <span class='ocrx_word' id='word_1_18' title='bbox 1373 412 1501 459; x_wconf 84' lang='lat' dir='ltr'>quae</span> <span class='ocrx_word' id='word_1_19' title='bbox 1549 397 1697 445; x_wconf 91' lang='lat' dir='ltr'>illum</span> <span class='ocrx_word' id='word_1_20' title='bbox 1745 398 1933 447; x_wconf 83' lang='lat' dir='ltr'>incerto</span> 
     </span>
     <span class='ocr_line' id='line_1_4' title="bbox 235 469 1933 534; baseline 0.002 -17"><span class='ocrx_word' id='word_1_21' title='bbox 235 471 379 533; x_wconf 89' lang='lat' dir='ltr'>patre</span> <span class='ocrx_word' id='word_1_22' title='bbox 418 471 717 534; x_wconf 71' lang='lat' dir='ltr'>protulerat,</span> <span class='ocrx_word' id='word_1_23' title='bbox 757 471 931 534; x_wconf 90' lang='lat' dir='ltr'>surgit.</span> <span class='ocrx_word' id='word_1_24' title='bbox 995 485 1103 518; x_wconf 89' lang='lat' dir='ltr'>ecce</span> <span class='ocrx_word' id='word_1_25' title='bbox 1144 469 1396 520; x_wconf 85' lang='lat' dir='ltr'>diversum</span> <span class='ocrx_word' id='word_1_26' title='bbox 1425 486 1750 534; x_wconf 87' lang='lat' dir='ltr'>personarum</span> <span class='ocrx_word' id='word_1_27' title='bbox 1786 473 1933 520; x_wconf 88' lang='lat' dir='ltr'>meri-</span> 
     </span>
     <span class='ocr_line' id='line_1_5' title="bbox 235 544 1935 608; baseline 0.001 -16"><span class='ocrx_word' id='word_1_28' title='bbox 235 545 368 593; x_wconf 85' lang='lat' dir='ltr'>tum:</span> <span class='ocrx_word' id='word_1_29' title='bbox 413 562 500 593; x_wconf 86' lang='lat' dir='ltr'>rex</span> <span class='ocrx_word' id='word_1_30' title='bbox 545 545 740 594; x_wconf 87' lang='lat' dir='ltr'>locutus</span> <span class='ocrx_word' id='word_1_31' title='bbox 780 546 856 592; x_wconf 89' lang='lat' dir='ltr'>est</span> <span class='ocrx_word' id='word_1_32' title='bbox 893 544 1088 606; x_wconf 69' lang='lat' dir='ltr'>sedem,</span> <span class='ocrx_word' id='word_1_33' title='bbox 1135 544 1229 592; x_wconf 90' lang='lat' dir='ltr'>iste</span> <span class='ocrx_word' id='word_1_34' title='bbox 1268 560 1384 594; x_wconf 83' lang='lat' dir='ltr'>vero</span> <span class='ocrx_word' id='word_1_35' title='bbox 1425 545 1659 607; x_wconf 87' lang='lat' dir='ltr'>surrexit,</span> <span class='ocrx_word' id='word_1_36' title='bbox 1698 547 1756 594; x_wconf 91' lang='lat' dir='ltr'>ut</span> <span class='ocrx_word' id='word_1_37' title='bbox 1792 545 1935 608; x_wconf 90' lang='lat' dir='ltr'>loqui</span> 
     </span>
     <span class='ocr_line' id='line_1_6' title="bbox 235 613 2008 683; baseline 0 -17"><span class='ocrx_word' id='word_1_38' title='bbox 235 620 425 681; x_wconf 89' lang='lat' dir='ltr'>posset,</span> <span class='ocrx_word' id='word_1_39' title='bbox 465 621 516 667; x_wconf 88' lang='lat' dir='ltr'>et</span> <span class='ocrx_word' id='word_1_40' title='bbox 554 620 845 668; x_wconf 88' lang='lat' dir='ltr'>oneraturus</span> <span class='ocrx_word' id='word_1_41' title='bbox 870 613 1103 666; x_wconf 48' lang='lat' dir='ltr'>&#39;Turnum</span> <span class='ocrx_word' id='word_1_42' title='bbox 1133 618 1202 666; x_wconf 82' lang='lat' dir='ltr'>sie</span> <span class='ocrx_word' id='word_1_43' title='bbox 1231 618 1456 668; x_wconf 73' lang='lat' dir='ltr'>instituit</span> <span class='ocrx_word' id='word_1_44' title='bbox 1484 619 1637 683; x_wconf 89' lang='lat' dir='ltr'>loqui.</span> <span class='ocrx_word' id='word_1_45' title='bbox 1693 620 1935 682; x_wconf 85' lang='lat' dir='ltr'>expressit</span> <span class='ocrx_word' id='word_1_46' title='bbox 1987 633 2008 666; x_wconf 71' lang='lat' dir='ltr'>s</span> 
     </span>
     <span class='ocr_line' id='line_1_7' title="bbox 235 692 1934 756; baseline 0.001 -16"><span class='ocrx_word' id='word_1_47' title='bbox 235 695 384 755; x_wconf 89' lang='lat' dir='ltr'>poeta</span> <span class='ocrx_word' id='word_1_48' title='bbox 415 692 664 741; x_wconf 88' lang='lat' dir='ltr'>hominem</span> <span class='ocrx_word' id='word_1_49' title='bbox 696 708 900 741; x_wconf 88' lang='lat' dir='ltr'>saevum</span> <span class='ocrx_word' id='word_1_50' title='bbox 939 694 989 740; x_wconf 89' lang='lat' dir='ltr'>et</span> <span class='ocrx_word' id='word_1_51' title='bbox 1026 692 1312 755; x_wconf 85' lang='lat' dir='ltr'>factiosum3</span> <span class='ocrx_word' id='word_1_52' title='bbox 1345 693 1433 755; x_wconf 91' lang='lat' dir='ltr'>qui</span> <span class='ocrx_word' id='word_1_53' title='bbox 1463 694 1595 741; x_wconf 91' lang='lat' dir='ltr'>enim</span> <span class='ocrx_word' id='word_1_54' title='bbox 1624 693 1787 756; x_wconf 89' lang='lat' dir='ltr'>prima</span> <span class='ocrx_word' id='word_1_55' title='bbox 1819 693 1934 742; x_wconf 87' lang='lat' dir='ltr'>odia</span> 
     </span>
     <span class='ocr_line' id='line_1_8' title="bbox 237 765 1932 832; baseline 0.001 -18"><span class='ocrx_word' id='word_1_56' title='bbox 237 767 452 815; x_wconf 88' lang='lat' dir='ltr'>excitare</span> <span class='ocrx_word' id='word_1_57' title='bbox 485 766 758 816; x_wconf 91' lang='lat' dir='ltr'>laborando</span> <span class='ocrx_word' id='word_1_58' title='bbox 790 781 890 814; x_wconf 94' lang='lat' dir='ltr'>non</span> <span class='ocrx_word' id='word_1_59' title='bbox 913 765 1081 829; x_wconf 86' lang='lat' dir='ltr'>potuit</span> <span class='ocrx_word' id='word_1_60' title='bbox 1102 781 1249 828; x_wconf 89' lang='lat' dir='ltr'>nunc,</span> <span class='ocrx_word' id='word_1_61' title='bbox 1282 767 1417 829; x_wconf 89' lang='lat' dir='ltr'>quod</span> <span class='ocrx_word' id='word_1_62' title='bbox 1440 767 1584 816; x_wconf 88' lang='lat' dir='ltr'>facile</span> <span class='ocrx_word' id='word_1_63' title='bbox 1608 767 1720 830; x_wconf 85' lang='lat' dir='ltr'>fuit,</span> <span class='ocrx_word' id='word_1_64' title='bbox 1753 783 1932 832; x_wconf 88' lang='lat' dir='ltr'>augere</span> 
     </span>
    </p>

    <p class='ocr_par' dir='ltr' id='par_1_3' title="bbox 162 839 2008 1793">
     <span class='ocr_line' id='line_1_9' title="bbox 162 839 1933 905; baseline 0.001 -17"><span class='ocrx_word' id='word_1_65' title='bbox 162 839 165 841; x_wconf 73' lang='grc'><strong>’</strong></span> <span class='ocrx_word' id='word_1_66' title='bbox 234 841 491 889; x_wconf 84' lang='lat' dir='ltr'>nitebatur</span> <span class='ocrx_word' id='word_1_67' title='bbox 511 841 729 903; x_wconf 81' lang='lat' dir='ltr'>inventa,</span> <span class='ocrx_word' id='word_1_68' title='bbox 759 857 821 888; x_wconf 90' lang='lat' dir='ltr'>ne</span> <span class='ocrx_word' id='word_1_69' title='bbox 852 840 1078 904; x_wconf 85' lang='lat' dir='ltr'>perderet</span> <span class='ocrx_word' id='word_1_70' title='bbox 1109 841 1416 889; x_wconf 81' lang='lat' dir='ltr'>occasionem</span> <span class='ocrx_word' id='word_1_71' title='bbox 1438 842 1677 904; x_wconf 88' lang='lat' dir='ltr'>temporis</span> <span class='ocrx_word' id='word_1_72' title='bbox 1709 843 1759 891; x_wconf 88' lang='lat' dir='ltr'>et</span> <span class='ocrx_word' id='word_1_73' title='bbox 1790 857 1933 905; x_wconf 93' lang='lat' dir='ltr'>opor-</span> 
     </span>
     <span class='ocr_line' id='line_1_10' title="bbox 235 914 1932 979; baseline 0.001 -16"><span class='ocrx_word' id='word_1_74' title='bbox 235 915 505 963; x_wconf 87' lang='lat' dir='ltr'>tunitatem</span> <span class='ocrx_word' id='word_1_75' title='bbox 541 916 709 979; x_wconf 87' lang='lat' dir='ltr'>regiae</span> <span class='ocrx_word' id='word_1_76' title='bbox 739 914 1013 963; x_wconf 82' lang='lat' dir='ltr'>voluntatis</span> <span class='ocrx_word' id='word_1_77' title='bbox 1054 915 1306 963; x_wconf 83' lang='lat' dir='ltr'>amitteret</span> <span class='ocrx_word' id='word_1_78' title='bbox 1335 916 1416 964; x_wconf 85' lang='lat' dir='ltr'>vel</span> <span class='ocrx_word' id='word_1_79' title='bbox 1445 931 1506 964; x_wconf 92' lang='lat' dir='ltr'>ne</span> <span class='ocrx_word' id='word_1_80' title='bbox 1538 915 1769 964; x_wconf 76' lang='lat' dir='ltr'>existeret</span> <span class='ocrx_word' id='word_1_81' title='bbox 1800 916 1932 978; x_wconf 91' lang='lat' dir='ltr'>quis·</span> 
     </span>
     <span class='ocr_line' id='line_1_11' title="bbox 237 988 2008 1052; baseline 0 -17"><span class='ocrx_word' id='word_1_82' title='bbox 237 1003 388 1051; x_wconf 87' lang='lat' dir='ltr'>quam</span> <span class='ocrx_word' id='word_1_83' title='bbox 428 990 517 1052; x_wconf 89' lang='lat' dir='ltr'>qui</span> <span class='ocrx_word' id='word_1_84' title='bbox 553 988 726 1038; x_wconf 89' lang='lat' dir='ltr'>Latini</span> <span class='ocrx_word' id='word_1_85' title='bbox 771 988 994 1038; x_wconf 87' lang='lat' dir='ltr'>studium</span> <span class='ocrx_word' id='word_1_86' title='bbox 1033 1004 1123 1052; x_wconf 91' lang='lat' dir='ltr'>pro</span> <span class='ocrx_word' id='word_1_87' title='bbox 1161 988 1359 1037; x_wconf 89' lang='lat' dir='ltr'>Aeneae</span> <span class='ocrx_word' id='word_1_88' title='bbox 1404 989 1630 1051; x_wconf 87' lang='lat' dir='ltr'>partibus</span> <span class='ocrx_word' id='word_1_89' title='bbox 1681 990 1746 1038; x_wconf 90' lang='lat' dir='ltr'>ad</span> <span class='ocrx_word' id='word_1_90' title='bbox 1794 989 1932 1038; x_wconf 82' lang='lat' dir='ltr'>utili·</span> <span class='ocrx_word' id='word_1_91' title='bbox 1965 1003 2008 1036; x_wconf 87' lang='lat'>10</span> 
     </span>
     <span class='ocr_line' id='line_1_12' title="bbox 234 1062 1934 1127; baseline 0.002 -17"><span class='ocrx_word' id='word_1_92' title='bbox 234 1064 392 1111; x_wconf 90' lang='lat' dir='ltr'>tatem</span> <span class='ocrx_word' id='word_1_93' title='bbox 415 1062 574 1111; x_wconf 78' lang='lat' dir='ltr'>Turni</span> <span class='ocrx_word' id='word_1_94' title='bbox 597 1064 919 1113; x_wconf 85' lang='lat' dir='ltr'>converteret.</span> <span class='ocrx_word' id='word_1_95' title='bbox 958 1064 1150 1111; x_wconf 89' lang='lat' dir='ltr'>interea</span> <span class='ocrx_word' id='word_1_96' title='bbox 1173 1063 1411 1125; x_wconf 91' lang='lat' dir='ltr'>quoniam</span> <span class='ocrx_word' id='word_1_97' title='bbox 1432 1064 1744 1126; x_wconf 84' lang='lat' dir='ltr'>hyperbaton</span> <span class='ocrx_word' id='word_1_98' title='bbox 1767 1065 1934 1127; x_wconf 90' lang='lat' dir='ltr'>potest</span> 
     </span>
     <span class='ocr_line' id='line_1_13' title="bbox 236 1137 1932 1200; baseline 0.002 -16"><span class='ocrx_word' id='word_1_99' title='bbox 236 1137 490 1200; x_wconf 89' lang='lat' dir='ltr'>quandam</span> <span class='ocrx_word' id='word_1_100' title='bbox 536 1137 890 1186; x_wconf 81' lang='lat' dir='ltr'>obscuritatem</span> <span class='ocrx_word' id='word_1_101' title='bbox 935 1137 1215 1186; x_wconf 89' lang='lat' dir='ltr'>intellectui</span> <span class='ocrx_word' id='word_1_102' title='bbox 1262 1138 1402 1199; x_wconf 88' lang='lat' dir='ltr'>dare,</span> <span class='ocrx_word' id='word_1_103' title='bbox 1457 1138 1704 1187; x_wconf 88' lang='lat' dir='ltr'>ordinatio</span> <span class='ocrx_word' id='word_1_104' title='bbox 1759 1153 1932 1187; x_wconf 91' lang='lat' dir='ltr'>sensus</span> 
     </span>
     <span class='ocr_line' id='line_1_14' title="bbox 234 1210 1934 1275; baseline 0.002 -17"><span class='ocrx_word' id='word_1_105' title='bbox 234 1210 462 1259; x_wconf 89' lang='lat' dir='ltr'>addenda</span> <span class='ocrx_word' id='word_1_106' title='bbox 493 1212 569 1261; x_wconf 88' lang='lat' dir='ltr'>est</span> <span class='ocrx_word' id='word_1_107' title='bbox 599 1211 691 1260; x_wconf 74' lang='lat' dir='ltr'>sict</span> <span class='ocrx_word' id='word_1_108' title='bbox 729 1214 838 1260; x_wconf 92' lang='lat' dir='ltr'>tum</span> <span class='ocrx_word' id='word_1_109' title='bbox 869 1211 1087 1260; x_wconf 87' lang='lat' dir='ltr'>Drances</span> <span class='ocrx_word' id='word_1_110' title='bbox 1125 1211 1257 1259; x_wconf 90' lang='lat' dir='ltr'>idem</span> <span class='ocrx_word' id='word_1_111' title='bbox 1293 1211 1541 1274; x_wconf 77' lang='lat' dir='ltr'>infensuS,</span> <span class='ocrx_word' id='word_1_112' title='bbox 1580 1228 1730 1275; x_wconf 91' lang='lat' dir='ltr'>quem</span> <span class='ocrx_word' id='word_1_113' title='bbox 1755 1212 1934 1261; x_wconf 89' lang='lat' dir='ltr'>melior</span> 
     </span>
     <span class='ocr_line' id='line_1_15' title="bbox 234 1285 1931 1350; baseline 0.001 -18"><span class='ocrx_word' id='word_1_114' title='bbox 234 1286 397 1348; x_wconf 89' lang='lat' dir='ltr'>gloria</span> <span class='ocrx_word' id='word_1_115' title='bbox 435 1285 593 1333; x_wconf 86' lang='lat' dir='ltr'>Turni</span> <span class='ocrx_word' id='word_1_116' title='bbox 631 1285 835 1349; x_wconf 91' lang='lat' dir='ltr'>obliqua</span> <span class='ocrx_word' id='word_1_117' title='bbox 873 1285 1064 1334; x_wconf 83' lang='lat' dir='ltr'>invidia</span> <span class='ocrx_word' id='word_1_118' title='bbox 1111 1285 1424 1349; x_wconf 79' lang='lat' dir='ltr'>stimulisque</span> <span class='ocrx_word' id='word_1_119' title='bbox 1469 1286 1696 1350; x_wconf 86' lang='lat' dir='ltr'>agitabat</span> <span class='ocrx_word' id='word_1_120' title='bbox 1735 1287 1931 1349; x_wconf 89' lang='lat' dir='ltr'>amaris,</span> 
     </span>
     <span class='ocr_line' id='line_1_16' title="bbox 234 1359 2006 1424; baseline -0.001 -17"><span class='ocrx_word' id='word_1_121' title='bbox 234 1360 398 1423; x_wconf 86' lang='lat' dir='ltr'>surgit</span> <span class='ocrx_word' id='word_1_122' title='bbox 436 1362 485 1408; x_wconf 93' lang='lat' dir='ltr'>et</span> <span class='ocrx_word' id='word_1_123' title='bbox 514 1360 593 1408; x_wconf 89' lang='lat' dir='ltr'>his</span> <span class='ocrx_word' id='word_1_124' title='bbox 626 1362 799 1408; x_wconf 92' lang='lat' dir='ltr'>onerat</span> <span class='ocrx_word' id='word_1_125' title='bbox 823 1359 967 1408; x_wconf 90' lang='lat' dir='ltr'>dictis</span> <span class='ocrx_word' id='word_1_126' title='bbox 1001 1362 1150 1422; x_wconf 88' lang='lat' dir='ltr'>atque</span> <span class='ocrx_word' id='word_1_127' title='bbox 1182 1363 1391 1424; x_wconf 88' lang='lat' dir='ltr'>aggerat</span> <span class='ocrx_word' id='word_1_128' title='bbox 1412 1361 1528 1408; x_wconf 89' lang='lat' dir='ltr'>iras.</span> <span class='ocrx_word' id='word_1_129' title='bbox 1582 1360 1735 1409; x_wconf 87' lang='lat' dir='ltr'>medii</span> <span class='ocrx_word' id='word_1_130' title='bbox 1758 1375 1931 1410; x_wconf 85' lang='lat' dir='ltr'>versus</span> <span class='ocrx_word' id='word_1_131' title='bbox 1962 1372 2006 1406; x_wconf 76' lang='lat'>1⁶</span> 
     </span>
     <span class='ocr_line' id='line_1_17' title="bbox 234 1433 1932 1498; baseline 0.002 -18"><span class='ocrx_word' id='word_1_132' title='bbox 234 1433 293 1481; x_wconf 91' lang='lat' dir='ltr'>de</span> <span class='ocrx_word' id='word_1_133' title='bbox 325 1449 516 1498; x_wconf 88' lang='lat' dir='ltr'>genere,</span> <span class='ocrx_word' id='word_1_134' title='bbox 548 1433 607 1481; x_wconf 89' lang='lat' dir='ltr'>de</span> <span class='ocrx_word' id='word_1_135' title='bbox 640 1435 857 1496; x_wconf 87' lang='lat' dir='ltr'>fortuna,</span> <span class='ocrx_word' id='word_1_136' title='bbox 891 1433 950 1482; x_wconf 88' lang='lat' dir='ltr'>de</span> <span class='ocrx_word' id='word_1_137' title='bbox 978 1434 1215 1496; x_wconf 86' lang='lat' dir='ltr'>moribus,</span> <span class='ocrx_word' id='word_1_138' title='bbox 1247 1435 1306 1483; x_wconf 89' lang='lat' dir='ltr'>de</span> <span class='ocrx_word' id='word_1_139' title='bbox 1331 1435 1601 1483; x_wconf 88' lang='lat' dir='ltr'>artificiosa</span> <span class='ocrx_word' id='word_1_140' title='bbox 1631 1435 1932 1498; x_wconf 88' lang='lat' dir='ltr'>eloquentia,</span> 
     </span>
     <span class='ocr_line' id='line_1_18' title="bbox 233 1507 1929 1571; baseline 0 -16"><span class='ocrx_word' id='word_1_141' title='bbox 233 1509 284 1555; x_wconf 93' lang='lat' dir='ltr'>et</span> <span class='ocrx_word' id='word_1_142' title='bbox 322 1508 455 1570; x_wconf 88' lang='lat' dir='ltr'>quod</span> <span class='ocrx_word' id='word_1_143' title='bbox 487 1509 616 1556; x_wconf 88' lang='lat' dir='ltr'>esset</span> <span class='ocrx_word' id='word_1_144' title='bbox 645 1507 865 1569; x_wconf 87' lang='lat' dir='ltr'>inbellis,</span> <span class='ocrx_word' id='word_1_145' title='bbox 903 1508 1087 1562; x_wconf 86' lang='lat' dir='ltr'>idcirco</span> <span class='ocrx_word' id='word_1_146' title='bbox 1118 1508 1353 1557; x_wconf 83' lang='lat' dir='ltr'>videntur</span> <span class='ocrx_word' id='word_1_147' title='bbox 1381 1508 1689 1571; x_wconf 88' lang='lat' dir='ltr'>interpositi,</span> <span class='ocrx_word' id='word_1_148' title='bbox 1727 1511 1788 1557; x_wconf 92' lang='lat' dir='ltr'>ut</span> <span class='ocrx_word' id='word_1_149' title='bbox 1818 1525 1929 1556; x_wconf 89' lang='lat' dir='ltr'>con-</span> 
     </span>
     <span class='ocr_line' id='line_1_19' title="bbox 233 1581 1929 1645; baseline 0.001 -16"><span class='ocrx_word' id='word_1_150' title='bbox 233 1584 390 1630; x_wconf 91' lang='lat' dir='ltr'>staret</span> <span class='ocrx_word' id='word_1_151' title='bbox 426 1582 571 1630; x_wconf 89' lang='lat' dir='ltr'>illum</span> <span class='ocrx_word' id='word_1_152' title='bbox 609 1583 802 1631; x_wconf 84' lang='lat' dir='ltr'>versuti</span> <span class='ocrx_word' id='word_1_153' title='bbox 840 1581 1016 1643; x_wconf 89' lang='lat' dir='ltr'>animi,</span> <span class='ocrx_word' id='word_1_154' title='bbox 1056 1582 1288 1644; x_wconf 89' lang='lat' dir='ltr'>superbia</span> <span class='ocrx_word' id='word_1_155' title='bbox 1327 1598 1526 1645; x_wconf 89' lang='lat' dir='ltr'>quoque</span> <span class='ocrx_word' id='word_1_156' title='bbox 1565 1582 1780 1631; x_wconf 88' lang='lat' dir='ltr'>materni</span> <span class='ocrx_word' id='word_1_157' title='bbox 1817 1598 1929 1631; x_wconf 91' lang='lat' dir='ltr'>san-</span> 
     </span>
     <span class='ocr_line' id='line_1_20' title="bbox 232 1656 1928 1720; baseline 0.001 -17"><span class='ocrx_word' id='word_1_158' title='bbox 232 1656 422 1719; x_wconf 89' lang='lat' dir='ltr'>guinis,</span> <span class='ocrx_word' id='word_1_159' title='bbox 488 1656 746 1720; x_wconf 88' lang='lat' dir='ltr'>largiendo</span> <span class='ocrx_word' id='word_1_160' title='bbox 801 1658 954 1719; x_wconf 88' lang='lat' dir='ltr'>atque</span> <span class='ocrx_word' id='word_1_161' title='bbox 1006 1656 1253 1718; x_wconf 88' lang='lat' dir='ltr'>loquendo</span> <span class='ocrx_word' id='word_1_162' title='bbox 1305 1673 1430 1718; x_wconf 90' lang='lat' dir='ltr'>quae</span> <span class='ocrx_word' id='word_1_163' title='bbox 1484 1657 1637 1706; x_wconf 86' lang='lat' dir='ltr'>vellet</span> <span class='ocrx_word' id='word_1_164' title='bbox 1685 1656 1928 1719; x_wconf 86' lang='lat' dir='ltr'>explicare</span> 
     </span>
     <span class='ocr_line' id='line_1_21' title="bbox 230 1731 2004 1793; baseline 0 -15"><span class='ocrx_word' id='word_1_165' title='bbox 230 1745 390 1793; x_wconf 90' lang='lat' dir='ltr'>posse.</span> <span class='ocrx_word' id='word_1_166' title='bbox 457 1745 561 1778; x_wconf 83' lang='lat' dir='ltr'>rem</span> <span class='ocrx_word' id='word_1_167' title='bbox 598 1731 725 1778; x_wconf 76' lang='lat' dir='ltr'>nulli</span> <span class='ocrx_word' id='word_1_168' title='bbox 762 1731 1019 1779; x_wconf 81' lang='lat' dir='ltr'>obsewram</span> <span class='ocrx_word' id='word_1_169' title='bbox 1057 1733 1251 1779; x_wconf 77' lang='lat' dir='ltr'>nostrae</span> <span class='ocrx_word' id='word_1_170' title='bbox 1287 1745 1374 1778; x_wconf 73' lang='lat' dir='ltr'>nec</span> <span class='ocrx_word' id='word_1_171' title='bbox 1411 1731 1542 1778; x_wconf 73' lang='lat' dir='ltr'>vocis</span> <span class='ocrx_word' id='word_1_172' title='bbox 1574 1734 1781 1792; x_wconf 71' lang='lat' dir='ltr'>eyentem</span> <span class='ocrx_word' id='word_1_173' title='bbox 1821 1745 1929 1779; x_wconf 76' lang='lat' dir='ltr'>eon·</span> <span class='ocrx_word' id='word_1_174' title='bbox 1960 1745 2004 1779; x_wconf 72' lang='lat'>20</span> 
     </span>
    </p>

    <p class='ocr_par' dir='ltr' id='par_1_4' title="bbox 128 1805 2000 2606">
     <span class='ocr_line' id='line_1_22' title="bbox 128 1805 1931 1865; baseline -0.002 -10"><span class='ocrx_word' id='word_1_175' title='bbox 128 1815 213 1855; x_wconf 86' lang='lat'>345</span> <span class='ocrx_word' id='word_1_176' title='bbox 230 1805 375 1862; x_wconf 68' lang='lat' dir='ltr'>satie,</span> <span class='ocrx_word' id='word_1_177' title='bbox 409 1819 435 1852; x_wconf 88' lang='grc' dir='ltr'><em>ο</em></span> <span class='ocrx_word' id='word_1_178' title='bbox 469 1806 586 1852; x_wconf 77' lang='lat' dir='ltr'>bone</span> <span class='ocrx_word' id='word_1_179' title='bbox 615 1819 721 1862; x_wconf 74' lang='lat' dir='ltr'>rex,</span> <span class='ocrx_word' id='word_1_180' title='bbox 756 1806 912 1853; x_wconf 76' lang='lat' dir='ltr'>cuncti</span> <span class='ocrx_word' id='word_1_181' title='bbox 942 1819 993 1853; x_wconf 98' lang='grc'>36</span> <span class='ocrx_word' id='word_1_182' title='bbox 1023 1805 1146 1852; x_wconf 79' lang='lat' dir='ltr'>seire</span> <span class='ocrx_word' id='word_1_183' title='bbox 1175 1805 1393 1864; x_wconf 75' lang='lat' dir='ltr'>fatentur</span> <span class='ocrx_word' id='word_1_184' title='bbox 1424 1805 1540 1865; x_wconf 76' lang='lat' dir='ltr'>quid</span> <span class='ocrx_word' id='word_1_185' title='bbox 1569 1807 1772 1865; x_wconf 76' lang='lat' dir='ltr'>fortuna</span> <span class='ocrx_word' id='word_1_186' title='bbox 1800 1805 1931 1864; x_wconf 80' lang='lat' dir='ltr'>ferat</span> 
     </span>
     <span class='ocr_line' id='line_1_23' title="bbox 225 1878 1930 1942; baseline 0.001 -17"><span class='ocrx_word' id='word_1_187' title='bbox 225 1878 418 1939; x_wconf 74' lang='lat' dir='ltr'>populi,</span> <span class='ocrx_word' id='word_1_188' title='bbox 458 1879 543 1926; x_wconf 82' lang='lat' dir='ltr'>sed</span> <span class='ocrx_word' id='word_1_189' title='bbox 574 1879 729 1927; x_wconf 79' lang='lat' dir='ltr'>dicere</span> <span class='ocrx_word' id='word_1_190' title='bbox 758 1882 1006 1927; x_wconf 76' lang='lat' dir='ltr'>mussant:</span> <span class='ocrx_word' id='word_1_191' title='bbox 1044 1895 1102 1926; x_wconf 87' lang='lat' dir='ltr'>ex</span> <span class='ocrx_word' id='word_1_192' title='bbox 1132 1879 1266 1927; x_wconf 88' lang='lat' dir='ltr'>facto</span> <span class='ocrx_word' id='word_1_193' title='bbox 1299 1881 1349 1927; x_wconf 88' lang='lat' dir='ltr'>et</span> <span class='ocrx_word' id='word_1_194' title='bbox 1378 1878 1540 1927; x_wconf 87' lang='lat' dir='ltr'>verbis</span> <span class='ocrx_word' id='word_1_195' title='bbox 1571 1878 1752 1941; x_wconf 90' lang='lat' dir='ltr'>probat</span> <span class='ocrx_word' id='word_1_196' title='bbox 1782 1881 1930 1942; x_wconf 85' lang='lat' dir='ltr'>poeta</span> 
     </span>
     <span class='ocr_line' id='line_1_24' title="bbox 232 1951 1927 2016; baseline 0.001 -17"><span class='ocrx_word' id='word_1_197' title='bbox 232 1952 366 2014; x_wconf 92' lang='lat' dir='ltr'>quod</span> <span class='ocrx_word' id='word_1_198' title='bbox 398 1951 536 2000; x_wconf 83' lang='lat' dir='ltr'>dixit.</span> <span class='ocrx_word' id='word_1_199' title='bbox 599 1952 819 2001; x_wconf 89' lang='lat' dir='ltr'>adseruit</span> <span class='ocrx_word' id='word_1_200' title='bbox 858 1953 988 2001; x_wconf 89' lang='lat' dir='ltr'>enim</span> <span class='ocrx_word' id='word_1_201' title='bbox 1010 1952 1242 2001; x_wconf 88' lang='lat' dir='ltr'>Drancen</span> <span class='ocrx_word' id='word_1_202' title='bbox 1270 1951 1529 2001; x_wconf 87' lang='lat' dir='ltr'>inimicum</span> <span class='ocrx_word' id='word_1_203' title='bbox 1554 1953 1742 2014; x_wconf 87' lang='lat' dir='ltr'>Turno,</span> <span class='ocrx_word' id='word_1_204' title='bbox 1781 1968 1927 2016; x_wconf 85' lang='lat' dir='ltr'>prop-</span> 
     </span>
     <span class='ocr_line' id='line_1_25' title="bbox 229 2026 1928 2090; baseline 0.001 -17"><span class='ocrx_word' id='word_1_205' title='bbox 229 2028 368 2074; x_wconf 83' lang='lat' dir='ltr'>terea</span> <span class='ocrx_word' id='word_1_206' title='bbox 408 2026 541 2089; x_wconf 91' lang='lat' dir='ltr'>quod</span> <span class='ocrx_word' id='word_1_207' title='bbox 580 2026 760 2075; x_wconf 86' lang='lat' dir='ltr'>virtuti</span> <span class='ocrx_word' id='word_1_208' title='bbox 799 2026 902 2075; x_wconf 91' lang='lat' dir='ltr'>eius</span> <span class='ocrx_word' id='word_1_209' title='bbox 941 2026 1208 2088; x_wconf 86' lang='lat' dir='ltr'>invideret,</span> <span class='ocrx_word' id='word_1_210' title='bbox 1248 2042 1359 2075; x_wconf 90' lang='lat' dir='ltr'>cum</span> <span class='ocrx_word' id='word_1_211' title='bbox 1396 2026 1502 2090; x_wconf 90' lang='lat' dir='ltr'>ipse</span> <span class='ocrx_word' id='word_1_212' title='bbox 1541 2027 1759 2076; x_wconf 88' lang='lat' dir='ltr'>Drances</span> <span class='ocrx_word' id='word_1_213' title='bbox 1800 2028 1928 2077; x_wconf 89' lang='lat' dir='ltr'>esset</span> 
     </span>
     <span class='ocr_line' id='line_1_26' title="bbox 230 2100 2000 2165; baseline -0.001 -17"><span class='ocrx_word' id='word_1_214' title='bbox 230 2100 449 2161; x_wconf 85' lang='lat' dir='ltr'>inbellis,</span> <span class='ocrx_word' id='word_1_215' title='bbox 490 2101 757 2163; x_wconf 87' lang='lat' dir='ltr'>superbum</span> <span class='ocrx_word' id='word_1_216' title='bbox 795 2102 999 2164; x_wconf 91' lang='lat' dir='ltr'>propter</span> <span class='ocrx_word' id='word_1_217' title='bbox 1035 2101 1348 2150; x_wconf 90' lang='lat' dir='ltr'>nobilitatem</span> <span class='ocrx_word' id='word_1_218' title='bbox 1385 2101 1600 2150; x_wconf 89' lang='lat' dir='ltr'>materni</span> <span class='ocrx_word' id='word_1_219' title='bbox 1645 2102 1839 2165; x_wconf 88' lang='lat' dir='ltr'>generis</span> <span class='ocrx_word' id='word_1_220' title='bbox 1878 2103 1927 2150; x_wconf 88' lang='lat' dir='ltr'>et</span> <span class='ocrx_word' id='word_1_221' title='bbox 1957 2114 2000 2147; x_wconf 77' lang='lat'>25</span> 
     </span>
     <span class='ocr_line' id='line_1_27' title="bbox 230 2174 1925 2237; baseline 0 -15"><span class='ocrx_word' id='word_1_222' title='bbox 230 2177 435 2237; x_wconf 90' lang='lat' dir='ltr'>propter</span> <span class='ocrx_word' id='word_1_223' title='bbox 487 2174 819 2223; x_wconf 86' lang='lat' dir='ltr'>substantiam</span> <span class='ocrx_word' id='word_1_224' title='bbox 873 2175 1132 2224; x_wconf 87' lang='lat' dir='ltr'>familiaris</span> <span class='ocrx_word' id='word_1_225' title='bbox 1186 2176 1279 2237; x_wconf 87' lang='lat' dir='ltr'>rei,</span> <span class='ocrx_word' id='word_1_226' title='bbox 1340 2178 1616 2236; x_wconf 85' lang='lat' dir='ltr'>versutum,</span> <span class='ocrx_word' id='word_1_227' title='bbox 1676 2175 1925 2236; x_wconf 86' lang='lat' dir='ltr'>callidum,</span> 
     </span>
     <span class='ocr_line' id='line_1_28' title="bbox 231 2249 1926 2312; baseline 0 -16"><span class='ocrx_word' id='word_1_228' title='bbox 231 2249 568 2312; x_wconf 87' lang='lat' dir='ltr'>eloquentem,</span> <span class='ocrx_word' id='word_1_229' title='bbox 607 2249 911 2298; x_wconf 85' lang='lat' dir='ltr'>seditiosum.</span> <span class='ocrx_word' id='word_1_230' title='bbox 982 2265 1090 2298; x_wconf 90' lang='lat' dir='ltr'>ecce</span> <span class='ocrx_word' id='word_1_231' title='bbox 1128 2250 1318 2312; x_wconf 92' lang='lat' dir='ltr'>primus</span> <span class='ocrx_word' id='word_1_232' title='bbox 1354 2251 1404 2298; x_wconf 89' lang='lat' dir='ltr'>et</span> <span class='ocrx_word' id='word_1_233' title='bbox 1442 2250 1577 2298; x_wconf 91' lang='lat' dir='ltr'>solus</span> <span class='ocrx_word' id='word_1_234' title='bbox 1615 2249 1838 2311; x_wconf 90' lang='lat' dir='ltr'>loquitur</span> <span class='ocrx_word' id='word_1_235' title='bbox 1876 2251 1926 2296; x_wconf 89' lang='lat' dir='ltr'>et</span> 
     </span>
     <span class='ocr_line' id='line_1_29' title="bbox 230 2322 1923 2386; baseline 0 -15"><span class='ocrx_word' id='word_1_236' title='bbox 230 2340 330 2371; x_wconf 91' lang='lat' dir='ltr'>non</span> <span class='ocrx_word' id='word_1_237' title='bbox 370 2323 595 2371; x_wconf 89' lang='lat' dir='ltr'>consulta</span> <span class='ocrx_word' id='word_1_238' title='bbox 633 2323 822 2386; x_wconf 88' lang='lat' dir='ltr'>negotii</span> <span class='ocrx_word' id='word_1_239' title='bbox 860 2323 1068 2385; x_wconf 90' lang='lat' dir='ltr'>publici,</span> <span class='ocrx_word' id='word_1_240' title='bbox 1115 2324 1200 2372; x_wconf 89' lang='lat' dir='ltr'>sed</span> <span class='ocrx_word' id='word_1_241' title='bbox 1239 2324 1386 2372; x_wconf 90' lang='lat' dir='ltr'>unius</span> <span class='ocrx_word' id='word_1_242' title='bbox 1431 2323 1646 2372; x_wconf 88' lang='lat' dir='ltr'>hominis</span> <span class='ocrx_word' id='word_1_243' title='bbox 1691 2322 1923 2371; x_wconf 89' lang='lat' dir='ltr'>inimicus</span> 
     </span>
     <span class='ocr_line' id='line_1_30' title="bbox 230 2396 1925 2459; baseline -0.001 -14"><span class='ocrx_word' id='word_1_244' title='bbox 230 2399 300 2458; x_wconf 90' lang='lat' dir='ltr'>et,</span> <span class='ocrx_word' id='word_1_245' title='bbox 343 2413 456 2445; x_wconf 88' lang='lat' dir='ltr'>cum</span> <span class='ocrx_word' id='word_1_246' title='bbox 493 2397 687 2444; x_wconf 92' lang='lat' dir='ltr'>nullum</span> <span class='ocrx_word' id='word_1_247' title='bbox 719 2397 974 2445; x_wconf 89' lang='lat' dir='ltr'>habuisset</span> <span class='ocrx_word' id='word_1_248' title='bbox 1013 2414 1126 2446; x_wconf 92' lang='lat' dir='ltr'>cum</span> <span class='ocrx_word' id='word_1_249' title='bbox 1158 2397 1331 2446; x_wconf 89' lang='lat' dir='ltr'>ceteris</span> <span class='ocrx_word' id='word_1_250' title='bbox 1362 2400 1660 2458; x_wconf 87' lang='lat' dir='ltr'>tractatum,</span> <span class='ocrx_word' id='word_1_251' title='bbox 1698 2396 1925 2459; x_wconf 86' lang='lat' dir='ltr'>loquitur</span> 
     </span>
     <span class='ocr_line' id='line_1_31' title="bbox 230 2470 1996 2534; baseline -0.002 -15"><span class='ocrx_word' id='word_1_252' title='bbox 230 2471 376 2533; x_wconf 86' lang='lat' dir='ltr'>quasi</span> <span class='ocrx_word' id='word_1_253' title='bbox 405 2472 677 2519; x_wconf 89' lang='lat' dir='ltr'>instructus</span> <span class='ocrx_word' id='word_1_254' title='bbox 709 2471 770 2519; x_wconf 89' lang='lat' dir='ltr'>ab</span> <span class='ocrx_word' id='word_1_255' title='bbox 804 2471 1029 2520; x_wconf 89' lang='lat' dir='ltr'>omnibus</span> <span class='ocrx_word' id='word_1_256' title='bbox 1057 2474 1227 2534; x_wconf 90' lang='lat' dir='ltr'>atque,</span> <span class='ocrx_word' id='word_1_257' title='bbox 1266 2474 1326 2520; x_wconf 91' lang='lat' dir='ltr'>ut</span> <span class='ocrx_word' id='word_1_258' title='bbox 1357 2471 1610 2520; x_wconf 85' lang='lat' dir='ltr'>accederet</span> <span class='ocrx_word' id='word_1_259' title='bbox 1640 2470 1785 2518; x_wconf 89' lang='lat' dir='ltr'>dictis</span> <span class='ocrx_word' id='word_1_260' title='bbox 1818 2471 1922 2518; x_wconf 91' lang='lat' dir='ltr'>eius</span> <span class='ocrx_word' id='word_1_261' title='bbox 1954 2483 1996 2515; x_wconf 79' lang='lat'>30</span> 
     </span>
     <span class='ocr_line' id='line_1_32' title="bbox 229 2544 1920 2606; baseline 0 -14"><span class='ocrx_word' id='word_1_262' title='bbox 229 2547 390 2593; x_wconf 90' lang='lat' dir='ltr'>maior</span> <span class='ocrx_word' id='word_1_263' title='bbox 428 2546 723 2606; x_wconf 87' lang='lat' dir='ltr'>auctoritas,</span> <span class='ocrx_word' id='word_1_264' title='bbox 764 2561 820 2592; x_wconf 89' lang='lat' dir='ltr'>ex</span> <span class='ocrx_word' id='word_1_265' title='bbox 861 2547 1081 2592; x_wconf 92' lang='lat' dir='ltr'>omnium</span> <span class='ocrx_word' id='word_1_266' title='bbox 1115 2561 1165 2594; x_wconf 94' lang='lat' dir='ltr'>se</span> <span class='ocrx_word' id='word_1_267' title='bbox 1196 2547 1438 2594; x_wconf 89' lang='lat' dir='ltr'>memorat</span> <span class='ocrx_word' id='word_1_268' title='bbox 1468 2544 1634 2594; x_wconf 85' lang='lat' dir='ltr'>venire</span> <span class='ocrx_word' id='word_1_269' title='bbox 1667 2559 1920 2592; x_wconf 89' lang='lat' dir='ltr'>consensu.</span> 
     </span>
    </p>
   </div>
   <div class='ocr_carea' id='block_1_3' title="bbox 232 2638 588 2645">
    <p class='ocr_par' dir='ltr' id='par_1_5' title="bbox 232 2638 588 2645">
     <span class='ocr_line' id='line_1_33' title="bbox 232 2638 588 2645; baseline 0 0"><span class='ocrx_word' id='word_1_270' title='bbox 232 2638 588 2645; x_wconf 95' lang='lat' dir='ltr'> </span> 
     </span>
    </p>
   </div>
   <div class='ocr_carea' id='block_1_4' title="bbox 223 2698 1921 3041">
    <p class='ocr_par' dir='ltr' id='par_1_6' title="bbox 223 2698 1921 3041">
     <span class='ocr_line' id='line_1_34' title="bbox 351 2698 1921 2758; baseline -0.002 -14"><span class='ocrx_word' id='word_1_271' title='bbox 351 2706 374 2744; x_wconf 91' lang='lat'>1</span> <span class='ocrx_word' id='word_1_272' title='bbox 418 2702 689 2746; x_wconf 76' lang='lat' dir='ltr'>revocabant</span> <span class='ocrx_word' id='word_1_273' title='bbox 721 2699 776 2744; x_wconf 93' lang='lat' dir='ltr'>V.</span> <span class='ocrx_word' id='word_1_274' title='bbox 900 2705 951 2743; x_wconf 91' lang='lat'>11</span> <span class='ocrx_word' id='word_1_275' title='bbox 997 2703 1358 2758; x_wconf 80' lang='lat' dir='ltr'>quum—possit</span> <span class='ocrx_word' id='word_1_276' title='bbox 1399 2701 1471 2746; x_wconf 87' lang='lat' dir='ltr'>ed.</span> <span class='ocrx_word' id='word_1_277' title='bbox 1601 2703 1656 2743; x_wconf 84' lang='lat'>20</span> <span class='ocrx_word' id='word_1_278' title='bbox 1694 2704 1845 2755; x_wconf 79' lang='lat' dir='ltr'>posset</span> <span class='ocrx_word' id='word_1_279' title='bbox 1882 2698 1921 2741; x_wconf 94' lang='lat' dir='ltr'><strong>V</strong></span> 
     </span>
     <span class='ocr_line' id='line_1_35' title="bbox 223 2758 1920 2816; baseline -0.001 -12"><span class='ocrx_word' id='word_1_280' title='bbox 223 2774 355 2816; x_wconf 74' lang='lat' dir='ltr'>posse</span> <span class='ocrx_word' id='word_1_281' title='bbox 386 2774 470 2803; x_wconf 85' lang='lat' dir='ltr'>nos</span> <span class='ocrx_word' id='word_1_282' title='bbox 497 2762 698 2816; x_wconf 79' lang='lat' dir='ltr'>potuisse</span> <span class='ocrx_word' id='word_1_283' title='bbox 730 2759 800 2803; x_wconf 92' lang='lat' dir='ltr'>ed.</span> <span class='ocrx_word' id='word_1_284' title='bbox 917 2764 969 2802; x_wconf 84' lang='lat'>21</span> <span class='ocrx_word' id='word_1_285' title='bbox 1005 2762 1178 2805; x_wconf 75' lang='lat' dir='ltr'>eunctis</span> <span class='ocrx_word' id='word_1_286' title='bbox 1209 2775 1299 2805; x_wconf 87' lang='grc'><em>6336</em></span> <span class='ocrx_word' id='word_1_287' title='bbox 1329 2762 1396 2805; x_wconf 77' lang='lat' dir='ltr'>ire</span> <span class='ocrx_word' id='word_1_288' title='bbox 1419 2759 1473 2803; x_wconf 88' lang='lat' dir='ltr'>V.</span> <span class='ocrx_word' id='word_1_289' title='bbox 1582 2763 1637 2802; x_wconf 82' lang='lat'>23</span> <span class='ocrx_word' id='word_1_290' title='bbox 1669 2760 1854 2803; x_wconf 77' lang='lat' dir='ltr'>inimico</span> <span class='ocrx_word' id='word_1_291' title='bbox 1878 2758 1920 2802; x_wconf 92' lang='lat' dir='ltr'><strong>V</strong></span> 
     </span>
     <span class='ocr_line' id='line_1_36' title="bbox 232 2817 1920 2875; baseline -0.001 -13"><span class='ocrx_word' id='word_1_292' title='bbox 232 2833 343 2862; x_wconf 86' lang='lat' dir='ltr'>corr.</span> <span class='ocrx_word' id='word_1_293' title='bbox 371 2819 428 2863; x_wconf 90' lang='lat' dir='ltr'>ed</span> <span class='ocrx_word' id='word_1_294' title='bbox 438 2820 486 2862; x_wconf 88' lang='lat' dir='ltr'>F.</span> <span class='ocrx_word' id='word_1_295' title='bbox 595 2824 650 2862; x_wconf 83' lang='lat'>25</span> <span class='ocrx_word' id='word_1_296' title='bbox 682 2819 990 2875; x_wconf 79' lang='lat' dir='ltr'>superbum—</span> <span class='ocrx_word' id='word_1_297' title='bbox 1010 2824 1065 2863; x_wconf 84' lang='lat'>26</span> <span class='ocrx_word' id='word_1_298' title='bbox 1096 2825 1322 2864; x_wconf 79' lang='lat' dir='ltr'>versutum</span> <span class='ocrx_word' id='word_1_299' title='bbox 1354 2819 1554 2863; x_wconf 82' lang='lat' dir='ltr'>calidum</span> <span class='ocrx_word' id='word_1_300' title='bbox 1587 2817 1683 2874; x_wconf 86' lang='lat' dir='ltr'>(sic)</span> <span class='ocrx_word' id='word_1_301' title='bbox 1715 2817 1920 2873; x_wconf 74' lang='lat' dir='ltr'>eloquen-</span> 
     </span>
     <span class='ocr_line' id='line_1_37' title="bbox 229 2876 1919 2935; baseline -0.002 -13"><span class='ocrx_word' id='word_1_302' title='bbox 229 2884 315 2922; x_wconf 85' lang='lat' dir='ltr'>tem</span> <span class='ocrx_word' id='word_1_303' title='bbox 356 2880 616 2923; x_wconf 79' lang='lat' dir='ltr'>seditiosum</span> <span class='ocrx_word' id='word_1_304' title='bbox 647 2878 689 2921; x_wconf 94' lang='lat' dir='ltr'><strong>V</strong></span> <span class='ocrx_word' id='word_1_305' title='bbox 727 2878 1037 2922; x_wconf 87' lang='lat' dir='ltr'>nominativos</span> <span class='ocrx_word' id='word_1_306' title='bbox 1081 2878 1325 2922; x_wconf 87' lang='lat' dir='ltr'>substituit</span> <span class='ocrx_word' id='word_1_307' title='bbox 1364 2878 1434 2922; x_wconf 90' lang='lat' dir='ltr'>ed.</span> <span class='ocrx_word' id='word_1_308' title='bbox 1483 2877 1487 2935; x_wconf 83' lang='grc' dir='ltr'>Ι</span> <span class='ocrx_word' id='word_1_309' title='bbox 1536 2878 1711 2934; x_wconf 78' lang='lat' dir='ltr'>yeneris</span> <span class='ocrx_word' id='word_1_310' title='bbox 1741 2876 1782 2919; x_wconf 94' lang='lat' dir='ltr'><strong>V</strong></span> <span class='ocrx_word' id='word_1_311' title='bbox 1813 2890 1919 2920; x_wconf 74' lang='lat' dir='ltr'>san-</span> 
     </span>
     <span class='ocr_line' id='line_1_38' title="bbox 229 2936 1920 2993; baseline -0.001 -13"><span class='ocrx_word' id='word_1_312' title='bbox 229 2939 385 2993; x_wconf 69' lang='lat' dir='ltr'>quinis</span> <span class='ocrx_word' id='word_1_313' title='bbox 431 2938 501 2982; x_wconf 88' lang='lat' dir='ltr'>ed.</span> <span class='ocrx_word' id='word_1_314' title='bbox 640 2941 695 2980; x_wconf 85' lang='lat'>28</span> <span class='ocrx_word' id='word_1_315' title='bbox 744 2937 948 2982; x_wconf 76' lang='lat' dir='ltr'>consulta</span> <span class='ocrx_word' id='word_1_316' title='bbox 986 2936 1027 2980; x_wconf 93' lang='lat' dir='ltr'><strong>V</strong></span> <span class='ocrx_word' id='word_1_317' title='bbox 1073 2939 1380 2983; x_wconf 77' lang='lat' dir='ltr'>consultorum</span> <span class='ocrx_word' id='word_1_318' title='bbox 1426 2936 1495 2981; x_wconf 86' lang='lat' dir='ltr'>ed.</span> <span class='ocrx_word' id='word_1_319' title='bbox 1642 2940 1694 2979; x_wconf 86' lang='lat'>31</span> <span class='ocrx_word' id='word_1_320' title='bbox 1743 2936 1920 2980; x_wconf 82' lang='lat' dir='ltr'>maiora</span> 
     </span>
     <span class='ocr_line' id='line_1_39' title="bbox 231 2995 798 3041; baseline 0.002 -2"><span class='ocrx_word' id='word_1_321' title='bbox 231 2997 499 3041; x_wconf 79' lang='lat' dir='ltr'>auctoritate</span> <span class='ocrx_word' id='word_1_322' title='bbox 522 2995 564 3039; x_wconf 92' lang='lat' dir='ltr'><strong>V</strong></span> <span class='ocrx_word' id='word_1_323' title='bbox 589 3010 701 3040; x_wconf 90' lang='lat' dir='ltr'>corr.</span> <span class='ocrx_word' id='word_1_324' title='bbox 728 2997 798 3040; x_wconf 89' lang='lat' dir='ltr'>ed.</span> 
     </span>
    </p>
   </div>
  </div>
 </body>
</html>
