2050 3226
257 182 368 236 404
731 179 965 225 DONATI
994 179 1272 226 INTERPR.
1298 179 1478 224 VERG.

258 325 301 369 et
351 335 427 371 me
481 323 743 370 consortem
795 321 902 369 nati
955 319 1153 370 concede
1205 320 1478 382 sepulchro:
1540 322 1819 370 consortem
1869 337 1948 377 me

257 394 421 444 fecisti
469 395 574 443 filio
619 410 718 443 uno
768 395 1035 456 utrumque
1084 393 1253 457 gladio
1303 395 1571 457 perimens:
1621 395 1710 442 uni
1746 409 1836 445 nos
1875 410 1948 443 se-

257 469 487 532 pulchr0‚
539 469 685 531 pulso
734 483 956 516 meorum
1005 467 1192 529 furore,
1243 469 1466 520 concede.
1553 469 1670 522 haec
1723 468 1947 531 loquitur,

257 544 352 592 hoc
391 545 467 601 est
506 542 623 591 dum
653 542 775 599 haec
812 541 1049 604 loquitur.
1109 541 1367 603 iuynloqne
1395 543 1516 592 hant
1550 544 1737 592 inscius
1775 543 1951 604 accipit

259 631 443 669 ensem:
480 616 713 680 probavit
741 614 1015 664 Mezentius
1049 616 1182 679 quod
1218 615 1430 665 libenter
1467 618 1784 680 quaesiverat
1820 632 1949 666 mor·

258 694 374 740 tem.
451 692 609 740 sciens
661 690 873 752 denique
923 689 1154 752 praebuit
1200 690 1452 754 iugulum,
1502 692 1660 740 sciens
1709 691 1951 754 impetum

258 766 508 814 mucronis
541 764 745 827 excepit.
806 764 1110 824 madantiqwe
1144 765 1315 813 anima
1345 765 1544 824 diffudit
1577 767 1632 817 in
1670 780 1814 814 arma
1844 779 1952 815 cru·

260 853 414 889 orem:
469 854 568 902 quo
622 839 755 887 facto
811 853 1034 887 cruorem
1083 839 1136 886 in
1191 853 1330 887 arma
1380 839 1581 888 diffudit
1629 841 1680 887 et
1732 839 1951 888 animam

260 915 470 962 naturae
509 912 746 961 restituit.

381 1059 406 1098 3
439 1055 584 1111 pulsu
615 1054 686 1099 ed.
793 1060 821 1099 4
852 1054 962 1100 dum
990 1055 1100 1100 haec
1131 1056 1330 1112 loquitur
1352 1054 1395 1099 V
1424 1056 1533 1101 haec
1564 1055 1823 1100 Mezentius
1846 1068 1954 1111 pre-

261 1114 407 1158 cando
430 1113 632 1170 loquitur
655 1113 726 1158 ed.
822 1118 846 1157 7
878 1114 1164 1171 wndantique
1177 1141 1231 1148 —
1245 1127 1448 1160 cruorem
1469 1113 1512 1158 V
1536 1114 1791 1158 secundum
1813 1112 1952 1170 Verg.

260 1172 405 1217 libros
435 1175 550 1217 mut.
577 1173 663 1228 ed.‚
696 1172 778 1218 sed
808 1172 1196 1230 interpretatione
1228 1173 1547 1228 confirmatur,
1574 1172 1691 1218 Don.
1717 1172 1840 1217 enim
1866 1186 1954 1217 wn-

261 1233 395 1278 danti
417 1246 502 1288 pro
527 1231 674 1277 effusa
698 1232 893 1289 aceepit.
913 1259 968 1267 ——
993 1232 1276 1290 subscriptio
1292 1233 1425 1277 deest
1444 1232 1597 1289 spatio
1613 1232 1778 1277 relicto
1793 1244 1954 1276 vacuo.
