<?xml version="1.0" encoding="UTF-8"?>
<!DOCTYPE html PUBLIC "-//W3C//DTD XHTML 1.0 Transitional//EN"
    "http://www.w3.org/TR/xhtml1/DTD/xhtml1-transitional.dtd">
<html xmlns="http://www.w3.org/1999/xhtml" xml:lang="en" lang="en">
 <head>
  <title>
</title>
<meta http-equiv="Content-Type" content="text/html;charset=utf-8" />
  <meta name='ocr-system' content='tesseract 3.04.00' />
  <meta name='ocr-capabilities' content='ocr_page ocr_carea ocr_par ocr_line ocrx_word'/>
</head>
<body>
  <div class='ocr_page' id='page_1' title='image "./interpretationes02donauoft_0378.png"; bbox 0 0 2050 3226; ppageno 0'>
   <div class='ocr_carea' id='block_1_1' title="bbox 259 156 1479 211">
    <p class='ocr_par' dir='ltr' id='par_1_1' title="bbox 259 156 1479 211">
     <span class='ocr_line' id='line_1_1' title="bbox 259 156 1479 211; baseline -0.002 -7"><span class='ocrx_word' id='word_1_1' title='bbox 259 158 369 211; x_wconf 83' lang='lat'>374</span> <span class='ocrx_word' id='word_1_2' title='bbox 732 156 965 201; x_wconf 88' lang='lat' dir='ltr'>DONATI</span> <span class='ocrx_word' id='word_1_3' title='bbox 995 156 1275 203; x_wconf 82' lang='lat' dir='ltr'>INTERPR.</span> <span class='ocrx_word' id='word_1_4' title='bbox 1299 157 1479 203; x_wconf 81' lang='lat' dir='ltr'><strong>VERG.</strong></span> 
     </span>
    </p>
   </div>
   <div class='ocr_carea' id='block_1_2' title="bbox 154 295 2023 2654">
    <p class='ocr_par' dir='ltr' id='par_1_2' title="bbox 154 295 2023 2654">
     <span class='ocr_line' id='line_1_2' title="bbox 259 295 1948 361; baseline 0.002 -18"><span class='ocrx_word' id='word_1_5' title='bbox 259 298 310 344; x_wconf 86' lang='lat' dir='ltr'>et</span> <span class='ocrx_word' id='word_1_6' title='bbox 338 297 632 345; x_wconf 82' lang='lat' dir='ltr'>inconcussa</span> <span class='ocrx_word' id='word_1_7' title='bbox 661 295 826 346; x_wconf 84' lang='lat' dir='ltr'>radice</span> <span class='ocrx_word' id='word_1_8' title='bbox 856 295 1167 360; x_wconf 80' lang='lat' dir='ltr'>perdurans?</span> <span class='ocrx_word' id='word_1_9' title='bbox 1204 312 1335 346; x_wconf 87' lang='lat' dir='ltr'>nunc</span> <span class='ocrx_word' id='word_1_10' title='bbox 1361 297 1488 345; x_wconf 83' lang='lat' dir='ltr'><strong>nihil</strong></span> <span class='ocrx_word' id='word_1_11' title='bbox 1519 300 1566 346; x_wconf 88' lang='lat' dir='ltr'>ei</span> <span class='ocrx_word' id='word_1_12' title='bbox 1587 297 1791 361; x_wconf 90' lang='lat' dir='ltr'>prodest</span> <span class='ocrx_word' id='word_1_13' title='bbox 1813 298 1948 361; x_wconf 89' lang='lat' dir='ltr'>quod</span> 
     </span>
     <span class='ocr_line' id='line_1_3' title="bbox 257 370 1948 435; baseline 0.002 -17"><span class='ocrx_word' id='word_1_14' title='bbox 257 371 437 419; x_wconf 80' lang='lat' dir='ltr'>rectius</span> <span class='ocrx_word' id='word_1_15' title='bbox 477 371 626 432; x_wconf 84' lang='lat' dir='ltr'>vivit,</span> <span class='ocrx_word' id='word_1_16' title='bbox 666 372 757 419; x_wconf 89' lang='lat' dir='ltr'>aut</span> <span class='ocrx_word' id='word_1_17' title='bbox 787 386 877 435; x_wconf 90' lang='lat' dir='ltr'>ego</span> <span class='ocrx_word' id='word_1_18' title='bbox 908 370 1014 418; x_wconf 83' lang='lat' dir='ltr'>veri</span> <span class='ocrx_word' id='word_1_19' title='bbox 1040 385 1171 419; x_wconf 86' lang='lat' dir='ltr'>vana</span> <span class='ocrx_word' id='word_1_20' title='bbox 1202 371 1356 433; x_wconf 84' lang='lat' dir='ltr'>feror,</span> <span class='ocrx_word' id='word_1_21' title='bbox 1385 371 1440 419; x_wconf 89' lang='lat' dir='ltr'>id</span> <span class='ocrx_word' id='word_1_22' title='bbox 1470 373 1545 420; x_wconf 90' lang='lat' dir='ltr'>est</span> <span class='ocrx_word' id='word_1_23' title='bbox 1581 371 1748 421; x_wconf 84' lang='lat' dir='ltr'>nescia</span> <span class='ocrx_word' id='word_1_24' title='bbox 1779 388 1948 421; x_wconf 87' lang='lat' dir='ltr'>eorum</span> 
     </span>
     <span class='ocr_line' id='line_1_4' title="bbox 259 444 1947 510; baseline 0.002 -18"><span class='ocrx_word' id='word_1_25' title='bbox 259 461 385 507; x_wconf 86' lang='lat' dir='ltr'>quae</span> <span class='ocrx_word' id='word_1_26' title='bbox 417 447 679 508; x_wconf 86' lang='lat' dir='ltr'>geruntur,</span> <span class='ocrx_word' id='word_1_27' title='bbox 711 447 762 492; x_wconf 88' lang='lat' dir='ltr'>et</span> <span class='ocrx_word' id='word_1_28' title='bbox 793 444 1141 508; x_wconf 86' lang='lat' dir='ltr'>dispositiones</span> <span class='ocrx_word' id='word_1_29' title='bbox 1171 446 1286 494; x_wconf 89' lang='lat' dir='ltr'>tuas</span> <span class='ocrx_word' id='word_1_30' title='bbox 1315 445 1570 495; x_wconf 86' lang='lat' dir='ltr'>mendacio</span> <span class='ocrx_word' id='word_1_31' title='bbox 1601 447 1752 510; x_wconf 83' lang='lat' dir='ltr'>tegiS,</span> <span class='ocrx_word' id='word_1_32' title='bbox 1782 449 1841 495; x_wconf 85' lang='lat' dir='ltr'>ut</span> <span class='ocrx_word' id='word_1_33' title='bbox 1869 463 1947 495; x_wconf 88' lang='lat' dir='ltr'>me</span> 
     </span>
     <span class='ocr_line' id='line_1_5' title="bbox 257 518 1945 569; baseline 0.002 -3"><span class='ocrx_word' id='word_1_34' title='bbox 257 519 387 568; x_wconf 90' lang='lat' dir='ltr'>falsa</span> <span class='ocrx_word' id='word_1_35' title='bbox 425 518 638 567; x_wconf 85' lang='lat' dir='ltr'>formido</span> <span class='ocrx_word' id='word_1_36' title='bbox 678 518 942 567; x_wconf 77' lang='lat' dir='ltr'>discruciet</span> <span class='ocrx_word' id='word_1_37' title='bbox 979 521 1030 566; x_wconf 88' lang='lat' dir='ltr'>et</span> <span class='ocrx_word' id='word_1_38' title='bbox 1067 521 1189 567; x_wconf 85' lang='lat' dir='ltr'>tune</span> <span class='ocrx_word' id='word_1_39' title='bbox 1225 520 1279 566; x_wconf 90' lang='lat' dir='ltr'>in</span> <span class='ocrx_word' id='word_1_40' title='bbox 1315 520 1492 568; x_wconf 91' lang='lat' dir='ltr'>melius</span> <span class='ocrx_word' id='word_1_41' title='bbox 1530 522 1620 568; x_wconf 90' lang='lat' dir='ltr'>tua</span> <span class='ocrx_word' id='word_1_42' title='bbox 1659 520 1794 569; x_wconf 85' lang='lat' dir='ltr'>diota</span> <span class='ocrx_word' id='word_1_43' title='bbox 1833 536 1945 569; x_wconf 86' lang='lat' dir='ltr'>eon-</span> 
     </span>
     <span class='ocr_line' id='line_1_6' title="bbox 257 592 2022 657; baseline 0.001 -15"><span class='ocrx_word' id='word_1_44' title='bbox 257 595 423 642; x_wconf 88' lang='lat' dir='ltr'>vertas</span> <span class='ocrx_word' id='word_1_45' title='bbox 462 608 520 641; x_wconf 87' lang='lat' dir='ltr'>ae</span> <span class='ocrx_word' id='word_1_46' title='bbox 553 594 708 640; x_wconf 87' lang='lat' dir='ltr'>Turni</span> <span class='ocrx_word' id='word_1_47' title='bbox 738 594 846 641; x_wconf 90' lang='lat' dir='ltr'>fata</span> <span class='ocrx_word' id='word_1_48' title='bbox 883 592 1134 642; x_wconf 82' lang='lat' dir='ltr'>laetifices.</span> <span class='ocrx_word' id='word_1_49' title='bbox 1183 594 1435 656; x_wconf 83' lang='lat' dir='ltr'>conplevit</span> <span class='ocrx_word' id='word_1_50' title='bbox 1463 595 1620 656; x_wconf 88' lang='lat' dir='ltr'>partis</span> <span class='ocrx_word' id='word_1_51' title='bbox 1660 610 1775 643; x_wconf 90' lang='lat' dir='ltr'>suas</span> <span class='ocrx_word' id='word_1_52' title='bbox 1806 594 1948 657; x_wconf 89' lang='lat' dir='ltr'>Iun0,</span> <span class='ocrx_word' id='word_1_53' title='bbox 2001 611 2022 645; x_wconf 83' lang='lat'><strong>5</strong></span> 
     </span>
     <span class='ocr_line' id='line_1_7' title="bbox 257 666 1949 732; baseline 0.002 -18"><span class='ocrx_word' id='word_1_54' title='bbox 257 666 526 730; x_wconf 87' lang='lat' dir='ltr'>temptavit</span> <span class='ocrx_word' id='word_1_55' title='bbox 564 666 730 714; x_wconf 91' lang='lat' dir='ltr'>omnia</span> <span class='ocrx_word' id='word_1_56' title='bbox 762 669 812 715; x_wconf 89' lang='lat' dir='ltr'>et</span> <span class='ocrx_word' id='word_1_57' title='bbox 842 666 913 716; x_wconf 84' lang='lat' dir='ltr'>sie</span> <span class='ocrx_word' id='word_1_58' title='bbox 944 666 1204 728; x_wconf 79' lang='lat' dir='ltr'><strong>abscessit,</strong></span> <span class='ocrx_word' id='word_1_59' title='bbox 1241 669 1299 716; x_wconf 89' lang='lat' dir='ltr'>ut</span> <span class='ocrx_word' id='word_1_60' title='bbox 1330 667 1490 716; x_wconf 87' lang='lat' dir='ltr'>adhue</span> <span class='ocrx_word' id='word_1_61' title='bbox 1528 670 1751 732; x_wconf 74' lang='lat' dir='ltr'><strong>speraret</strong></span> <span class='ocrx_word' id='word_1_62' title='bbox 1779 668 1949 718; x_wconf 85' lang='lat' dir='ltr'>Iovem</span> 
     </span>
     <span class='ocr_line' id='line_1_8' title="bbox 258 740 1614 804; baseline 0.001 -16"><span class='ocrx_word' id='word_1_63' title='bbox 258 740 451 803; x_wconf 90' lang='lat' dir='ltr'>aliquid</span> <span class='ocrx_word' id='word_1_64' title='bbox 487 741 665 790; x_wconf 90' lang='lat' dir='ltr'>melius</span> <span class='ocrx_word' id='word_1_65' title='bbox 703 756 793 803; x_wconf 92' lang='lat' dir='ltr'>pro</span> <span class='ocrx_word' id='word_1_66' title='bbox 831 740 1036 789; x_wconf 83' lang='lat' dir='ltr'>inducta</span> <span class='ocrx_word' id='word_1_67' title='bbox 1071 742 1314 804; x_wconf 90' lang='lat' dir='ltr'>petitione</span> <span class='ocrx_word' id='word_1_68' title='bbox 1351 743 1614 790; x_wconf 85' lang='lat' dir='ltr'>facturum.</span> 
     </span>
     <span class='ocr_line' id='line_1_9' title="bbox 375 814 1950 878; baseline 0.002 -16"><span class='ocrx_word' id='word_1_69' title='bbox 375 815 516 863; x_wconf 81' lang='lat' dir='ltr'>Haec</span> <span class='ocrx_word' id='word_1_70' title='bbox 552 815 639 862; x_wconf 74' lang='lat' dir='ltr'>ubi</span> <span class='ocrx_word' id='word_1_71' title='bbox 669 814 798 863; x_wconf 77' lang='lat' dir='ltr'>dieta</span> <span class='ocrx_word' id='word_1_72' title='bbox 837 815 985 872; x_wconf 71' lang='lat' dir='ltr'>dedi-t,</span> <span class='ocrx_word' id='word_1_73' title='bbox 1019 815 1148 864; x_wconf 82' lang='lat' dir='ltr'>caelo</span> <span class='ocrx_word' id='word_1_74' title='bbox 1179 830 1230 864; x_wconf 83' lang='lat' dir='ltr'>se</span> <span class='ocrx_word' id='word_1_75' title='bbox 1254 817 1482 876; x_wconf 74' lang='lat' dir='ltr'>protinus</span> <span class='ocrx_word' id='word_1_76' title='bbox 1513 816 1608 864; x_wconf 78' lang='lat' dir='ltr'>alto</span> <span class='ocrx_word' id='word_1_77' title='bbox 1638 817 1773 865; x_wconf 74' lang='lat' dir='ltr'>misit</span> <span class='ocrx_word' id='word_1_78' title='bbox 1801 830 1950 878; x_wconf 65' lang='lat' dir='ltr'>agens</span> 
     </span>
     <span class='ocr_line' id='line_1_10' title="bbox 154 889 1951 950; baseline 0.001 -13"><span class='ocrx_word' id='word_1_79' title='bbox 154 897 239 938; x_wconf 85' lang='lat'>635</span> <span class='ocrx_word' id='word_1_80' title='bbox 256 889 457 937; x_wconf 79' lang='lat' dir='ltr'><em>hiemem</em></span> <span class='ocrx_word' id='word_1_81' title='bbox 509 890 671 937; x_wconf 85' lang='lat' dir='ltr'>m&#39;mbo</span> <span class='ocrx_word' id='word_1_82' title='bbox 717 890 961 937; x_wconf 74' lang='lat' dir='ltr'>succincta</span> <span class='ocrx_word' id='word_1_83' title='bbox 1008 903 1102 950; x_wconf 76' lang='lat' dir='ltr'>per</span> <span class='ocrx_word' id='word_1_84' title='bbox 1154 904 1308 938; x_wconf 76' lang='lat' dir='ltr'>auras</span> <span class='ocrx_word' id='word_1_85' title='bbox 1345 890 1650 950; x_wconf 76' lang='lat' dir='ltr'><em>Iliacamque</em></span> <span class='ocrx_word' id='word_1_86' title='bbox 1703 891 1856 940; x_wconf 78' lang='lat' dir='ltr'>aciem</span> <span class='ocrx_word' id='word_1_87' title='bbox 1909 894 1951 939; x_wconf 79' lang='lat' dir='ltr'>et</span> 
     </span>
     <span class='ocr_line' id='line_1_11' title="bbox 257 958 2023 1025; baseline 0.002 -15"><span class='ocrx_word' id='word_1_88' title='bbox 257 963 537 1011; x_wconf 77' lang='lat' dir='ltr'>Laurentia</span> <span class='ocrx_word' id='word_1_89' title='bbox 590 966 753 1011; x_wconf 80' lang='lat' dir='ltr'>castra</span> <span class='ocrx_word' id='word_1_90' title='bbox 797 964 994 1023; x_wconf 71' lang='lat' dir='ltr'>petivit:</span> <span class='ocrx_word' id='word_1_91' title='bbox 1045 963 1135 1012; x_wconf 88' lang='lat' dir='ltr'>ubi</span> <span class='ocrx_word' id='word_1_92' title='bbox 1182 963 1308 1012; x_wconf 89' lang='lat' dir='ltr'>Iuno</span> <span class='ocrx_word' id='word_1_93' title='bbox 1357 965 1479 1013; x_wconf 86' lang='lat' dir='ltr'>haee</span> <span class='ocrx_word' id='word_1_94' title='bbox 1529 964 1677 1025; x_wconf 84' lang='lat' dir='ltr'>dixit,</span> <span class='ocrx_word' id='word_1_95' title='bbox 1727 967 1778 1014; x_wconf 89' lang='lat' dir='ltr'>et</span> <span class='ocrx_word' id='word_1_96' title='bbox 1827 958 1951 1014; x_wconf 81' lang='lat' dir='ltr'>caeli</span> <span class='ocrx_word' id='word_1_97' title='bbox 1980 981 2023 1014; x_wconf 81' lang='grc' dir='ltr'>ιο</span> 
     </span>
     <span class='ocr_line' id='line_1_12' title="bbox 257 1036 1952 1100; baseline 0.002 -16"><span class='ocrx_word' id='word_1_98' title='bbox 257 1037 484 1100; x_wconf 89' lang='lat' dir='ltr'>partibus</span> <span class='ocrx_word' id='word_1_99' title='bbox 526 1036 780 1090; x_wconf 84' lang='lat' dir='ltr'>deseendit</span> <span class='ocrx_word' id='word_1_100' title='bbox 817 1037 882 1085; x_wconf 89' lang='lat' dir='ltr'>ad</span> <span class='ocrx_word' id='word_1_101' title='bbox 920 1040 1078 1086; x_wconf 87' lang='lat' dir='ltr'>terras</span> <span class='ocrx_word' id='word_1_102' title='bbox 1118 1040 1169 1086; x_wconf 92' lang='lat' dir='ltr'>et</span> <span class='ocrx_word' id='word_1_103' title='bbox 1206 1038 1423 1100; x_wconf 87' lang='lat' dir='ltr'>perrexit</span> <span class='ocrx_word' id='word_1_104' title='bbox 1460 1054 1516 1086; x_wconf 91' lang='lat' dir='ltr'>eo</span> <span class='ocrx_word' id='word_1_105' title='bbox 1547 1038 1635 1087; x_wconf 92' lang='lat' dir='ltr'>ubi</span> <span class='ocrx_word' id='word_1_106' title='bbox 1665 1039 1871 1088; x_wconf 86' lang='lat' dir='ltr'>Troiani</span> <span class='ocrx_word' id='word_1_107' title='bbox 1901 1041 1952 1088; x_wconf 83' lang='lat' dir='ltr'>et</span> 
     </span>
     <span class='ocr_line' id='line_1_13' title="bbox 255 1110 1950 1161; baseline 0.002 -3"><span class='ocrx_word' id='word_1_108' title='bbox 255 1110 376 1159; x_wconf 88' lang='lat' dir='ltr'>Itali</span> <span class='ocrx_word' id='word_1_109' title='bbox 414 1112 616 1159; x_wconf 85' lang='lat' dir='ltr'>fuerant</span> <span class='ocrx_word' id='word_1_110' title='bbox 654 1110 927 1160; x_wconf 84' lang='lat' dir='ltr'>constituti.</span> <span class='ocrx_word' id='word_1_111' title='bbox 1002 1115 1103 1160; x_wconf 78' lang='lat' dir='ltr'>tum</span> <span class='ocrx_word' id='word_1_112' title='bbox 1154 1112 1246 1160; x_wconf 83' lang='lat' dir='ltr'>dea</span> <span class='ocrx_word' id='word_1_113' title='bbox 1290 1113 1417 1160; x_wconf 74' lang='lat' dir='ltr'>nube</span> <span class='ocrx_word' id='word_1_114' title='bbox 1455 1127 1578 1161; x_wconf 80' lang='lat' dir='ltr'>cava</span> <span class='ocrx_word' id='word_1_115' title='bbox 1622 1116 1809 1161; x_wconf 77' lang='lat' dir='ltr'>tenuem</span> <span class='ocrx_word' id='word_1_116' title='bbox 1846 1113 1950 1161; x_wconf 76' lang='lat' dir='ltr'>sine</span> 
     </span>
     <span class='ocr_line' id='line_1_14' title="bbox 256 1183 1949 1247; baseline 0.001 -15"><span class='ocrx_word' id='word_1_117' title='bbox 256 1186 445 1233; x_wconf 73' lang='lat' dir='ltr'>viribus</span> <span class='ocrx_word' id='word_1_118' title='bbox 475 1187 703 1234; x_wconf 76' lang='lat' dir='ltr'>umbram</span> <span class='ocrx_word' id='word_1_119' title='bbox 733 1187 788 1233; x_wconf 73' lang='lat' dir='ltr'>in</span> <span class='ocrx_word' id='word_1_120' title='bbox 816 1186 994 1246; x_wconf 74' lang='lat' dir='ltr'>faciem</span> <span class='ocrx_word' id='word_1_121' title='bbox 1017 1183 1214 1234; x_wconf 77' lang='lat' dir='ltr'>Aeneae</span> <span class='ocrx_word' id='word_1_122' title='bbox 1246 1187 1380 1246; x_wconf 74' lang='lat' dir='ltr'>(visu</span> <span class='ocrx_word' id='word_1_123' title='bbox 1408 1187 1633 1235; x_wconf 75' lang='lat' dir='ltr'>mirabile</span> <span class='ocrx_word' id='word_1_124' title='bbox 1662 1189 1949 1247; x_wconf 77' lang='lat' dir='ltr'>monstrum)</span> 
     </span>
     <span class='ocr_line' id='line_1_15' title="bbox 255 1260 1953 1321; baseline 0.001 -14"><span class='ocrx_word' id='word_1_125' title='bbox 255 1260 539 1308; x_wconf 73' lang='lat' dir='ltr'>Dardaniis</span> <span class='ocrx_word' id='word_1_126' title='bbox 577 1262 722 1307; x_wconf 74' lang='lat' dir='ltr'>ornat</span> <span class='ocrx_word' id='word_1_127' title='bbox 758 1260 863 1308; x_wconf 75' lang='lat' dir='ltr'>telis</span> <span class='ocrx_word' id='word_1_128' title='bbox 902 1260 1198 1321; x_wconf 73' lang='lat' dir='ltr'>clipemnque</span> <span class='ocrx_word' id='word_1_129' title='bbox 1234 1261 1470 1320; x_wconf 75' lang='lat' dir='ltr'>iubasque</span> <span class='ocrx_word' id='word_1_130' title='bbox 1508 1261 1664 1308; x_wconf 73' lang='lat' dir='ltr'>divini</span> <span class='ocrx_word' id='word_1_131' title='bbox 1702 1261 1953 1310; x_wconf 77' lang='lat' dir='ltr'>adsimilat</span> 
     </span>
     <span class='ocr_line' id='line_1_16' title="bbox 154 1334 2022 1396; baseline 0.002 -16"><span class='ocrx_word' id='word_1_132' title='bbox 154 1341 239 1381; x_wconf 86' lang='lat'>640</span> <span class='ocrx_word' id='word_1_133' title='bbox 258 1334 452 1394; x_wconf 72' lang='lat' dir='ltr'>capitis,</span> <span class='ocrx_word' id='word_1_134' title='bbox 493 1334 578 1381; x_wconf 74' lang='lat' dir='ltr'>dat</span> <span class='ocrx_word' id='word_1_135' title='bbox 614 1334 792 1382; x_wconf 75' lang='lat' dir='ltr'>inania</span> <span class='ocrx_word' id='word_1_136' title='bbox 829 1335 998 1390; x_wconf 75' lang='lat' dir='ltr'>verba,</span> <span class='ocrx_word' id='word_1_137' title='bbox 1039 1335 1126 1382; x_wconf 76' lang='lat' dir='ltr'>dat</span> <span class='ocrx_word' id='word_1_138' title='bbox 1160 1335 1266 1382; x_wconf 75' lang='lat' dir='ltr'>sine</span> <span class='ocrx_word' id='word_1_139' title='bbox 1302 1338 1457 1382; x_wconf 73' lang='lat' dir='ltr'>mente</span> <span class='ocrx_word' id='word_1_140' title='bbox 1494 1349 1668 1383; x_wconf 76' lang='lat' dir='ltr'>sonum</span> <span class='ocrx_word' id='word_1_141' title='bbox 1709 1348 1949 1396; x_wconf 72' lang='lat' dir='ltr'>yressum-</span> <span class='ocrx_word' id='word_1_142' title='bbox 1980 1350 2022 1384; x_wconf 80' lang='lat'>15</span> 
     </span>
     <span class='ocr_line' id='line_1_17' title="bbox 258 1408 1950 1471; baseline 0.001 -16"><span class='ocrx_word' id='word_1_143' title='bbox 258 1422 347 1467; x_wconf 74' lang='lat' dir='ltr'>que</span> <span class='ocrx_word' id='word_1_144' title='bbox 385 1409 575 1468; x_wconf 71' lang='lat' dir='ltr'>effinyit</span> <span class='ocrx_word' id='word_1_145' title='bbox 613 1409 793 1455; x_wconf 74' lang='lat' dir='ltr'>euntis:</span> <span class='ocrx_word' id='word_1_146' title='bbox 830 1409 1023 1457; x_wconf 86' lang='lat' dir='ltr'>invenit</span> <span class='ocrx_word' id='word_1_147' title='bbox 1059 1408 1185 1456; x_wconf 89' lang='lat' dir='ltr'>Iuno</span> <span class='ocrx_word' id='word_1_148' title='bbox 1226 1408 1486 1457; x_wconf 86' lang='lat' dir='ltr'>consilium</span> <span class='ocrx_word' id='word_1_149' title='bbox 1533 1425 1633 1471; x_wconf 91' lang='lat' dir='ltr'>quo</span> <span class='ocrx_word' id='word_1_150' title='bbox 1680 1409 1950 1457; x_wconf 86' lang='lat' dir='ltr'>seeundum</span> 
     </span>
     <span class='ocr_line' id='line_1_18' title="bbox 256 1481 1950 1546; baseline 0.002 -18"><span class='ocrx_word' id='word_1_151' title='bbox 256 1481 551 1543; x_wconf 86' lang='lat' dir='ltr'>permissum</span> <span class='ocrx_word' id='word_1_152' title='bbox 575 1482 711 1530; x_wconf 87' lang='lat' dir='ltr'>Iovis</span> <span class='ocrx_word' id='word_1_153' title='bbox 736 1482 958 1530; x_wconf 85' lang='lat' dir='ltr'>Turnum</span> <span class='ocrx_word' id='word_1_154' title='bbox 988 1499 1184 1546; x_wconf 82' lang='lat' dir='ltr'>pugnae</span> <span class='ocrx_word' id='word_1_155' title='bbox 1217 1482 1549 1544; x_wconf 89' lang='lat' dir='ltr'>subtraheret,</span> <span class='ocrx_word' id='word_1_156' title='bbox 1579 1483 1723 1531; x_wconf 83' lang='lat' dir='ltr'>finxit</span> <span class='ocrx_word' id='word_1_157' title='bbox 1752 1481 1950 1531; x_wconf 89' lang='lat' dir='ltr'>inanem</span> 
     </span>
     <span class='ocr_line' id='line_1_19' title="bbox 255 1555 1948 1619; baseline 0.002 -16"><span class='ocrx_word' id='word_1_158' title='bbox 255 1555 471 1604; x_wconf 89' lang='lat' dir='ltr'>hominis</span> <span class='ocrx_word' id='word_1_159' title='bbox 503 1556 730 1618; x_wconf 86' lang='lat' dir='ltr'>formam,</span> <span class='ocrx_word' id='word_1_160' title='bbox 760 1556 905 1604; x_wconf 88' lang='lat' dir='ltr'>finxit</span> <span class='ocrx_word' id='word_1_161' title='bbox 935 1572 1075 1605; x_wconf 89' lang='lat' dir='ltr'>arma</span> <span class='ocrx_word' id='word_1_162' title='bbox 1107 1556 1277 1619; x_wconf 86' lang='lat' dir='ltr'>qualia</span> <span class='ocrx_word' id='word_1_163' title='bbox 1306 1557 1505 1605; x_wconf 87' lang='lat' dir='ltr'>fuerant</span> <span class='ocrx_word' id='word_1_164' title='bbox 1543 1557 1726 1619; x_wconf 85' lang='lat' dir='ltr'>quibus</span> <span class='ocrx_word' id='word_1_165' title='bbox 1755 1556 1948 1606; x_wconf 83' lang='lat' dir='ltr'><strong>Aeneas</strong></span> 
     </span>
     <span class='ocr_line' id='line_1_20' title="bbox 256 1630 1949 1695; baseline 0.001 -18"><span class='ocrx_word' id='word_1_166' title='bbox 256 1630 513 1691; x_wconf 88' lang='lat' dir='ltr'>utebatur,</span> <span class='ocrx_word' id='word_1_167' title='bbox 553 1631 675 1678; x_wconf 86' lang='lat' dir='ltr'>haee</span> <span class='ocrx_word' id='word_1_168' title='bbox 712 1630 919 1678; x_wconf 85' lang='lat' dir='ltr'>umbrae</span> <span class='ocrx_word' id='word_1_169' title='bbox 949 1630 1114 1678; x_wconf 88' lang='lat' dir='ltr'>induit</span> <span class='ocrx_word' id='word_1_170' title='bbox 1145 1630 1442 1694; x_wconf 86' lang='lat' dir='ltr'>ornavitque</span> <span class='ocrx_word' id='word_1_171' title='bbox 1473 1633 1624 1693; x_wconf 85' lang='lat' dir='ltr'>eaput</span> <span class='ocrx_word' id='word_1_172' title='bbox 1654 1631 1759 1679; x_wconf 89' lang='lat' dir='ltr'>eius</span> <span class='ocrx_word' id='word_1_173' title='bbox 1791 1632 1949 1695; x_wconf 81' lang='lat' dir='ltr'>galea,</span> 
     </span>
     <span class='ocr_line' id='line_1_21' title="bbox 257 1703 2023 1767; baseline 0 -15"><span class='ocrx_word' id='word_1_174' title='bbox 257 1719 459 1767; x_wconf 90' lang='lat' dir='ltr'>prorsus</span> <span class='ocrx_word' id='word_1_175' title='bbox 492 1706 551 1752; x_wconf 92' lang='lat' dir='ltr'>ut</span> <span class='ocrx_word' id='word_1_176' title='bbox 582 1704 667 1766; x_wconf 89' lang='lat' dir='ltr'>qui</span> <span class='ocrx_word' id='word_1_177' title='bbox 699 1720 808 1752; x_wconf 93' lang='lat' dir='ltr'>eam</span> <span class='ocrx_word' id='word_1_178' title='bbox 839 1703 1045 1754; x_wconf 86' lang='lat' dir='ltr'>vidisset</span> <span class='ocrx_word' id='word_1_179' title='bbox 1075 1705 1278 1752; x_wconf 86' lang='lat' dir='ltr'>Aenean</span> <span class='ocrx_word' id='word_1_180' title='bbox 1310 1720 1414 1754; x_wconf 89' lang='lat' dir='ltr'>esse</span> <span class='ocrx_word' id='word_1_181' title='bbox 1445 1704 1784 1766; x_wconf 73' lang='lat' dir='ltr'>arbitraretur,</span> <span class='ocrx_word' id='word_1_182' title='bbox 1815 1704 1950 1753; x_wconf 87' lang='lat' dir='ltr'>dedit</span> <span class='ocrx_word' id='word_1_183' title='bbox 1979 1721 2023 1753; x_wconf 75' lang='lat' dir='ltr'>so</span> 
     </span>
     <span class='ocr_line' id='line_1_22' title="bbox 258 1778 1951 1841; baseline 0.002 -16"><span class='ocrx_word' id='word_1_184' title='bbox 258 1779 303 1825; x_wconf 88' lang='lat' dir='ltr'>ei</span> <span class='ocrx_word' id='word_1_185' title='bbox 336 1779 705 1841; x_wconf 78' lang='lat' dir='ltr'>aliquantulam</span> <span class='ocrx_word' id='word_1_186' title='bbox 736 1794 921 1840; x_wconf 85' lang='lat' dir='ltr'>vocem,</span> <span class='ocrx_word' id='word_1_187' title='bbox 944 1781 1016 1840; x_wconf 91' lang='lat' dir='ltr'>ut,</span> <span class='ocrx_word' id='word_1_188' title='bbox 1039 1778 1258 1827; x_wconf 87' lang='lat' dir='ltr'>inaniter</span> <span class='ocrx_word' id='word_1_189' title='bbox 1287 1779 1420 1840; x_wconf 85' lang='lat' dir='ltr'>licet,</span> <span class='ocrx_word' id='word_1_190' title='bbox 1452 1778 1594 1827; x_wconf 90' lang='lat' dir='ltr'>daret</span> <span class='ocrx_word' id='word_1_191' title='bbox 1623 1781 1790 1827; x_wconf 85' lang='lat' dir='ltr'>tamen</span> <span class='ocrx_word' id='word_1_192' title='bbox 1812 1779 1951 1828; x_wconf 85' lang='lat' dir='ltr'>velut</span> 
     </span>
     <span class='ocr_line' id='line_1_23' title="bbox 260 1851 1949 1915; baseline 0.001 -16"><span class='ocrx_word' id='word_1_193' title='bbox 260 1853 471 1900; x_wconf 87' lang='lat' dir='ltr'>viventis</span> <span class='ocrx_word' id='word_1_194' title='bbox 509 1852 722 1901; x_wconf 90' lang='lat' dir='ltr'>hominis</span> <span class='ocrx_word' id='word_1_195' title='bbox 763 1868 952 1901; x_wconf 89' lang='lat' dir='ltr'>sonum.</span> <span class='ocrx_word' id='word_1_196' title='bbox 1015 1853 1150 1915; x_wconf 90' lang='lat' dir='ltr'>quod</span> <span class='ocrx_word' id='word_1_197' title='bbox 1189 1851 1261 1900; x_wconf 91' lang='lat' dir='ltr'>ait</span> <span class='ocrx_word' id='word_1_198' title='bbox 1298 1853 1349 1900; x_wconf 92' lang='lat' dir='ltr'>in</span> <span class='ocrx_word' id='word_1_199' title='bbox 1388 1852 1565 1901; x_wconf 82' lang='lat' dir='ltr'>faeiem</span> <span class='ocrx_word' id='word_1_200' title='bbox 1602 1853 1820 1914; x_wconf 82' lang='lat' dir='ltr'>Aeneae,</span> <span class='ocrx_word' id='word_1_201' title='bbox 1859 1869 1949 1902; x_wconf 88' lang='lat' dir='ltr'>nos</span> 
     </span>
     <span class='ocr_line' id='line_1_24' title="bbox 258 1925 1950 1989; baseline 0.002 -17"><span class='ocrx_word' id='word_1_202' title='bbox 258 1927 310 1972; x_wconf 91' lang='lat' dir='ltr'>in</span> <span class='ocrx_word' id='word_1_203' title='bbox 362 1925 738 1974; x_wconf 87' lang='lat' dir='ltr'>similitudinem</span> <span class='ocrx_word' id='word_1_204' title='bbox 793 1926 1024 1975; x_wconf 86' lang='lat' dir='ltr'>debemus</span> <span class='ocrx_word' id='word_1_205' title='bbox 1081 1929 1315 1989; x_wconf 84' lang='lat' dir='ltr'>accipere.</span> <span class='ocrx_word' id='word_1_206' title='bbox 1405 1930 1555 1975; x_wconf 75' lang='lat' dir='ltr'>morte</span> <span class='ocrx_word' id='word_1_207' title='bbox 1607 1928 1737 1975; x_wconf 67' lang='lat' dir='ltr'>obita</span> <span class='ocrx_word' id='word_1_208' title='bbox 1790 1927 1950 1986; x_wconf 73' lang='lat' dir='ltr'>qualis</span> 
     </span>
     <span class='ocr_line' id='line_1_25' title="bbox 257 2000 1949 2061; baseline 0.001 -13"><span class='ocrx_word' id='word_1_209' title='bbox 257 2000 398 2059; x_wconf 78' lang='lat' dir='ltr'>fama</span> <span class='ocrx_word' id='word_1_210' title='bbox 437 2004 505 2048; x_wconf 71' lang='lat' dir='ltr'>est</span> <span class='ocrx_word' id='word_1_211' title='bbox 541 2001 743 2048; x_wconf 79' lang='lat' dir='ltr'>volitare</span> <span class='ocrx_word' id='word_1_212' title='bbox 779 2003 969 2061; x_wconf 72' lang='lat' dir='ltr'>fz&#39;yuras</span> <span class='ocrx_word' id='word_1_213' title='bbox 1008 2005 1094 2049; x_wconf 76' lang='lat' dir='ltr'>aut</span> <span class='ocrx_word' id='word_1_214' title='bbox 1131 2015 1253 2061; x_wconf 73' lang='lat' dir='ltr'>quae</span> <span class='ocrx_word' id='word_1_215' title='bbox 1286 2002 1465 2061; x_wconf 74' lang='lat' dir='ltr'>sopitos</span> <span class='ocrx_word' id='word_1_216' title='bbox 1496 2001 1730 2049; x_wconf 77' lang='lat' dir='ltr'>deludunt</span> <span class='ocrx_word' id='word_1_217' title='bbox 1758 2002 1949 2049; x_wconf 80' lang='lat' dir='ltr'>somnia</span> 
     </span>
     <span class='ocr_line' id='line_1_26' title="bbox 257 2073 2022 2138; baseline 0.001 -18"><span class='ocrx_word' id='word_1_218' title='bbox 257 2087 454 2121; x_wconf 75' lang='lat' dir='ltr'>sensus:</span> <span class='ocrx_word' id='word_1_219' title='bbox 491 2073 607 2122; x_wconf 90' lang='lat' dir='ltr'>talis</span> <span class='ocrx_word' id='word_1_220' title='bbox 647 2075 737 2122; x_wconf 88' lang='lat' dir='ltr'>illa</span> <span class='ocrx_word' id='word_1_221' title='bbox 775 2075 952 2122; x_wconf 90' lang='lat' dir='ltr'>umbra</span> <span class='ocrx_word' id='word_1_222' title='bbox 989 2075 1157 2123; x_wconf 89' lang='lat' dir='ltr'>fuerat</span> <span class='ocrx_word' id='word_1_223' title='bbox 1195 2076 1366 2138; x_wconf 90' lang='lat' dir='ltr'>quales</span> <span class='ocrx_word' id='word_1_224' title='bbox 1405 2075 1641 2123; x_wconf 84' lang='lat' dir='ltr'>dicuntur</span> <span class='ocrx_word' id='word_1_225' title='bbox 1686 2090 1790 2124; x_wconf 88' lang='lat' dir='ltr'>esse</span> <span class='ocrx_word' id='word_1_226' title='bbox 1835 2078 1950 2137; x_wconf 89' lang='lat' dir='ltr'>post</span> <span class='ocrx_word' id='word_1_227' title='bbox 1979 2089 2022 2122; x_wconf 63' lang='grc' dir='ltr'>εει</span> 
     </span>
     <span class='ocr_line' id='line_1_27' title="bbox 258 2148 1947 2211; baseline 0.001 -16"><span class='ocrx_word' id='word_1_228' title='bbox 258 2149 469 2196; x_wconf 89' lang='lat' dir='ltr'>mortem</span> <span class='ocrx_word' id='word_1_229' title='bbox 524 2150 611 2196; x_wconf 91' lang='lat' dir='ltr'>aut</span> <span class='ocrx_word' id='word_1_230' title='bbox 665 2149 835 2210; x_wconf 89' lang='lat' dir='ltr'>quales</span> <span class='ocrx_word' id='word_1_231' title='bbox 890 2148 1122 2198; x_wconf 81' lang='lat' dir='ltr'>videntur</span> <span class='ocrx_word' id='word_1_232' title='bbox 1175 2149 1552 2211; x_wconf 85' lang='lat' dir='ltr'>dormientibus,</span> <span class='ocrx_word' id='word_1_233' title='bbox 1606 2165 1718 2197; x_wconf 86' lang='lat' dir='ltr'>oum</span> <span class='ocrx_word' id='word_1_234' title='bbox 1772 2148 1947 2211; x_wconf 85' lang='lat' dir='ltr'>sopitis</span> 
     </span>
     <span class='ocr_line' id='line_1_28' title="bbox 259 2221 1947 2287; baseline 0.001 -18"><span class='ocrx_word' id='word_1_235' title='bbox 259 2221 482 2270; x_wconf 89' lang='lat' dir='ltr'>sensibus</span> <span class='ocrx_word' id='word_1_236' title='bbox 535 2221 659 2270; x_wconf 90' lang='lat' dir='ltr'>elusi</span> <span class='ocrx_word' id='word_1_237' title='bbox 709 2223 965 2271; x_wconf 88' lang='lat' dir='ltr'>falluntur.</span> <span class='ocrx_word' id='word_1_238' title='bbox 1055 2224 1254 2287; x_wconf 85' lang='lat' dir='ltr'>cognito</span> <span class='ocrx_word' id='word_1_239' title='bbox 1306 2226 1357 2272; x_wconf 91' lang='lat' dir='ltr'>et</span> <span class='ocrx_word' id='word_1_240' title='bbox 1406 2223 1615 2286; x_wconf 86' lang='lat' dir='ltr'>probato</span> <span class='ocrx_word' id='word_1_241' title='bbox 1665 2223 1828 2270; x_wconf 85' lang='lat' dir='ltr'>iunxit</span> <span class='ocrx_word' id='word_1_242' title='bbox 1873 2224 1947 2270; x_wconf 90' lang='lat' dir='ltr'>in-</span> 
     </span>
     <span class='ocr_line' id='line_1_29' title="bbox 258 2296 1948 2359; baseline 0.001 -17"><span class='ocrx_word' id='word_1_243' title='bbox 258 2297 514 2359; x_wconf 84' lang='lat' dir='ltr'>cognitum</span> <span class='ocrx_word' id='word_1_244' title='bbox 568 2297 617 2343; x_wconf 88' lang='lat' dir='ltr'>et</span> <span class='ocrx_word' id='word_1_245' title='bbox 671 2296 805 2358; x_wconf 89' lang='lat' dir='ltr'>quod</span> <span class='ocrx_word' id='word_1_246' title='bbox 859 2297 1060 2359; x_wconf 89' lang='lat' dir='ltr'>probari</span> <span class='ocrx_word' id='word_1_247' title='bbox 1113 2313 1212 2344; x_wconf 89' lang='lat' dir='ltr'>non</span> <span class='ocrx_word' id='word_1_248' title='bbox 1262 2297 1434 2359; x_wconf 91' lang='lat' dir='ltr'>possit.</span> <span class='ocrx_word' id='word_1_249' title='bbox 1518 2296 1562 2345; x_wconf 93' lang='lat' dir='ltr'>si</span> <span class='ocrx_word' id='word_1_250' title='bbox 1607 2297 1739 2344; x_wconf 90' lang='lat' dir='ltr'>enim</span> <span class='ocrx_word' id='word_1_251' title='bbox 1789 2297 1948 2345; x_wconf 91' lang='lat' dir='ltr'>solum</span> 
     </span>
     <span class='ocr_line' id='line_1_30' title="bbox 258 2369 1948 2434; baseline 0.001 -17"><span class='ocrx_word' id='word_1_252' title='bbox 258 2371 461 2431; x_wconf 91' lang='lat' dir='ltr'>propter</span> <span class='ocrx_word' id='word_1_253' title='bbox 511 2370 876 2431; x_wconf 87' lang='lat' dir='ltr'>exprimendam</span> <span class='ocrx_word' id='word_1_254' title='bbox 926 2371 1303 2420; x_wconf 88' lang='lat' dir='ltr'>similitudinem</span> <span class='ocrx_word' id='word_1_255' title='bbox 1352 2373 1557 2434; x_wconf 87' lang='lat' dir='ltr'>poneret</span> <span class='ocrx_word' id='word_1_256' title='bbox 1607 2369 1740 2432; x_wconf 87' lang='lat' dir='ltr'>quod</span> <span class='ocrx_word' id='word_1_257' title='bbox 1790 2370 1948 2418; x_wconf 87' lang='lat' dir='ltr'>fertur</span> 
     </span>
     <span class='ocr_line' id='line_1_31' title="bbox 259 2444 2023 2508; baseline -0.001 -17"><span class='ocrx_word' id='word_1_258' title='bbox 259 2459 363 2492; x_wconf 88' lang='lat' dir='ltr'>esse</span> <span class='ocrx_word' id='word_1_259' title='bbox 403 2447 518 2506; x_wconf 91' lang='lat' dir='ltr'>post</span> <span class='ocrx_word' id='word_1_260' title='bbox 554 2445 785 2505; x_wconf 87' lang='lat' dir='ltr'>mortem,</span> <span class='ocrx_word' id='word_1_261' title='bbox 834 2445 954 2507; x_wconf 90' lang='lat' dir='ltr'>quid</span> <span class='ocrx_word' id='word_1_262' title='bbox 990 2444 1120 2492; x_wconf 90' lang='lat' dir='ltr'>illud</span> <span class='ocrx_word' id='word_1_263' title='bbox 1170 2448 1298 2494; x_wconf 87' lang='lat' dir='ltr'>esset</span> <span class='ocrx_word' id='word_1_264' title='bbox 1345 2461 1445 2493; x_wconf 91' lang='lat' dir='ltr'>non</span> <span class='ocrx_word' id='word_1_265' title='bbox 1493 2446 1660 2507; x_wconf 89' lang='lat' dir='ltr'>posset</span> <span class='ocrx_word' id='word_1_266' title='bbox 1706 2445 1948 2508; x_wconf 87' lang='lat' dir='ltr'>intellegi,</span> <span class='ocrx_word' id='word_1_267' title='bbox 1977 2457 2023 2490; x_wconf 76' lang='lat'>30</span> 
     </span>
     <span class='ocr_line' id='line_1_32' title="bbox 260 2518 1948 2580; baseline 0.001 -16"><span class='ocrx_word' id='word_1_268' title='bbox 260 2518 498 2579; x_wconf 84' lang='lat' dir='ltr'>quoniam</span> <span class='ocrx_word' id='word_1_269' title='bbox 536 2518 805 2566; x_wconf 82' lang='lat' dir='ltr'>incolumes</span> <span class='ocrx_word' id='word_1_270' title='bbox 845 2519 938 2566; x_wconf 85' lang='lat' dir='ltr'>hoo</span> <span class='ocrx_word' id='word_1_271' title='bbox 977 2520 1100 2567; x_wconf 85' lang='lat' dir='ltr'>scire</span> <span class='ocrx_word' id='word_1_272' title='bbox 1140 2535 1239 2567; x_wconf 91' lang='lat' dir='ltr'>non</span> <span class='ocrx_word' id='word_1_273' title='bbox 1277 2520 1499 2580; x_wconf 85' lang='lat' dir='ltr'>possunt.</span> <span class='ocrx_word' id='word_1_274' title='bbox 1577 2518 1787 2566; x_wconf 84' lang='lat' dir='ltr'>sociavit</span> <span class='ocrx_word' id='word_1_275' title='bbox 1831 2518 1948 2566; x_wconf 86' lang='lat' dir='ltr'>huic</span> 
     </span>
     <span class='ocr_line' id='line_1_33' title="bbox 260 2591 1947 2654; baseline 0.001 -16"><span class='ocrx_word' id='word_1_276' title='bbox 260 2592 398 2639; x_wconf 90' lang='lat' dir='ltr'>aliud</span> <span class='ocrx_word' id='word_1_277' title='bbox 444 2591 747 2653; x_wconf 83' lang='lat' dir='ltr'>exemplum,</span> <span class='ocrx_word' id='word_1_278' title='bbox 794 2593 1099 2641; x_wconf 89' lang='lat' dir='ltr'>somniorum</span> <span class='ocrx_word' id='word_1_279' title='bbox 1145 2593 1354 2654; x_wconf 82' lang='lat' dir='ltr'>scilieet,</span> <span class='ocrx_word' id='word_1_280' title='bbox 1393 2608 1522 2654; x_wconf 87' lang='lat' dir='ltr'>quae</span> <span class='ocrx_word' id='word_1_281' title='bbox 1562 2591 1788 2640; x_wconf 91' lang='lat' dir='ltr'>omnibus</span> <span class='ocrx_word' id='word_1_282' title='bbox 1827 2594 1947 2640; x_wconf 78' lang='lat' dir='ltr'>nota</span> 
     </span>
    </p>
   </div>
   <div class='ocr_carea' id='block_1_3' title="bbox 260 2685 614 2690">
    <p class='ocr_par' dir='ltr' id='par_1_3' title="bbox 260 2685 614 2690">
     <span class='ocr_line' id='line_1_34' title="bbox 260 2685 614 2690; baseline 0 0"><span class='ocrx_word' id='word_1_283' title='bbox 260 2685 614 2690; x_wconf 95' lang='lat' dir='ltr'> </span> 
     </span>
    </p>
   </div>
   <div class='ocr_carea' id='block_1_4' title="bbox 258 2731 1947 3024">
    <p class='ocr_par' dir='ltr' id='par_1_4' title="bbox 258 2731 1947 3024">
     <span class='ocr_line' id='line_1_35' title="bbox 379 2731 1943 2787; baseline -0.001 -11"><span class='ocrx_word' id='word_1_284' title='bbox 379 2738 402 2776; x_wconf 89' lang='lat'>1</span> <span class='ocrx_word' id='word_1_285' title='bbox 434 2747 558 2777; x_wconf 74' lang='lat' dir='ltr'>nunc</span> <span class='ocrx_word' id='word_1_286' title='bbox 581 2732 623 2776; x_wconf 92' lang='lat' dir='ltr'><strong>V</strong></span> <span class='ocrx_word' id='word_1_287' title='bbox 645 2747 756 2776; x_wconf 73' lang='lat' dir='ltr'>lnum</span> <span class='ocrx_word' id='word_1_288' title='bbox 780 2732 852 2776; x_wconf 89' lang='lat' dir='ltr'>ed.</span> <span class='ocrx_word' id='word_1_289' title='bbox 941 2738 965 2775; x_wconf 84' lang='lat'>2</span> <span class='ocrx_word' id='word_1_290' title='bbox 999 2734 1118 2778; x_wconf 83' lang='lat' dir='ltr'>idem</span> <span class='ocrx_word' id='word_1_291' title='bbox 1141 2733 1182 2777; x_wconf 94' lang='lat' dir='ltr'><strong>V</strong></span> <span class='ocrx_word' id='word_1_292' title='bbox 1213 2734 1264 2777; x_wconf 71' lang='lat' dir='ltr'>id</span> <span class='ocrx_word' id='word_1_293' title='bbox 1287 2738 1352 2778; x_wconf 78' lang='lat' dir='ltr'>est</span> <span class='ocrx_word' id='word_1_294' title='bbox 1374 2732 1444 2776; x_wconf 92' lang='lat' dir='ltr'>ed.</span> <span class='ocrx_word' id='word_1_295' title='bbox 1539 2737 1564 2776; x_wconf 87' lang='grc'>6</span> <span class='ocrx_word' id='word_1_296' title='bbox 1595 2738 1647 2776; x_wconf 81' lang='lat' dir='ltr'>ut</span> <span class='ocrx_word' id='word_1_297' title='bbox 1669 2731 1711 2774; x_wconf 92' lang='lat' dir='ltr'><strong>V</strong></span> <span class='ocrx_word' id='word_1_298' title='bbox 1734 2745 1849 2787; x_wconf 78' lang='lat' dir='ltr'>quae</span> <span class='ocrx_word' id='word_1_299' title='bbox 1873 2733 1943 2775; x_wconf 89' lang='lat' dir='ltr'>ed.</span> 
     </span>
     <span class='ocr_line' id='line_1_36' title="bbox 259 2791 1947 2846; baseline 0.002 -13"><span class='ocrx_word' id='word_1_300' title='bbox 259 2796 314 2834; x_wconf 92' lang='lat'>10</span> <span class='ocrx_word' id='word_1_301' title='bbox 347 2797 389 2835; x_wconf 78' lang='lat' dir='ltr'>et</span> <span class='ocrx_word' id='word_1_302' title='bbox 418 2793 533 2836; x_wconf 82' lang='lat' dir='ltr'>caeli</span> <span class='ocrx_word' id='word_1_303' title='bbox 555 2791 598 2835; x_wconf 94' lang='lat' dir='ltr'><strong>V</strong></span> <span class='ocrx_word' id='word_1_304' title='bbox 630 2806 651 2835; x_wconf 87' lang='lat' dir='ltr'>e</span> <span class='ocrx_word' id='word_1_305' title='bbox 674 2792 788 2836; x_wconf 81' lang='lat' dir='ltr'>caeli</span> <span class='ocrx_word' id='word_1_306' title='bbox 819 2791 889 2835; x_wconf 87' lang='lat' dir='ltr'>ed.</span> <span class='ocrx_word' id='word_1_307' title='bbox 923 2806 977 2836; x_wconf 79' lang='lat' dir='ltr'>ex</span> <span class='ocrx_word' id='word_1_308' title='bbox 1000 2798 1066 2836; x_wconf 66' lang='lat' dir='ltr'>a?</span> <span class='ocrx_word' id='word_1_309' title='bbox 1164 2797 1217 2835; x_wconf 89' lang='grc'>12</span> <span class='ocrx_word' id='word_1_310' title='bbox 1248 2792 1436 2846; x_wconf 77' lang='lat' dir='ltr'>fuerunt</span> <span class='ocrx_word' id='word_1_311' title='bbox 1466 2791 1536 2835; x_wconf 89' lang='lat' dir='ltr'>ed.</span> <span class='ocrx_word' id='word_1_312' title='bbox 1625 2796 1679 2834; x_wconf 87' lang='grc'>14</span> <span class='ocrx_word' id='word_1_313' title='bbox 1710 2791 1947 2836; x_wconf 77' lang='lat' dir='ltr'>adsimilat</span> 
     </span>
     <span class='ocr_line' id='line_1_37' title="bbox 258 2850 1939 2908; baseline 0 -15"><span class='ocrx_word' id='word_1_314' title='bbox 258 2850 300 2892; x_wconf 94' lang='lat' dir='ltr'><strong>V</strong></span> <span class='ocrx_word' id='word_1_315' title='bbox 338 2852 577 2895; x_wconf 82' lang='lat' dir='ltr'>assimulat</span> <span class='ocrx_word' id='word_1_316' title='bbox 619 2851 689 2895; x_wconf 85' lang='lat' dir='ltr'>ed.</span> <span class='ocrx_word' id='word_1_317' title='bbox 814 2855 868 2893; x_wconf 88' lang='lat'>15</span> <span class='ocrx_word' id='word_1_318' title='bbox 913 2865 1174 2908; x_wconf 76' lang='lat' dir='ltr'>yressusque</span> <span class='ocrx_word' id='word_1_319' title='bbox 1221 2851 1291 2895; x_wconf 86' lang='lat' dir='ltr'>ed.</span> <span class='ocrx_word' id='word_1_320' title='bbox 1416 2855 1467 2894; x_wconf 80' lang='lat'>17</span> <span class='ocrx_word' id='word_1_321' title='bbox 1510 2851 1785 2906; x_wconf 78' lang='lat' dir='ltr'>promissum</span> <span class='ocrx_word' id='word_1_322' title='bbox 1828 2850 1897 2894; x_wconf 92' lang='lat' dir='ltr'>ed.</span> <span class='ocrx_word' id='word_1_323' title='bbox 1935 2850 1939 2908; x_wconf 82' lang='grc' dir='ltr'>Ι</span> 
     </span>
     <span class='ocr_line' id='line_1_38' title="bbox 258 2909 1941 2966; baseline 0.001 -14"><span class='ocrx_word' id='word_1_324' title='bbox 258 2923 279 2952; x_wconf 81' lang='lat' dir='ltr'>e</span> <span class='ocrx_word' id='word_1_325' title='bbox 303 2923 466 2966; x_wconf 73' lang='lat' dir='ltr'>puyna</span> <span class='ocrx_word' id='word_1_326' title='bbox 498 2910 568 2954; x_wconf 92' lang='lat' dir='ltr'>ed.</span> <span class='ocrx_word' id='word_1_327' title='bbox 657 2913 709 2953; x_wconf 89' lang='grc'>19</span> <span class='ocrx_word' id='word_1_328' title='bbox 742 2910 905 2954; x_wconf 78' lang='lat' dir='ltr'>umbra</span> <span class='ocrx_word' id='word_1_329' title='bbox 929 2910 970 2952; x_wconf 94' lang='lat' dir='ltr'><strong>V</strong></span> <span class='ocrx_word' id='word_1_330' title='bbox 995 2910 1065 2954; x_wconf 88' lang='lat' dir='ltr'>ed.</span> <span class='ocrx_word' id='word_1_331' title='bbox 1150 2915 1204 2953; x_wconf 85' lang='lat'>21</span> <span class='ocrx_word' id='word_1_332' title='bbox 1237 2909 1497 2954; x_wconf 72' lang='lat' dir='ltr'>‘ut—daret</span> <span class='ocrx_word' id='word_1_333' title='bbox 1526 2911 1700 2953; x_wconf 88' lang='lat' dir='ltr'>temere</span> <span class='ocrx_word' id='word_1_334' title='bbox 1731 2911 1845 2952; x_wconf 89' lang='lat' dir='ltr'>mut.</span> <span class='ocrx_word' id='word_1_335' title='bbox 1870 2909 1941 2954; x_wconf 90' lang='lat' dir='ltr'>ed.</span> 
     </span>
     <span class='ocr_line' id='line_1_39' title="bbox 259 2967 1844 3024; baseline 0 -14"><span class='ocrx_word' id='word_1_336' title='bbox 259 2972 313 3010; x_wconf 91' lang='grc'>22</span> <span class='ocrx_word' id='word_1_337' title='bbox 346 2982 428 3013; x_wconf 76' lang='lat' dir='ltr'>nos</span> <span class='ocrx_word' id='word_1_338' title='bbox 451 2968 493 3011; x_wconf 95' lang='lat' dir='ltr'><strong>V</strong></span> <span class='ocrx_word' id='word_1_339' title='bbox 523 2982 615 3013; x_wconf 74' lang='lat' dir='ltr'>non</span> <span class='ocrx_word' id='word_1_340' title='bbox 647 2968 717 3012; x_wconf 90' lang='lat' dir='ltr'>ed.</span> <span class='ocrx_word' id='word_1_341' title='bbox 840 2973 895 3011; x_wconf 84' lang='lat'>24</span> <span class='ocrx_word' id='word_1_342' title='bbox 927 2970 1099 3024; x_wconf 77' lang='lat' dir='ltr'>sopitus</span> <span class='ocrx_word' id='word_1_343' title='bbox 1122 2968 1175 3012; x_wconf 93' lang='lat' dir='ltr'>V.</span> <span class='ocrx_word' id='word_1_344' title='bbox 1299 2973 1353 3012; x_wconf 89' lang='lat'>31</span> <span class='ocrx_word' id='word_1_345' title='bbox 1386 2982 1554 3013; x_wconf 79' lang='lat' dir='ltr'>cum—</span> <span class='ocrx_word' id='word_1_346' title='bbox 1563 2969 1745 3024; x_wconf 76' lang='lat' dir='ltr'>possint</span> <span class='ocrx_word' id='word_1_347' title='bbox 1774 2967 1844 3012; x_wconf 88' lang='lat' dir='ltr'>ed.</span> 
     </span>
    </p>
   </div>
   <div class='ocr_carea' id='block_1_5' title="bbox 2024 0 2050 3226">
    <p class='ocr_par' dir='ltr' id='par_1_5' title="bbox 2024 0 2050 3226">
     <span class='ocr_line' id='line_1_40' title="bbox 2024 0 2050 3226; baseline 0 0"><span class='ocrx_word' id='word_1_348' title='bbox 2024 0 2050 3226; x_wconf 95' lang='lat' dir='ltr'> </span> 
     </span>
    </p>
   </div>
  </div>
 </body>
</html>
