2050 3226
177 204 247 256 14
551 239 554 242 .
647 200 880 245 DONATI
911 200 1192 245 INTERPR.
1217 200 1396 246 VERG.

171 342 307 405 quod
355 356 532 405 genere
581 357 778 404 quoque
832 340 1121 404 praestabat
1171 344 1220 389 et
1268 341 1541 390 maioribus
1589 343 1764 405 regiis,
1813 344 1874 390 ut
1916 349 1919 350 ’

169 417 300 480 regis
354 415 488 463 filiae
540 415 841 464 multiformi
898 414 1092 463 ratione
1147 418 1452 479 congrueret.
1545 430 1684 475 quem
1735 417 1873 477 reyia

170 491 381 538 coniunx
434 489 641 550 adinnyi
689 503 921 550 yeneram
972 490 1096 536 miro
1145 490 1443 549 properabat
1497 504 1684 538 amore:
1759 505 1871 538 cum

168 564 254 611 ille
305 562 566 626 splendore
617 564 809 627 generis
857 565 909 610 et
954 563 1173 625 corporis
1222 563 1593 626 pulchritudine
1631 564 1871 626 petitores

169 639 357 686 ceteros
408 637 641 698 anteiret,
695 636 866 686 Latini
914 652 1040 684 uxor
1091 636 1392 699 perindeque
1447 637 1657 701 virginis
1711 640 1872 686 mater

168 712 322 760 talem
367 728 606 775 generum
651 712 778 759 miro
818 726 982 758 amore
1023 711 1257 773 cupiebat
1296 711 1515 775 adiungi.
1592 712 1678 760 sed
1714 713 1871 760 variis

159 789 390 846 portenta
450 786 594 833 deam
653 786 917 833 terroribus
985 786 1199 833 obstant:
1287 786 1539 834 voluntati
1594 788 1644 834 et
1705 786 1869 834 studio

168 859 367 920 matriS‚
406 875 467 907 ne
507 859 641 921 quod
679 858 913 922 cupiebat
948 859 1182 921 inpleret,
1222 859 1490 908 obstabant
1525 860 1597 907 dii
1626 861 1869 922 portentis

169 933 480 983 evidentibus
522 931 823 982 nuntiantes
850 932 971 995 quid
1009 933 1169 997 magis
1210 935 1338 981 esset
1375 950 1465 996 pro
1504 934 1701 996 puellae
1741 949 1868 982 com-

168 1007 410 1056 moditate
459 1007 746 1055 curandum.
822 1007 981 1056 omnis
1028 1008 1122 1055 iste
1168 1009 1415 1056 tractatus
1463 1010 1613 1070 atque
1661 1007 1868 1072 originis

168 1081 340 1131 Latini
389 1081 656 1144 descriptio
704 1083 754 1129 et
798 1081 940 1144 regni
986 1082 1145 1145 status
1184 1083 1388 1142 nutans,
1428 1081 1708 1130 coniuratio
1749 1098 1867 1144 quo-

169 1172 264 1219 que
302 1157 458 1204 totius
496 1155 700 1217 Italiae,
738 1155 914 1203 unicae
946 1154 1118 1202 Latini
1155 1155 1286 1204 filiae
1321 1156 1595 1218 petitorum
1624 1155 1869 1204 nobilium

167 1230 316 1278 turba
365 1229 599 1278 laudibus
646 1229 843 1277 Aeneae
893 1231 1179 1290 nectuntur,
1229 1245 1291 1277 ne
1340 1229 1632 1293 ignobilem,
1683 1246 1744 1277 ne
1793 1231 1867 1277 in-

167 1320 339 1367 parem
371 1305 612 1352 ducturus
643 1318 747 1351 esse
778 1303 1031 1351 videretur
1053 1319 1257 1351 uxorem
1279 1304 1359 1352 vel
1384 1320 1442 1351 ea
1465 1341 1868 1353 ..............

168 1379 411 1441 sprevisse
442 1377 595 1426 vicini
625 1378 706 1426 vel
741 1378 894 1438 cives,
932 1376 1171 1425 laudatur
1201 1379 1352 1426 etiam
1385 1377 1502 1425 inde
1535 1377 1669 1441 quod
1698 1380 1866 1426 tantas

168 1468 287 1515 opes
337 1455 466 1500 esset
515 1454 849 1513 superaturus.
925 1451 979 1498 in
1026 1467 1123 1514 quo
1169 1452 1277 1514 ipso
1325 1453 1524 1500 tantum
1570 1454 1746 1514 poetae
1792 1453 1866 1499 in-

167 1526 366 1590 genium
416 1525 599 1586 valuit,
652 1542 713 1572 ne
766 1527 819 1572 in
874 1525 1219 1574 coniunctione
1269 1526 1450 1589 regalis
1502 1526 1711 1588 virginis
1759 1526 1865 1588 ipse

167 1601 361 1648 Aeneas
398 1600 592 1647 ratione
632 1599 888 1663 sanguinis
928 1599 1181 1648 videretur
1217 1599 1435 1647 inferior.
1509 1599 1695 1648 idcirco
1735 1601 1867 1647 enim

167 1690 197 1722 a
235 1674 416 1722 Latino
466 1689 625 1735 usque
677 1674 740 1721 ad
792 1672 1063 1721 Saturnum
1112 1674 1306 1737 generis
1354 1675 1491 1737 origo
1532 1674 1738 1722 decursa
1777 1677 1866 1735 est,

166 1750 225 1796 ut
261 1747 454 1796 Aeneas
500 1747 632 1795 idem
677 1746 859 1795 Latino
905 1748 1267 1795 monstraretur
1305 1747 1495 1796 adfinis.
1573 1764 1603 1796 a
1650 1747 1865 1796 Saturno

167 1822 300 1869 enim
344 1821 569 1882 Faunus,
617 1837 646 1868 a
691 1821 865 1868 Fauno
905 1821 1077 1883 Picus,
1118 1838 1147 1870 a
1185 1822 1303 1869 Pico
1342 1821 1575 1883 Latinus,
1616 1839 1645 1870 a
1683 1821 1864 1870 Latino

166 1895 399 1957 Lavinia,
449 1896 570 1943 item
620 1911 677 1943 ex
724 1895 821 1942 alio
869 1896 1062 1958 generis
1109 1911 1259 1943 cursu
1298 1912 1327 1943 a
1368 1895 1583 1944 Saturno
1622 1896 1864 1959 Iuppiter,

168 1970 230 2018 ab
261 1969 371 2032 ipso
402 1969 593 2030 Venus,
625 1968 818 2017 Aeneas
851 1984 881 2015 a
904 1969 1095 2016 Venere
1130 1970 1390 2032 sanguinis
1423 1970 1665 2033 originem
1695 1972 1865 2031 traxit,

165 2046 223 2092 ut
276 2042 618 2091 ostenderetur
670 2059 762 2104 par
812 2043 1069 2106 sanguinis
1116 2045 1349 2091 meritum
1395 2046 1444 2091 et
1489 2044 1684 2092 Aeneas
1729 2046 1863 2093 inve-

166 2118 360 2166 niretur
412 2117 579 2179 potior
634 2117 808 2164 robore
861 2116 1061 2165 virtutis
1116 2119 1166 2165 et
1219 2117 1568 2166 exercitatione
1628 2118 1863 2166 bellandi.

80 2199 135 2239 60
168 2193 341 2240 laurus
388 2194 492 2238 erat
535 2192 642 2238 teeti
685 2191 840 2238 medio
879 2191 934 2237 in
970 2191 1305 2251 penetralibus
1345 2192 1457 2240 altis
1494 2206 1642 2241 saera
1680 2206 1865 2239 comam

165 2265 432 2324 multosque
476 2268 605 2311 meta
649 2268 844 2312 servata
886 2279 975 2324 per
1022 2279 1198 2321 annos,
1240 2280 1387 2324 qaam
1418 2270 1563 2325 pater
1599 2267 1861 2321 inventam,

158 2341 355 2398 primas
393 2353 502 2386 ewm
539 2338 759 2386 conderet
796 2353 952 2394 aree3‚
991 2340 1095 2398 ipse
1132 2340 1380 2398 ferebatur
1416 2339 1603 2387 Phoebo
1641 2353 1864 2394 sacrasse

167 2413 382 2460 Latinas
443 2412 803 2471 Laurentisque
871 2413 932 2459 ab
1003 2427 1060 2460 ea
1127 2427 1299 2460 nomen
1367 2414 1593 2472 posuisse
1661 2413 1863 2460 colonis:

291 2544 313 2582 1
347 2552 503 2582 venere
528 2537 565 2580 V
593 2538 663 2581 ed.
691 2551 848 2594 yenere
871 2552 967 2581 nos.
1054 2543 1079 2581 6
1113 2552 1264 2582 amore
1287 2538 1329 2582 V
1359 2539 1484 2592 filiae
1513 2552 1623 2582 suae
1655 2538 1763 2582 add.
1790 2538 1860 2582 ed.

168 2602 194 2640 8
227 2598 405 2642 obstant
435 2596 506 2641 ed.
630 2601 655 2639 9
688 2597 954 2641 comoditate
985 2596 1027 2638 V
1061 2598 1303 2642 commodis
1334 2598 1406 2641 ed.
1532 2601 1584 2639 11
1617 2603 1790 2641 nutans
1820 2597 1862 2640 V

167 2670 360 2713 maynus
391 2655 461 2700 ed.
499 2655 504 2714 Ι
539 2657 796 2700 coniuratio
819 2655 862 2698 V
893 2658 1176 2700 continuatio
1208 2656 1278 2699 ed.
1396 2661 1450 2699 12
1482 2657 1641 2700 italiae
1664 2655 1705 2699 V
1736 2657 1795 2700 It.
1822 2662 1863 2700 et

167 2715 238 2758 ed.
344 2720 398 2758 14
429 2716 537 2771 post
566 2715 634 2759 vel
665 2728 718 2758 ea
750 2715 955 2770 spatium
987 2715 1254 2770 quindecim
1286 2715 1382 2758 fere
1414 2715 1678 2758 litterarum
1708 2717 1860 2769 vacat,

167 2774 378 2830 sequitur
413 2775 662 2829 spraevisse
691 2775 833 2818 vieini
856 2773 898 2815 V
930 2774 1117 2829 expleas
1153 2774 1239 2817 sic:
1281 2789 1379 2819 eam
1410 2788 1546 2830 quam
1569 2779 1858 2829 putarentur.

168 2838 223 2876 15
255 2834 407 2889 inquit
436 2832 478 2876 V
517 2833 638 2888 quod
676 2833 746 2876 ed.
787 2833 893 2876 inde
930 2834 1050 2888 quod
1087 2846 1183 2876 nos
1310 2838 1363 2877 16
1403 2835 1498 2888 ipse
1528 2832 1570 2876 V
1609 2834 1707 2888 ipso
1742 2832 1813 2876 ed.
1851 2833 1856 2891 Ι

166 2897 346 2937 tantum
369 2891 411 2934 V
440 2893 629 2947 mirifice
660 2892 731 2935 ed.
825 2896 880 2935 18
912 2893 1031 2935 enim
1055 2891 1096 2935 V
1128 2897 1169 2936 et
1200 2892 1270 2936 ed.
1366 2895 1420 2934 19
1451 2892 1642 2936 decursa
1664 2891 1707 2934 V
1737 2892 1861 2935 dieta

167 2952 238 2995 ed.
362 2954 418 2994 20
456 2956 783 2996 monstraretur
816 2950 859 2993 V
897 2951 1126 2996 videretur
1163 2951 1235 2995 ed.
1358 2956 1414 2994 24
1443 2964 1560 3006 pars
1589 2950 1631 2993 V
1663 2964 1757 3006 par
1787 2951 1858 2994 ed.

168 3015 223 3053 26
262 3011 668 3066 inpenetrabilibus
699 3009 741 3053 V
781 3011 846 3067 (et
884 3010 1037 3067 infra).
1161 3014 1216 3053 28
1255 3010 1382 3064 foebo
1413 3023 1569 3054 sacras
1599 3010 1773 3054 latinus
1802 3009 1857 3053 V.

1903 1021 1944 1051 10

1900 1389 1942 1422 15

1897 1763 1940 1794 20

1895 2131 1937 2162 25
