2050 3226
246 160 355 215 350
719 158 951 203 DONATI
981 157 1262 203 INTERPR.
1286 158 1464 203 VERG.

246 315 303 348 eo
352 299 570 362 ponebat
618 315 677 347 ex
725 302 883 348 morte
931 298 1178 347 Pallantis
1227 297 1439 362 gloriam
1485 313 1650 360 suam,
1695 301 1756 348 ut
1792 301 1935 362 pater

246 374 352 421 eius
392 373 623 422 orbitatis
662 373 910 436 supplicia
949 372 1198 435 penderet.
1254 372 1389 434 quod
1425 372 1585 436 igitur
1621 388 1712 437 pro
1750 388 1933 437 magno

244 447 420 495 habuit
468 448 666 496 Turnus
715 446 884 496 Pallas
932 445 1274 508 respondendo
1323 447 1579 509 vacuavit3
1630 446 1757 495 dixit
1804 448 1936 496 enim

247 522 368 583 duo,
409 537 536 584 quae
575 523 840 584 sperantur
876 520 930 568 in
969 535 1162 584 pugna,
1207 520 1369 569 facere
1414 536 1506 584 pro
1551 521 1778 584 partibus
1818 520 1936 583 suis,

247 598 397 658 atque
436 612 495 644 ex
531 595 609 644 his
650 595 786 658 quod
816 596 1021 643 eventus
1054 594 1272 642 adferret
1301 594 1522 643 laturum
1551 596 1723 657 aequis
1757 594 1967 644 animis:

244 672 455 732 patrem
532 685 658 732 quae
705 671 873 717 autem
919 668 1020 716 sint
1066 668 1162 716 duo
1207 669 1320 732 ipsa
1365 684 1478 717 cum
1522 670 1626 718 suis
1666 667 1936 718 commodis

247 744 459 792 disserit.
514 744 602 791 aut
640 742 863 791 occidam
899 744 972 804 te,
1010 741 1199 804 inquit,
1237 744 1287 791 et
1323 742 1511 791 habebo
1552 743 1611 791 de
1649 745 1809 792 morte
1845 745 1936 791 tua

244 817 511 866 maximam
550 817 823 880 spoliorum
862 818 914 865 et
949 815 1188 866 victoriae
1228 816 1445 881 gratiam
1483 819 1592 879 aut,
1637 818 1682 866 si
1728 817 1935 866 adversa

159 903 162 905 ·
246 892 569 952 occurrerint,
615 906 698 939 ero
743 891 957 955 insignis
1003 891 1135 939 inter
1181 894 1367 940 ceteros
1414 890 1548 941 viros
1594 891 1761 952 fortis,
1811 906 1935 954 quos

245 964 467 1014 condicio
506 965 736 1013 fortunae
775 964 1084 1014 adversantis
1121 965 1329 1014 invenit.
1383 967 1535 1027 certe,
1571 966 1762 1028 inquit,
1802 964 1935 1028 quic-

245 1031 372 1101 quid
407 1039 642 1088 acciderit
679 1040 806 1087 feret
842 1042 987 1102 pater
1030 1055 1194 1101 meuS,
1241 1039 1330 1102 qui
1373 1041 1470 1088 scit
1513 1055 1617 1088 esse
1664 1039 1935 1103 gloriosum

243 1113 439 1162 vincere
463 1115 514 1162 et
542 1129 643 1162 non
671 1113 958 1162 indecorum
989 1113 1275 1162 occumbere
1305 1113 1359 1161 in
1389 1129 1565 1177 campo
1597 1113 1936 1176 dimicantem3

246 1189 431 1251 quippe
469 1188 555 1235 ille
595 1187 771 1252 genuit
806 1187 971 1236 virum
1009 1187 1189 1236 fortem
1227 1189 1278 1236 et
1306 1188 1509 1250 utrique
1547 1188 1776 1236 fortunae
1806 1203 1935 1236 com-

243 1261 383 1310 misit
430 1263 663 1324 paratum
714 1263 938 1310 animum
987 1261 1052 1309 ad
1101 1261 1261 1310 omnis
1311 1265 1515 1311 eventus
1567 1277 1763 1325 gerens:
1813 1277 1935 1325 qua·

244 1338 449 1399 propter
495 1336 684 1384 frustra
733 1335 927 1400 spargis
974 1351 1129 1385 vanos
1179 1336 1442 1398 inanisque
1489 1338 1715 1385 terrores,
1800 1337 1936 1396 fatas
1967 1337 2039 1383 1⁵²ss

243 1410 457 1458 medium
486 1410 707 1470 procedit
741 1411 796 1458 in
835 1424 1038 1469 aequor:
1076 1410 1164 1472 qui
1199 1411 1253 1458 in
1290 1409 1509 1459 medium
1547 1426 1779 1473 campum
1823 1426 1936 1473 pro-

246 1484 398 1545 cedit,
436 1484 529 1532 hoc
567 1486 642 1532 est
679 1486 937 1547 separatus
979 1500 1008 1532 a
1047 1485 1148 1533 suis
1186 1500 1334 1547 porro
1374 1484 1583 1546 accedit,
1631 1484 1848 1533 ostendit
1885 1499 1935 1532 se

244 1557 370 1606 nihil
392 1560 626 1607 metuere.
669 1559 884 1619 friqidas
906 1556 1188 1607 Arcadibus
1211 1559 1303 1607 coit
1322 1559 1377 1606 in
1390 1558 1687 1618 praecordia
1709 1559 1936 1619 sanquis:

247 1648 357 1681 cum
395 1633 488 1682 hoc
525 1632 695 1682 Pallas
727 1632 945 1694 fecisset,
985 1632 1205 1697 obriguit
1234 1633 1438 1696 sanguis
1471 1632 1716 1682 sociorum
1748 1631 1853 1681 eius
1885 1635 1936 1681 et

244 1707 474 1755 recedens
513 1723 572 1754 ex
608 1708 717 1755 toto
756 1721 957 1769 corpore
996 1706 1060 1754 ad
1097 1707 1411 1771 singulorum
1460 1706 1752 1770 praecordia
1795 1722 1935 1755 revo-

247 1784 384 1829 catus
426 1783 514 1830 est.
575 1781 668 1829 hoc
705 1781 819 1830 vult
856 1781 1037 1842 dicere,
1079 1781 1210 1843 quod
1248 1796 1402 1843 prope
1442 1782 1691 1829 exanimes
1723 1782 1935 1842 starent3

245 1855 482 1903 videbant
535 1855 666 1903 enim
725 1855 872 1918 inpar
937 1855 1042 1903 fore
1110 1857 1374 1904 certamen.
1472 1855 1668 1903 desiluit
1735 1855 1936 1903 Turnus
2027 1890 2033 1912 „

246 1930 444 1990 biiugi&
469 1929 619 1989 pedes
650 1929 863 1989 adparat
891 1930 963 1977 ire
994 1930 1284 1977 comminus:
1313 1931 1458 1977 tanta
1486 1929 1540 1977 in
1572 1929 1740 1977 Turno
1771 1930 1936 1977 fuerat
2025 1922 2031 1982 ξ

246 2018 356 2065 spes
407 2005 543 2051 certa
592 2003 843 2065 vincendi,
891 2006 951 2052 ut
998 2002 1171 2052 relicto
1222 2019 1369 2052 curru
1420 2005 1470 2051 et
1506 2002 1713 2067 biiugis,
1753 2003 1934 2066 quibus
2011 2005 2029 2049 .'

245 2076 451 2138 fidebat,
505 2076 652 2140 pedes
707 2078 980 2126 comminus
1032 2079 1220 2126 certare
1280 2077 1553 2126 maluisset.
1643 2081 1788 2138 atque
1849 2077 1932 2132 lec,
2012 2072 2029 2136 ξ

143 2155 228 2194 455
245 2151 442 2211 specula
487 2165 596 2199 cwm
632 2151 755 2199 vidit
792 2153 853 2199 ab
893 2151 996 2199 alta
1032 2154 1163 2199 stare
1193 2152 1368 2212 procul
1405 2152 1591 2211 campis
1627 2151 1934 2200 meditantem
2023 2160 2028 2221 ζ

245 2226 298 2273 in
330 2225 522 2286 proelia
560 2228 778 2282 taarwm,
819 2226 1039 2282 advolat,
1079 2226 1199 2274 haut
1237 2226 1340 2274 alia
1391 2229 1460 2274 est
1498 2226 1658 2273 Tarni
1700 2225 1934 2273 venientis
2021 2273 2026 2293 ι

243 2300 428 2360 imago:
465 2299 581 2347 ficta
618 2315 707 2360 per
743 2299 1035 2362 parabolam
1072 2300 1259 2362 species
1298 2315 1388 2362 pro
1427 2300 1650 2362 personis
1690 2301 1740 2347 et
1777 2298 1933 2361 fact03

247 2372 316 2422 sic
369 2374 501 2421 enim
550 2373 747 2422 Turnus
799 2373 1001 2422 desiluit
1048 2373 1254 2437 biiugis,
1305 2373 1550 2436 quomodo
1599 2373 1675 2421 leo
1716 2373 1933 2432 advolat,

246 2463 358 2495 cum
388 2448 442 2495 in
474 2462 648 2510 campo
680 2447 860 2496 viderit
890 2450 1090 2495 taurum
1119 2448 1311 2510 proelia
1333 2447 1677 2495 meditantem:
1709 2447 1933 2494 Turnum

247 2522 488 2583 conparat
535 2521 689 2582 leoni,
739 2520 1021 2569 Pallantem
1069 2524 1240 2583 tauro,
1289 2523 1348 2569 ut
1397 2537 1455 2569 ex
1502 2522 1595 2569 hoc
1642 2521 1746 2580 iam
1791 2537 1930 2582 prae·

245 2596 404 2643 videri
433 2594 593 2658 possit
623 2594 762 2643 cuius
795 2595 1014 2644 dicturus
1039 2597 1106 2645 sit
1127 2596 1411 2658 provenisse
1436 2595 1711 2643 victoriam.
1752 2594 1933 2643 adiecit

366 2742 391 2779 5
422 2750 563 2792 aequo
593 2738 747 2780 animo
778 2736 849 2779 ed.
950 2741 976 2779 8
1007 2737 1206 2793 qratiam
1229 2736 1314 2779 VR
1343 2736 1536 2793 ylariani
1567 2735 1638 2779 ed.
1739 2741 1790 2779 11
1824 2736 1934 2790 ferit

247 2795 331 2838 VR
376 2796 489 2849 feret
533 2811 556 2838 r
598 2795 670 2839 ed.
809 2800 861 2838 15
908 2796 1059 2840 minas
1105 2809 1158 2840 ac
1205 2797 1311 2851 post
1362 2797 1544 2851 sparyis
1595 2794 1810 2851 interpol.
1859 2794 1928 2838 ed.

249 2859 301 2897 17
335 2855 415 2898 hoc
446 2859 511 2899 est
532 2854 616 2898 VR
646 2868 784 2911 quum
816 2854 886 2897 ed.
1006 2859 1061 2898 24
1092 2855 1264 2899 relictis
1295 2853 1366 2897 ed.
1482 2858 1535 2897 27
1569 2855 1620 2898 in
1646 2854 1824 2910 proelia
1847 2853 1929 2896 VR
2016 2886 2018 2893 Α

247 2913 340 2957 ed.:
380 2914 430 2956 in
467 2914 659 2970 interpr.
699 2913 830 2957 deest
868 2914 919 2957 in
961 2913 1156 2957 fortasse
1194 2912 1407 2957 variandi
1446 2926 1599 2956 causa.
1722 2916 1776 2956 29
1820 2913 1930 2957 disi·
2016 2911 2017 2914 ’

248 2973 335 3016 luit
364 2971 418 3016 V.

2017 2787 2021 2804 Ι

2017 2811 2020 2865 ι’
