2050 3226
234 159 345 213 244
706 156 939 202 DONATI
968 156 1249 202 INTERPR.
1274 156 1454 202 VERG.

233 313 347 345 rum
386 299 575 360 custoe,
626 297 859 360 quoniam
911 298 1024 360 ipsa
1061 297 1221 344 fertur
1258 298 1309 345 et
1346 296 1510 346 Diana
1549 313 1668 347 esse.
1745 297 1790 346 si
1827 311 1926 358 qua

234 372 332 420 tais
369 386 604 432 wmqaam
628 387 720 432 pro
758 386 834 419 me
857 374 1002 431 pater
1031 371 1284 431 Hyrtacus
1323 371 1426 419 aris
1465 371 1596 420 dona
1633 371 1767 419 tulit:
1805 370 1926 420 bene

235 445 429 494 addidit
465 462 555 510 pro
593 462 695 508 me,
736 446 971 508 quoniam
1010 445 1204 492 nullum
1243 447 1373 493 esset
1410 461 1468 493 ex
1506 461 1564 494 eo
1601 444 1748 494 istius
1779 446 1925 493 meri-

233 522 365 582 tum,
405 519 448 568 si
484 520 571 568 ille
610 535 711 568 non
748 535 838 582 pro
877 519 980 566 filio
1020 518 1233 568 fecisset.
1294 519 1339 567 si
1370 532 1470 579 qua
1499 520 1604 579 ipse
1633 520 1753 568 meis
1779 533 1927 568 vena-

234 594 362 642 tibus
393 595 513 642 auxi
549 594 839 654 suspendive
870 593 992 641 tholo
1026 596 1114 641 aat
1149 607 1297 641 sacra
1335 593 1402 641 ad
1430 594 1635 655 fastiyia
1663 595 1778 653 fixi.-
1817 609 1926 642 ecce

236 667 430 717 addidit
477 667 628 716 etiam
675 667 913 730 obsequia
960 681 1073 729 sua,
1119 669 1179 715 ut
1225 667 1456 716 ostendat
1493 682 1544 716 se
1585 683 1783 731 quoque
1823 667 1927 716 eius

236 757 339 790 esse
402 743 658 790 cultorem.
755 741 951 790 tholum
1012 741 1182 789 ferunt
1242 756 1346 790 esse
1407 741 1627 790 medium
1693 741 1815 791 tecti
1873 740 1928 788 in

234 815 599 864 rotunditatem
637 815 845 864 collecti.
921 814 1180 879 subiungit
1216 831 1360 878 prece
1399 816 1630 879 conpleta
1667 815 1927 879 petitionis

169 928 173 931 .
235 905 499 939 summam:
545 890 674 938 hanc
719 891 825 938 sine
869 903 945 936 me
989 891 1188 938 turbare
1229 889 1423 950 ylobam
1470 893 1514 938 et
1556 903 1665 951 reye
1709 890 1805 939 tela
1839 904 1930 950 per

235 979 414 1012 auras:
462 979 562 1012 non
607 965 738 1027 petit
781 963 1071 1027 inpossibile
1119 963 1251 1027 quod
1296 963 1547 1026 inpetrare
1597 979 1696 1012 non
1746 967 1928 1027 posset,

234 1038 580 1086 liberationem
628 1038 818 1087 scilicet
867 1053 1011 1086 suam
1060 1039 1110 1086 et
1155 1037 1396 1086 consortis
1444 1037 1675 1099 Euryali,
1733 1038 1820 1086 sed
1871 1040 1930 1085 ut

234 1112 460 1161 turbaret
491 1112 668 1161 saltem
697 1111 918 1160 hostium
951 1112 1406 1176 congregationem,
1445 1113 1503 1159 ut
1533 1114 1707 1175 postea
1737 1112 1929 1160 factum

132 1194 219 1235 410
236 1188 323 1235 est.
401 1187 592 1235 dixerat
637 1189 679 1234 et
723 1190 814 1234 toto
861 1187 1055 1234 conisus
1101 1199 1296 1246 corpore
1340 1188 1529 1246 ferram
1576 1187 1768 1234 conicit:
1819 1187 1928 1235 toto

236 1276 437 1323 corpore
477 1261 695 1322 conisuS‚
743 1262 831 1308 aut
877 1261 996 1323 quia
1040 1261 1193 1323 paulo
1239 1260 1438 1323 longius
1477 1260 1646 1308 stabat
1683 1263 1772 1309 aut
1809 1260 1930 1322 quia

235 1334 470 1383 mittebat
517 1334 693 1383 iratus.
783 1335 927 1383 hasta
979 1334 1152 1383 volans
1199 1335 1354 1382 noctis
1402 1334 1676 1382 diverberat
1727 1335 1929 1382 umbras

237 1412 279 1457 et
326 1410 457 1457 venit
500 1409 696 1457 adversi
744 1409 799 1456 in
844 1412 1029 1469 teryam
1077 1408 1326 1456 Salmonis
1374 1408 1534 1468 ibique
1582 1409 1833 1469 franqitar
1871 1423 1930 1457 ac

235 1484 352 1542 fisso
384 1484 562 1531 transit
581 1482 879 1543 praecordia
911 1483 1064 1543 ligmo:
1101 1497 1388 1544 expressum
1419 1484 1494 1530 est
1523 1482 1605 1531 hic
1635 1482 1929 1531 beneficium

238 1557 357 1605 deae
397 1559 447 1605 et
483 1557 730 1605 humanae
777 1555 1088 1605 fortitudinis
1127 1556 1300 1619 robur3
1345 1557 1544 1605 hastam
1582 1555 1714 1604 enim
1751 1555 1929 1604 Rutuli

239 1630 487 1680 Sulmonis
529 1632 722 1679 scutum
761 1631 945 1693 excipit
981 1630 1149 1693 ibique
1187 1630 1439 1694 frangitur
1482 1646 1582 1678 non
1628 1631 1795 1692 hasta,
1842 1631 1929 1679 sed

237 1707 456 1767 scutum3
497 1705 710 1767 denique
742 1705 970 1767 sequitur
1001 1707 1051 1753 et
1080 1705 1196 1753 fisso
1227 1704 1411 1753 transit
1441 1704 1730 1767 praecordia
1767 1704 1927 1768 ligno:

238 1779 397 1828 diviso
438 1781 577 1828 scuto
618 1781 769 1842 atque
807 1779 1058 1841 perfracto
1089 1779 1272 1827 transit
1301 1779 1448 1827 hasta
1485 1795 1574 1841 per
1610 1779 1748 1827 illius
1787 1795 1927 1840 prae-

239 1853 407 1902 cordia
440 1854 526 1916 qui
556 1853 771 1901 tenebat.
839 1853 1048 1901 volvitur
1077 1853 1158 1901 ille
1187 1867 1382 1901 vomens
1414 1853 1628 1901 calidam
1658 1853 1717 1901 de
1739 1856 1929 1913 pectore

135 1935 221 1976 415
238 1928 419 1986 flamen
464 1927 678 1988 friyidas
725 1930 768 1975 et
813 1927 968 1988 lonyis
1012 1927 1304 1988 sinyaltibas
1342 1927 1433 1975 ilia
1464 1927 1658 1987 pulsat:
1706 1927 1815 1988 ille,
1854 1928 1929 1974 in-

242 2002 374 2064 quit,
421 2001 632 2065 frigidus
680 1999 895 2049 concidit
931 2016 1132 2050 vomens
1180 2000 1437 2064 sanguinis
1477 2001 1694 2049 calidum
1731 2001 1928 2049 flumen.

240 2074 299 2122 de
331 2074 537 2138 frigido,
570 2076 662 2137 ait,
702 2075 1003 2123 fundebatur
1045 2075 1236 2124 calidus
1268 2075 1493 2139 sanguis,
1533 2074 1769 2138 quoniam
1798 2090 1927 2123 rece-

241 2149 385 2197 dente
425 2165 481 2197 eo
521 2148 653 2211 quod
691 2149 744 2196 in
783 2165 986 2211 corpore
1018 2150 1235 2197 calidum
1267 2151 1343 2198 est
1381 2149 1504 2213 quid
1542 2150 1800 2212 supererat
1829 2150 1929 2197 nisi

239 2226 298 2272 ut
342 2222 501 2287 frigus
547 2225 749 2285 repente
795 2223 1109 2271 succederet?
1174 2223 1423 2288 singultus
1470 2239 1586 2272 vero
1634 2223 1926 2287 sanguinem

239 2297 598 2359 sequebantur3
645 2297 917 2360 expirantis
965 2297 1095 2345 enim
1143 2298 1288 2362 signa
1327 2299 1466 2359 sunt,
1506 2313 1619 2346 cum
1656 2297 1732 2345 vis
1770 2297 1930 2346 maior

240 2372 459 2419 animam
507 2371 774 2420 visceribus
831 2371 1061 2420 excludit.
1151 2373 1300 2435 plena
1349 2370 1614 2434 descriptio
1669 2370 1926 2420 morientis

241 2462 298 2493 ex
351 2461 534 2509 magno
587 2445 712 2492 ictu:
775 2461 863 2508 per
916 2446 1138 2510 plagam,
1193 2462 1293 2508 qua
1345 2447 1450 2494 eius
1505 2447 1622 2493 sunt
1673 2445 1928 2507 perforata

239 2518 551 2583 praecordia,
601 2518 851 2580 vomebat,
901 2523 960 2567 ut
1013 2520 1202 2568 dictum
1256 2522 1351 2580 est,
1406 2519 1622 2567 calidum
1671 2518 1926 2582 sanguinis

239 2594 422 2642 flumen
459 2593 566 2656 ipse
603 2592 858 2641 recedente
898 2594 1060 2642 calore
1099 2593 1310 2657 frigidus
1349 2608 1628 2654 remanens,
1677 2593 1925 2656 singultus

240 2667 420 2716 ducens
454 2668 646 2715 animae
676 2667 936 2729 luctantis,
977 2683 1129 2730 quam
1165 2668 1218 2715 in
1251 2669 1492 2716 extremos
1526 2666 1684 2715 exitus
1718 2666 1927 2730 cogebat

361 2799 383 2837 1
431 2794 646 2850 quoniam
666 2818 720 2825 —
743 2807 833 2838 esse
877 2795 1052 2838 temere
1098 2795 1210 2838 mut.
1258 2793 1329 2838 ed.
1389 2793 1394 2851 Ι
1443 2797 1649 2849 perturet
1684 2791 1726 2834 V
1778 2793 1927 2846 fertur

241 2857 282 2896 et
322 2866 405 2895 nos
449 2853 505 2896 cf.
539 2856 639 2895 401.
762 2857 814 2895 11
860 2855 1077 2897 consortis
1107 2853 1148 2896 V
1185 2854 1297 2897 socii
1335 2852 1405 2896 ed.
1530 2855 1583 2894 16
1622 2851 1834 2896 solmom's
1868 2851 1922 2893 V.

240 2916 294 3024 {J
327 2913 427 3015 stacat
452 2913 516 3013 (eg
547 2911 687 2967 infra)
719 2911 790 2955 ed.
906 2917 961 2955 24
993 2913 1190 2957 concidit
1212 2911 1254 2955 V
1286 2911 1447 2966 effudit
1477 2911 1548 2956 ed.
1667 2913 1722 2953 30
1754 2914 1861 2954 sant
1883 2909 1924 2952 V

262 2984 407 3014 aeram
457 2984 481 3014 e
519 3005 527 3014 .

1960 975 2004 1007 10

1960 1343 2002 1376 15

1959 1713 2003 1746 20

1959 2082 2002 2115 25

1958 2451 2002 2484 30
