2050 3226
779 179 1083 225 Amisos
1114 180 1178 224 1x
1718 183 1825 237 279

134 322 306 370 vertice
343 321 518 370 cristae
547 320 846 381 sanquineae
877 320 1117 381 clipeoque
1153 320 1389 369 micantia
1418 319 1634 380 fulmina
1662 322 1827 369 mittit:

134 394 431 458 [aynoscunt
467 395 646 455 faciem
681 394 896 443 invisam
933 397 1076 455 atque
1111 395 1340 443 inmania
1383 395 1601 443 membra
1647 396 1829 443 turbati
1846 405 1930 445 735

134 470 291 519 subito
343 466 636 530 Aeneadae]
644 485 660 516 .·
712 470 857 517 tanta
909 469 1010 518 fuit
1055 467 1189 517 inter
1237 469 1423 517 ceteros
1474 467 1827 517 dissimilitudo

135 542 314 605 Turni,
366 544 425 591 ut
476 542 622 590 illum
677 542 840 591 forma
894 543 1112 606 corporis
1168 545 1220 591 et
1273 557 1527 590 armorum
1581 542 1827 604 qualitate

83 627 104 662 s
136 617 298 680 quivis
347 619 516 680 posset
570 631 848 681 agnoscere.
937 617 1149 680 denique
1202 618 1513 680 agnoverunt
1565 615 1829 665 Aeneadae

134 691 312 740 faciem
362 691 561 753 qualem
609 706 881 753 numquam
931 691 1163 741 viderant
1210 693 1261 739 et
1308 690 1427 739 licet
1474 690 1667 739 turbati
1716 691 1828 754 quis

134 768 264 815 esset
300 765 664 814 intellexerunt.
726 768 828 813 twm
857 765 1127 814 Pandarus
1163 765 1334 826 inyens
1373 765 1545 813 emicat
1582 768 1625 813 et
1661 765 1830 813 mortis

133 842 384 900 fraternae
435 839 658 899 fervidus
709 839 789 888 ira
845 840 1045 899 effatur:
1097 839 1336 903 resipiens
1386 838 1648 888 Pandarus
1701 838 1831 888 vidit

135 930 281 976 quem
327 915 442 962 ante
487 913 783 976 nequiverat
827 929 1027 963 noscere
1077 916 1149 975 et,
1199 915 1252 961 in
1301 913 1377 961 ira
1426 912 1610 976 perditi
1657 913 1829 961 fratris

61 999 104 1032 ιο
133 989 342 1052 posituS,
373 988 655 1052 gratulatus
686 988 878 1036 hostem
913 987 1138 1036 oblatum
1169 988 1234 1036 ad
1263 1002 1475 1050 poenam
1506 987 1576 1036 sic
1605 987 1832 1036 instituit

134 1063 296 1125 loquiz
343 1077 443 1110 non
487 1062 605 1110 haec
651 1062 828 1110 dotalis
872 1063 1009 1123 reyia
1046 1060 1259 1110 Amatae
1310 1075 1398 1110 nec
1449 1062 1606 1110 muris
1653 1062 1832 1110 cohibet

125 1137 310 1197 patriis
347 1136 510 1184 media
547 1134 719 1185 Ardea
758 1137 997 1185 Turnum.
1066 1137 1159 1198 sic,
1196 1135 1384 1198 inquit,
1422 1136 1579 1184 fretus
1620 1135 1831 1184 audacia

135 1210 385 1272 consistiS,
434 1211 579 1273 quasi
623 1213 674 1258 te
720 1210 934 1259 Amatae
979 1211 1119 1275 reg-ia
1163 1210 1347 1258 habeat
1385 1203 1695 1276 (ioculariter
1738 1211 1831 1259 hoc

135 1284 283 1346 dixit,
323 1286 560 1347 quoniam
590 1284 773 1333 Amata
801 1284 945 1332 illum
976 1284 1404 1334 vehementissime
1443 1278 1708 1350 diligebat)
1742 1286 1832 1333 aut

62 1369 104 1403 ιε
134 1361 306 1408 teneat
344 1359 520 1408 civitas
551 1359 735 1421 patriS,
773 1360 827 1407 in
859 1374 962 1421 qua
1000 1360 1188 1408 otiosus
1222 1373 1326 1407 esse
1367 1358 1636 1407 consuesti:
1676 1359 1831 1407 nolim

135 1449 265 1482 erres
303 1432 528 1482 ulterius.
605 1436 768 1481 castra
804 1434 1008 1481 inimica
1044 1433 1200 1489 vides,
1247 1432 1387 1480 nulla
1432 1433 1544 1480 hinc
1583 1433 1712 1480 exire
1741 1446 1831 1492 po-

134 1511 304 1556 testas:
351 1510 524 1556 tenent
567 1508 618 1555 te
666 1506 920 1556 obsessum
966 1509 1130 1556 castra
1178 1523 1306 1569 quae
1351 1507 1583 1555 inimicus
1628 1506 1832 1555 intrasti

133 1597 223 1630 nee
269 1582 486 1643 aliquem
530 1581 627 1629 tibi
672 1582 862 1630 exitum
905 1580 1146 1630 tribuunt.
1224 1582 1308 1629 olli
1356 1581 1615 1629 subridens
1666 1581 1830 1629 sedato
1850 1590 1934 1629 740

124 1660 317 1716 pectore
357 1657 581 1704 Turnus:
626 1654 847 1704 diversos
895 1657 1175 1705 animorum
1220 1657 1386 1704 motus
1427 1656 1639 1720 singulis
1680 1654 1829 1703 dedit.

60 1740 104 1774 so
134 1729 422 1779 Pandarum
460 1729 586 1778 dixit
624 1729 834 1779 sublatis
874 1729 1076 1791 animiS,
1117 1729 1248 1793 quod
1288 1731 1512 1777 Turnum
1549 1731 1741 1778 teneret
1777 1729 1831 1776 in

135 1807 307 1867 saepto
339 1806 628 1866 castrorum,
653 1807 716 1866 et,
742 1803 874 1866 quod
909 1807 1038 1853 esset
1060 1804 1231 1853 fratris
1264 1804 1531 1853 amissione
1563 1804 1830 1865 confectuS‚

136 1878 273 1927 dedit
319 1879 365 1926 ei
411 1878 677 1942 superbum
725 1894 923 1942 quoque
970 1894 1266 1940 sermonem,
1316 1878 1483 1927 Turno
1533 1878 1832 1941 patientiam

134 1952 337 2014 tribuit,
383 1952 594 2015 denique
635 1954 740 2001 sine
778 1955 972 2001 tumore
1009 1954 1190 2001 mentis
1228 1952 1519 2002 huiusmodi
1557 1967 1831 2001 sermonem
1878 1989 1882 1992 -

134 2026 374 2075 reddidit:
423 2027 602 2086 incipe,
642 2027 688 2075 si
726 2041 823 2087 qua
862 2029 1026 2076 animo
1065 2028 1242 2084 virtuS,
1284 2030 1327 2075 et
1365 2041 1557 2075 consere
1595 2027 1829 2082 dextram,

61 2109 105 2143 2⁵
135 2102 212 2149 hic
250 2102 395 2148 etiam
439 2102 688 2148 inventwm
725 2101 927 2150 Priamo
973 2102 1207 2150 narrabis
1245 2099 1507 2149 Achillem:
1553 2100 1612 2149 de
1649 2099 1832 2148 fiducia

136 2174 449 2224 fortitudinis
488 2174 736 2223 urbanum
776 2177 943 2238 potius
978 2191 1131 2238 quam
1169 2175 1584 2224 contumeliosum
1614 2174 1833 2222 reddidit

135 2250 189 2297 in
234 2248 575 2311 respondendo
615 2264 910 2311 sermonem,
941 2250 1130 2298 iocatus
1174 2249 1328 2298 etiam
1369 2251 1476 2312 ipse
1519 2249 1579 2297 de
1621 2248 1831 2296 nomini-

135 2323 251 2384 bus,
282 2327 339 2372 ut
368 2323 630 2372 Pandarus
666 2323 805 2385 fecit,
844 2324 907 2385 si,
945 2323 1132 2386 inquit,
1173 2324 1492 2386 aliquatenus
1524 2326 1615 2372 tua
1646 2324 1830 2372 virtute

257 2469 281 2508 2
329 2469 583 2522 aynoscwnt
606 2490 662 2495 —
696 2468 722 2507 3
758 2464 1004 2509 Aeneadae
1058 2465 1189 2509 deest
1234 2465 1284 2508 in
1322 2464 1378 2519 V,
1427 2464 1508 2508 sed
1555 2463 1829 2520 explicatur.

139 2529 165 2568 6
204 2524 386 2578 facilem
412 2523 455 2567 V
484 2525 622 2579 facile
660 2523 732 2568 ed.
771 2523 936 2578 faciem
970 2538 1054 2568 nos
1087 2525 1144 2568 cf.
1172 2529 1242 2579 12,
1260 2528 1336 2568 36:
1369 2524 1486 2568 Don.
1519 2526 1714 2568 invisam
1746 2536 1830 2578 pro

137 2597 231 2627 non
267 2583 414 2626 visam
454 2583 642 2638 accipit.
766 2586 790 2626 7
829 2583 1000 2627 lemma
1031 2598 1059 2626 a
1089 2589 1186 2628 tum
1215 2583 1384 2639 incipit
1407 2583 1449 2626 V
1480 2584 1654 2627 turbati
1683 2583 1831 2626 subito

138 2643 382 2687 Aeneadae
426 2641 642 2698 praefixit
684 2642 756 2686 ed.
885 2646 911 2685 8
954 2644 1174 2699 resipiens
1203 2642 1245 2687 V
1281 2643 1374 2687 ed.:
1418 2643 1575 2698 potest
1615 2641 1704 2684 hoc
1746 2654 1830 2696 pro

137 2703 402 2758 resipiscens
460 2702 671 2757 posuisse
731 2703 786 2745 ut
845 2706 1128 2747 contremunt
1186 2716 1271 2758 pro
1329 2703 1677 2746 contremiscunt
1730 2704 1830 2754 715,

139 2773 424 2816 quamquam
463 2761 674 2817 exemplo
715 2773 872 2804 carere
908 2761 1107 2805 videtur.
1239 2765 1292 2804 10
1332 2762 1510 2805 oblatus
1536 2759 1578 2802 V
1614 2773 1727 2803 corr.
1757 2759 1830 2804 ed.

142 2823 195 2863 13
235 2821 368 2876 quasi
397 2819 440 2863 V
474 2834 529 2864 ac
563 2822 604 2864 si
643 2820 714 2864 ed.
847 2824 901 2863 14
944 2824 1027 2864 aut
1067 2825 1214 2865 teneat
1243 2819 1285 2863 V
1324 2820 1458 2876 quasi
1497 2820 1649 2875 inquit
1688 2818 1831 2863 inter-

139 2891 236 2934 POS.
271 2878 342 2922 ed.
466 2883 520 2923 15
552 2879 694 2924 nolim
724 2892 843 2924 erres
866 2877 908 2921 V
937 2880 1036 2924 noli
1065 2893 1134 2924 me
1163 2893 1234 2924 res
1269 2879 1357 2922 edI
1396 2891 1476 2922 nec
1505 2879 1681 2922 timeres
1711 2877 1828 2922 edF.

141 2941 197 2980 20
250 2938 428 2983 sublato
473 2939 629 2983 animo
675 2938 746 2982 ed.
891 2942 946 2982 21
991 2938 1110 2994 quod
1151 2937 1193 2981 V
1236 2938 1309 2984 ed.
1352 2938 1558 2994 quamvis
1600 2939 1828 2993 expectes.

142 3000 198 3040 23
228 2998 457 3042 mentis—
483 3001 540 3040 24
570 2997 775 3042 reddidit
803 2998 979 3041 temere
1010 2999 1124 3041 mut.
1157 2997 1229 3042 ed.
