2050 3226
251 197 360 250 482
725 195 956 240 DONATI
986 196 1267 240 INTERPR.
1293 196 1471 241 VERG.

253 334 385 397 quod
429 334 553 383 mihi
599 335 791 384 adferre
841 336 1000 398 possit
1046 336 1191 383 decus
1240 338 1289 384 et
1334 336 1558 400 gloriam.
1635 338 1712 385 ibo
1763 338 1943 386 animis

251 412 442 458 contra:
470 409 553 457 ibo
584 410 745 474 magis
778 410 952 458 obvius
984 425 1074 457 nec
1098 409 1388 472 expectabo,
1421 410 1538 458 dum
1560 411 1750 473 veniat,
1782 413 1942 459 osten-

251 483 366 531 dam
406 484 593 532 cunctis
625 485 789 532 totum
818 498 962 545 posse
1002 482 1089 545 qui
1119 484 1280 545 plenis
1313 485 1491 533 animis
1522 485 1804 549 peragenda
1840 501 1942 534 sus-

252 557 451 620 ceperit.
525 558 600 605 vel
643 572 878 618 maqnwm
914 560 1132 617 praestet
1175 555 1413 606 Achillem
1456 559 1681 618 factaque
1737 559 1945 607 Vulcani

148 642 234 682 440
249 633 481 680 manibus
512 632 666 691 paria
710 631 888 678 induat
931 646 1075 679 arma
1112 631 1194 679 ille
1233 631 1361 681 licet:
1413 632 1530 681 licet
1574 633 1658 680 ille
1699 633 1944 681 Achillem
1999 649 2016 681 5
2047 637 2050 686 ῑ

250 705 435 754 virtute
483 706 792 767 praeveniat,
843 704 960 752 licet
1005 705 1090 753 ille
1129 705 1344 754 Vulcani
1389 705 1530 755 donis
1577 709 1818 768 armetur,
1862 707 1944 754 ibo

170 820 174 822 .
250 782 423 828 contra
453 781 811 842 provocaturus
836 793 1038 842 segnem
1069 795 1222 841 quam
1254 782 1597 842 expectaturus
1628 782 1785 830 hostis
1817 780 1946 829 arbi-

250 854 414 902 trium.
469 855 613 915 paria
646 868 785 900 arma
814 853 1000 916 inquit,
1035 853 1155 916 quia
1187 855 1236 902 et
1264 853 1371 916 ipse
1401 854 1579 903 habuit
1609 855 1779 919 aliqua
1818 871 1944 916 quae

253 927 504 976 Vulcanus
551 927 791 975 effecerat.
867 928 1002 975 vobis
1041 928 1261 976 animam
1305 928 1431 976 hanc
1475 943 1725 990 soceroque
1762 929 1945 977 Latino

254 1002 453 1049 Turnus
500 1016 602 1062 eqo,
653 1001 774 1049 haut
817 1001 909 1048 ulli
956 1005 1168 1049 veterum
1217 1003 1391 1050 virtute
1439 1003 1700 1059 secundus,
1756 1004 1947 1051 devovi:
1978 1021 2021 1052 ιο

252 1075 472 1138 qualitas
524 1075 626 1123 ista
677 1075 944 1124 verborum
995 1076 1368 1125 miserationem
1420 1077 1586 1139 potius
1634 1077 1948 1141 significabat

253 1165 404 1212 quam
441 1150 715 1213 pugnaturi
751 1148 1063 1197 monstrabat
1102 1149 1377 1198 audaciam.
1432 1167 1546 1215 ego,
1583 1151 1767 1213 inquit,
1805 1151 1946 1199 vobis

251 1226 302 1272 et
333 1239 499 1272 socero
532 1223 710 1272 devovi
746 1224 964 1271 animam
993 1240 1178 1285 meam,
1215 1224 1333 1273 licet
1364 1226 1714 1287 conparatione
1746 1224 1947 1274 virtutis

253 1299 496 1346 secundus
535 1297 784 1346 veteribus
824 1313 924 1345 non
963 1299 1069 1346 sim.
1123 1298 1282 1347 ratius
1323 1314 1373 1346 se
1405 1299 1655 1348 veteribus
1688 1300 1948 1362 aequalem

251 1373 391 1433 fecit,
440 1388 592 1434 quam
638 1372 679 1421 si
723 1387 835 1419 cum
874 1371 1170 1436 adrogantia
1209 1372 1395 1421 diceret
1440 1389 1490 1422 se
1530 1389 1634 1422 esse
1678 1374 1947 1421 meliorem.
1980 1389 2021 1422 15

251 1447 409 1494 solvan
430 1445 625 1494 Aeneas
655 1449 816 1494 vocat:
846 1445 994 1494 verba
1017 1447 1200 1508 repetit
1224 1447 1455 1508 DranciS‚
1488 1449 1605 1510 quia
1638 1463 1790 1511 supra
1821 1447 1948 1495 dixit

253 1520 435 1582 „illum
480 1520 644 1583 aspice
691 1522 864 1568 contra
910 1519 999 1582 qui
1043 1536 1167 1569 voca
1199 1518 1241 1582 “3
1287 1522 1544 1583 respondit
1588 1521 1695 1584 ipse
1741 1525 1784 1569 et
1820 1525 1950 1569 vocet

253 1609 360 1643 oro:
413 1597 554 1657 opto,
603 1595 790 1656 inquit,
839 1596 889 1642 et
936 1610 1058 1658 rogo
1109 1596 1167 1643 ut
1206 1594 1396 1643 Aeneas
1446 1611 1524 1643 me
1573 1598 1716 1643 vocet
1765 1596 1947 1656 solum3

253 1670 464 1732 utraque
504 1669 636 1716 enim
674 1668 897 1716 condicio
929 1684 1019 1731 pro
1059 1684 1136 1716 me
1168 1670 1250 1717 est.
1317 1668 1371 1716 si
1408 1668 1595 1730 vicero,
1635 1670 1730 1717 erit
1760 1668 1948 1732 gloriae

253 1759 413 1804 meae,
465 1743 540 1791 sin
580 1743 709 1791 alius
749 1742 1031 1791 certaminis
1072 1742 1230 1792 exitus
1270 1742 1441 1803 fuerit,
1493 1745 1728 1805 sequetur
1763 1759 1947 1791 memo·
1978 1759 2022 1790 20

253 1817 380 1865 riam
429 1833 590 1864 meam
642 1817 817 1880 ingens
872 1817 1027 1878 fama,
1082 1817 1214 1878 quod
1264 1816 1567 1865 cessantibus
1621 1817 1761 1866 vobis
1813 1818 1947 1866 solus

257 1893 444 1939 certare
500 1891 745 1940 contendi.
821 1905 907 1938 nec
951 1891 1176 1939 Drances
1212 1892 1399 1950 potiuS,
1450 1892 1550 1938 sive
1597 1895 1665 1939 est
1708 1892 1825 1939 haec
1869 1892 1948 1939 ira

256 1965 474 2022 deorum,
513 1969 662 2012 morte
701 1965 824 2021 luat,
864 1965 964 2012 sive
1003 1969 1072 2012 est
1107 1966 1263 2017 virtus
1303 1968 1345 2012 et
1377 1965 1558 2026 qlorz'a,
1599 1966 1755 2013 tollat:
1792 1982 1948 2012 unum

256 2041 455 2087 tantum
493 2055 592 2086 non
633 2039 766 2086 dicat
796 2038 1038 2100 Drances,
1078 2039 1199 2101 quia
1235 2038 1393 2102 ipsius
1434 2054 1585 2087 causa
1625 2041 1713 2088 aut
1744 2038 1949 2087 occubui

258 2116 346 2161 aut
383 2113 503 2173 vici,
546 2129 667 2161 neve
707 2129 764 2160 ex
803 2112 1022 2161 adversis
1062 2112 1184 2161 meis
1224 2113 1440 2177 gaudeat
1479 2115 1567 2161 aut
1605 2129 1663 2161 ex
1700 2113 1947 2176 prosperis
1979 2126 2021 2159 25

258 2186 479 2249 aliquam
518 2186 612 2234 sibi
649 2186 866 2234 vindicet
902 2189 1118 2249 partem,
1158 2187 1347 2236 scilicet
1384 2203 1445 2235 ne
1485 2187 1641 2235 dicat:
1687 2203 1777 2251 ego
1815 2188 1947 2234 hunc

256 2261 310 2308 in
346 2260 619 2323 periculum
649 2260 762 2307 misi
801 2262 891 2308 aut
920 2261 1121 2323 inpulsu
1158 2277 1268 2310 meo
1300 2261 1491 2309 factum
1529 2263 1604 2310 est
1640 2264 1697 2310 ut
1736 2263 1949 2309 certaret

259 2337 310 2383 et
346 2334 577 2383 vinceret.

157 2416 241 2456 445
375 2409 465 2456 Illi
507 2408 624 2455 hacc
668 2408 793 2454 inter
838 2422 887 2455 se
937 2409 1099 2456 dubiis
1145 2409 1202 2456 de
1246 2410 1390 2457 rebus
1440 2410 1646 2469 aqebant
1693 2411 1948 2456 certantes:

259 2486 421 2531 castra
443 2480 638 2529 Aeneas
669 2482 910 2540 aciemque
939 2484 1178 2530 movebat:
1207 2483 1522 2546 reprehensio
1555 2484 1630 2531 est
1656 2476 1948 2530 Latinorum
1979 2495 2021 2527 30

260 2558 309 2604 et
346 2556 540 2604 Aeneae
580 2555 796 2602 maxima
835 2556 1155 2617 praedicatio.
1229 2559 1450 2619 tempore
1489 2557 1620 2604 enim
1660 2571 1758 2617 quo
1799 2556 1948 2604 dubia

381 2716 404 2754 7
434 2716 761 2767 provocaturus
783 2710 826 2753 V
851 2724 924 2766 pr.
952 2712 1107 2766 potius
1139 2712 1209 2754 ed.
1325 2716 1349 2755 9
1382 2712 1583 2766 efficerat
1605 2710 1647 2753 V
1675 2711 1843 2765 fecerat
1875 2711 1944 2754 ed.

263 2776 315 2814 12
357 2771 636 2815 monstrabat
673 2784 760 2813 om.
799 2769 868 2812 ed.
993 2775 1047 2813 14
1086 2772 1171 2814 sim
1208 2772 1357 2815 ratius
1389 2770 1429 2814 V
1468 2771 1570 2827 (sim
1599 2771 1763 2814 rectius
1794 2769 1852 2824 H)
1886 2771 1946 2814 si-

261 2831 410 2874 milem
446 2844 527 2874 nec
566 2830 636 2873 ed.
767 2832 820 2871 15
854 2842 990 2884 quam
1020 2830 1060 2872 si
1083 2828 1125 2871 V
1157 2831 1290 2885 quasi
1319 2830 1390 2874 ed.
1438 2828 1443 2887 Ι
1493 2842 1583 2873 esse
1606 2828 1648 2871 V
1679 2842 1723 2872 se
1753 2842 1843 2872 esse
1875 2829 1944 2872 ed.

261 2894 382 2932 sese?
507 2893 558 2931 16
599 2889 788 2932 drances
814 2887 855 2931 V
888 2888 1106 2931 Drancae
1138 2889 1207 2932 ed.
1333 2893 1386 2932 17
1418 2887 1631 2944 respondi
1654 2887 1695 2930 V
1726 2901 1839 2930 corr.
1874 2887 1945 2930 ed.

263 2953 319 2990 20
359 2949 561 3003 sequitur
591 2947 633 2989 V
668 2961 781 2990 corr.
819 2947 889 2990 ed.
1023 2951 1077 2989 22
1121 2948 1229 2990 haec
1270 2952 1335 2991 est
1376 2947 1446 2991 ed.
1579 2950 1634 2989 23
1677 2947 1822 2991 victus
1862 2961 1945 3002 pro

262 3007 407 3050 virtus
430 3006 483 3050 V.
607 3010 659 3049 31
689 3006 974 3062 praedicatio
997 3004 1038 3048 V
1070 3006 1260 3050 laudum
1283 3020 1357 3062 pr.
1390 3006 1461 3050 ed.
