2050 3226
229 167 338 221 286
701 163 934 210 DONATI
964 163 1245 209 INTERPR.
1270 163 1450 209 VERG.

227 304 415 367 potuit,
461 307 519 353 ut
565 304 771 353 Iunonis
812 319 1009 367 quoque
1047 319 1138 366 pro
1178 304 1346 352 Turno
1387 303 1574 353 auxilia
1612 305 1918 354 defecissent.

228 394 337 428 ecce
375 378 455 427 hic
493 381 607 442 post
651 379 920 427 maximam
959 377 1160 425 laudem
1205 377 1504 441 deprimitur
1541 379 1760 442 Turnus;
1809 381 1921 428 vult

228 453 359 501 enim
396 469 496 502 non
528 453 684 501 Turni
721 452 874 501 fuisse
905 452 1040 514 quod
1077 452 1265 514 potuit,
1304 451 1390 501 sed
1421 453 1526 501 eius
1560 468 1687 516 quae
1718 453 1921 502 favebat

226 527 420 590 inbelli3
475 527 687 590 denique
736 526 824 574 ubi
873 525 1038 574 deficit
1085 525 1212 573 Iuno
1261 526 1332 574 ibi
1386 526 1551 575 deficit
1605 529 1655 575 et
1707 527 1917 577 Turnus.

228 602 416 650 aeriam
469 601 598 650 caelo
651 615 770 649 nam
819 600 1044 660 Iuppiter
1088 600 1216 647 Irini
1262 600 1455 649 demisit
1493 615 1758 662 yerinanae
1801 602 1922 650 haut
1954 600 1993 652 ⁷5

124 687 210 728 805
225 675 394 724 mollia
430 675 571 724 iussa
606 675 857 734 ferentem,
898 674 952 721 ni
992 674 1194 722 Turnus
1232 674 1368 723 cedat
1407 675 1705 723 Teucrorum
1740 676 1920 724 moeni-

228 751 317 798 bus
371 749 509 798 altis:
562 748 718 809 misit,
770 747 961 811 inquit,
1013 747 1241 810 Iuppiter
1291 748 1356 797 ad
1406 747 1648 797 Iunonem
1701 764 1919 798 sororem

226 838 368 873 suam
415 823 504 871 sub
543 822 895 871 terrificatione
936 822 1203 871 durissima
1241 824 1412 885 atque,
1459 825 1516 872 ut
1553 823 1674 871 haec
1711 824 1920 886 perferri

149 956 153 959 Ι
228 898 362 946 ocius
403 900 452 945 et
489 897 687 946 facilius
728 898 951 959 possent,
989 896 1114 944 Irim
1145 895 1415 945 destinavit
1451 896 1749 946 instructam
1779 913 1917 946 man-

227 971 356 1020 datis
409 971 535 1019 haut
586 970 819 1019 mollibus
874 964 1095 1035 graviter
1149 985 1199 1018 se
1255 970 1553 1020 commoveri
1605 987 1747 1034 posse
1803 974 1918 1020 ante
1949 987 1994 1022 ιο

226 1045 547 1104 denuntians,
587 1045 630 1093 si
661 1045 857 1093 Turnus
898 1060 947 1093 se
986 1060 1084 1092 non
1118 1044 1442 1093 abstinuisset
1473 1045 1648 1094 castris
1680 1045 1917 1095 Troiano·

224 1136 350 1169 rum.
420 1133 529 1181 erqo
568 1133 655 1167 nec
693 1119 842 1180 clipeo
879 1119 1071 1167 iuvenis
1109 1119 1368 1167 subsistere
1406 1122 1596 1167 tantum
1625 1133 1711 1168 nec
1749 1119 1919 1168 dextra

224 1194 374 1242 valet:
421 1193 765 1242 insistentibus
805 1192 1006 1242 Teucris
1047 1194 1097 1241 et
1134 1193 1324 1241 Iunone
1371 1195 1593 1242 cessante
1631 1209 1721 1242 nec
1760 1193 1917 1257 clipeo

223 1268 378 1316 tantis
410 1268 526 1316 telis
559 1267 762 1316 valebat
793 1283 1048 1316 occurrere
1078 1283 1169 1316 nec
1200 1268 1401 1316 dextera
1431 1283 1670 1331 pugnare.
1731 1268 1918 1317 iniectis

224 1343 295 1390 sic
331 1342 544 1402 undique
582 1342 687 1390 ielis
725 1343 969 1390 obruitur:
1006 1343 1151 1390 tanta
1189 1343 1266 1390 vis
1304 1342 1518 1390 telorum
1554 1341 1829 1390 iaciebatur
1865 1342 1918 1390 in
1950 1357 1992 1391 ιο

225 1416 470 1478 Turnum,
509 1418 567 1464 ut
603 1416 748 1463 illum
780 1416 1042 1464 obruerent
1079 1415 1248 1478 potius
1282 1432 1434 1478 quam
1471 1417 1691 1464 ferirent.
1751 1417 1920 1476 strepit

226 1491 432 1539 adsiduo
480 1505 603 1539 cava
648 1493 863 1550 tempora
910 1491 1091 1538 circuni
1137 1491 1316 1538 tinnitu
1358 1491 1526 1551 yalea:
1573 1490 1756 1539 circum
1795 1506 1918 1539 cava

223 1567 450 1628 tempora
499 1581 599 1614 non
647 1565 885 1625 hominis,
939 1563 1023 1613 sed
1078 1564 1251 1628 galeae
1302 1580 1428 1626 quae
1483 1564 1638 1612 Turni
1690 1566 1917 1627 tempora

225 1639 531 1702 contegebat.
610 1638 862 1700 strepebat
907 1638 1066 1702 igitur
1114 1641 1163 1687 et
1209 1638 1447 1686 tinnitum
1495 1638 1647 1687 dabat
1683 1653 1918 1701 percussa

223 1713 401 1761 ictibus
443 1713 639 1762 crebris
702 1716 744 1760 et
772 1713 910 1761 saxis
939 1712 1098 1761 solida
1129 1726 1248 1760 aera
1277 1713 1535 1772 fatiscunt:
1574 1728 1655 1761 aes
1688 1711 1915 1775 quamvis
1948 1727 1992 1761 so

224 1786 458 1848 solidum,
507 1803 606 1850 quo
645 1787 862 1836 formata
900 1786 1064 1834 fuerat
1110 1787 1277 1851 galea,
1325 1786 1462 1835 duris
1508 1786 1711 1847 ictibuS‚
1755 1787 1915 1836 multo

225 1861 439 1923 amplius
489 1863 619 1910 saxis
666 1862 883 1910 evictum
922 1862 972 1908 in
1013 1861 1164 1909 rimas
1204 1861 1362 1924 pluris
1401 1862 1453 1909 vi
1490 1862 1677 1910 maiore
1717 1876 1915 1910 conver-

120 1946 206 1987 810
224 1950 334 1984 sum
373 1937 460 1983 est.
530 1935 869 1995 discussaeque
906 1935 1050 1983 iubae
1082 1936 1252 1996 capiti:
1291 1935 1554 1984 cristarum
1585 1950 1782 1998 quoque
1815 1950 1915 1983 om-

222 2009 299 2057 nis
339 2011 543 2057 ornatus
585 2013 635 2058 et
670 2009 789 2058 iuba
828 2008 982 2072 capiti
1021 2010 1126 2058 eius
1166 2024 1371 2058 excussa
1410 2011 1540 2058 sunt.
1609 2023 1696 2058 nec
1732 2009 1919 2069 sufficit

222 2084 369 2132 umbo
422 2084 619 2132 ictibus:
682 2084 879 2145 quando
935 2084 1068 2131 enim
1120 2100 1276 2131 unum
1329 2085 1525 2132 scutum
1583 2084 1661 2131 tot
1713 2081 1914 2132 milibus
1947 2096 1991 2130 25

222 2157 435 2205 telorum
482 2157 616 2204 omni
662 2173 719 2205 ex
764 2159 906 2220 parte
953 2157 1257 2206 venientium
1294 2157 1493 2207 valebat
1539 2172 1789 2206 occurrere
1828 2159 1916 2205 aut

222 2234 420 2280 tantum
457 2231 688 2293 ponderis
729 2230 1002 2280 sustinere?
1073 2232 1377 2293 inyeminant
1412 2231 1566 2280 hastis
1604 2234 1648 2279 et
1686 2231 1835 2279 Troes
1874 2234 1917 2279 et
1959 2241 1962 2244 ’

221 2306 325 2365 ipse
376 2305 643 2365 fulmineus
688 2306 996 2354 Mnestheus:
1049 2321 1243 2354 necesse
1298 2307 1429 2353 enim
1482 2306 1646 2353 fuerat
1698 2307 1757 2352 ut
1803 2320 1913 2352 cum

223 2379 451 2428 omnibus
474 2379 659 2428 faceret
690 2379 824 2442 quod
848 2380 1052 2428 hortatu
1075 2395 1165 2428 suo
1189 2379 1392 2428 videbat
1422 2380 1675 2428 universos
1708 2378 1912 2427 efficere.

221 2453 327 2516 ipse
367 2454 554 2516 quippe
587 2453 711 2502 alios
752 2453 914 2517 segnis
949 2456 997 2502 et
1029 2453 1203 2502 debilis
1236 2453 1401 2502 reddit
1431 2454 1518 2516 qui
1549 2452 1683 2515 quod
1713 2453 1915 2501 iusserit
1945 2466 1988 2499 30

223 2529 583 2576 communicare
643 2543 741 2576 non
803 2530 944 2575 curat
1015 2530 1064 2575 et
1125 2527 1465 2577 laborantibus
1528 2526 1740 2594 cunetis
1778 2527 1912 2575 solus

223 2605 382 2650 cessat
431 2601 632 2650 otiosus.
720 2601 985 2650 insistebat
1033 2601 1188 2666 igitur
1238 2601 1389 2651 etiam
1437 2602 1563 2664 ipse,
1613 2603 1671 2649 ut
1716 2601 1911 2649 Turnus

341 2806 366 2845 3
399 2803 580 2858 eiusque
603 2800 645 2844 V
669 2815 782 2845 corr.
809 2801 880 2845 ed.
980 2806 1007 2845 4
1039 2802 1198 2848 inbelli
1220 2801 1262 2846 V
1298 2803 1453 2847 Turno
1485 2801 1556 2845 ed.
1656 2804 1683 2845 8
1707 2801 1912 2857 proferri

222 2861 292 2904 ed.
417 2864 471 2904 10
504 2860 600 2905 aud
622 2860 664 2904 V
694 2861 724 2904 h
755 2859 862 2904 add.
892 2873 1013 2904 man.
1039 2861 1094 2904 ΙΙ.
1219 2866 1271 2905 11
1304 2874 1350 2906 se
1381 2874 1468 2905 om.
1502 2860 1573 2904 ed.
1622 2859 1627 2918 Ι
1677 2861 1839 2905 castris
1869 2859 1911 2902 V

222 2934 252 2963 a
283 2933 318 2964 c.
352 2919 423 2963 ed.
555 2925 608 2964 15
652 2920 924 2975 secwndique
962 2933 1045 2975 pro
1085 2921 1151 2965 sic
1187 2920 1390 2976 undique
1423 2919 1478 2964 V.
1609 2923 1662 2962 17
1701 2932 1820 2976 yava
1854 2918 1909 2962 V.

222 2983 277 3021 22
310 2992 570 3024 conversum·
594 2978 635 3022 V
665 2992 841 3024 versum
873 2978 944 3022 ed.
1066 2983 1121 3023 25
1153 2980 1337 3036 quando
1359 2978 1402 3022 V
1433 2978 1650 3036 quomodo
1682 2977 1753 3022 ed.
