2050 3226
850 148 1154 194 Annnmos
1184 147 1271 193 xn
1800 152 1908 207 587

215 290 400 353 rapuit,
429 303 546 352 pars
569 288 840 338 missilibus
861 288 977 338 telis
998 304 1175 338 manus
1200 289 1418 338 armavit
1438 289 1624 339 vadens
1647 290 1700 338 in
1723 291 1912 340 bellum

216 366 322 413 sine
357 366 586 427 respectu
625 364 925 412 discriminis
963 365 1057 412 sui.
1111 377 1230 424 quos
1267 364 1469 425 aymina
1511 367 1678 412 contra
1710 380 1913 425 procur·
1928 375 2016 416 280

214 442 334 487 runt
367 438 698 494 Laurentum,
744 439 857 486 hinc
894 438 1035 486 densi
1077 452 1254 486 rursus
1290 438 1540 486 inundant
1577 438 1726 486 Troes
1763 437 1914 500 Ayyl-

216 514 398 573 linique
435 515 479 559 et
497 513 648 572 pictis
678 510 900 561 Arcades
938 511 1117 560 armis:
1152 513 1224 560 sic
1257 513 1414 560 omnis
1445 526 1584 560 amor
1612 527 1744 560 wnus
1773 513 1915 561 habet

215 587 466 635 decernere
486 588 643 646 ferro:
673 587 864 635 factum
886 589 963 635 est
988 603 1079 650 per
1099 586 1362 635 Iuturnam
1392 585 1526 649 quod
1549 587 1675 634 Iuno
1706 587 1912 635 manda-

214 661 310 723 vit3
346 677 465 710 nam
505 662 555 708 et
591 661 779 708 bellum
817 661 1087 709 conflatum
1126 663 1203 709 est
1240 662 1291 708 et
1326 660 1502 708 foedus
1540 675 1821 721 excussum,
1859 661 1913 708 in

212 737 411 783 tanturn
448 737 508 782 ut
543 751 646 783 una
684 734 843 783 omnis
874 734 1134 799 pugnandi
1171 735 1418 783 sententia
1446 735 1690 783 tenuisset
1723 738 1775 783 et
1803 738 1912 783 toto

214 824 380 857 amore
420 811 742 872 quaereretur
771 810 905 871 quod
944 809 1207 858 constabat
1244 825 1349 858 esse
1386 810 1712 872 contrarium3
1752 809 1912 858 omnis

213 884 347 931 enim
376 898 547 948 pugna
584 885 690 931 sine
728 883 970 948 sanguine
1009 883 1160 931 etiam
1189 885 1348 946 ipsius
1378 883 1582 932 victoris
1616 900 1716 933 non
1746 886 1915 946 potest

214 958 464 1020 explicari.
542 957 797 1006 decernere
851 959 1020 1005 autem
1071 958 1202 1006 ferro
1253 958 1378 1021 quid
1422 960 1498 1006 est
1542 958 1642 1006 nisi
1686 959 1914 1021 apertum

213 1031 376 1080 subire
415 1030 713 1080 discrimen?
770 1033 1017 1092 diripuere
1055 1046 1202 1080 aras:
1250 1032 1442 1080 caecati
1486 1032 1651 1080 furore
1689 1032 1914 1080 certandi

213 1105 518 1170 diripiebant
548 1121 659 1155 aras
691 1121 790 1154 non
814 1106 1182 1155 considerantes
1211 1106 1265 1153 in
1293 1107 1408 1170 ipsa
1437 1106 1764 1170 dissipatione
1795 1105 1911 1155 deos

211 1181 372 1244 magis
420 1180 603 1229 offendi
651 1196 803 1242 quam
853 1181 1079 1244 gramina
1130 1180 1312 1242 quibus
1366 1181 1566 1229 fuerant
1613 1182 1912 1243 instructao3

211 1256 314 1303 iam
353 1256 484 1303 enim
515 1255 741 1318 ipsarum
772 1255 1077 1303 consecratio
1113 1257 1399 1303 cucurrerat
1427 1254 1711 1303 iurantibus
1742 1254 1912 1303 Aenea

212 1331 263 1377 et
284 1329 482 1390 Latino,
505 1328 802 1378 ministratis
828 1331 995 1377 autem
1024 1345 1114 1391 per
1139 1328 1419 1378 sacerdotes
1448 1329 1544 1378 rite
1576 1329 1911 1378 sollemnibus.

211 1405 250 1451 it
285 1407 377 1451 toto
422 1404 621 1452 turbida
667 1404 797 1452 caelo
842 1407 1098 1463 tempestas
1143 1404 1345 1451 telorum
1391 1418 1450 1452 ac
1492 1405 1684 1464 ferreus
1727 1404 1914 1464 inyruit

210 1479 390 1526 imber:
435 1477 677 1526 volabant
712 1477 816 1526 tela
861 1477 1124 1526 stridentia
1169 1479 1223 1525 in
1259 1479 1573 1541 tempestatis
1617 1477 1822 1527 modum
1862 1480 1912 1525 et

209 1551 444 1600 imbrium
494 1568 698 1600 morem.
760 1555 1067 1612 craterasque
1110 1553 1333 1612 focosque
1377 1554 1567 1612 ferunt:
1620 1552 1912 1601 auferebant
1927 1558 2014 1599 285

209 1626 409 1689 properi
440 1642 568 1690 quae
592 1626 778 1674 dudum
819 1628 1096 1675 necessaria
1128 1625 1280 1675 sacris
1313 1627 1601 1675 attulerant.
1654 1627 1782 1686 fuyit
1806 1627 1911 1687 ipse

209 1700 426 1748 Latinus
441 1701 668 1762 pulsatos
695 1701 912 1760 referens
937 1702 1113 1760 infecto
1139 1701 1330 1760 foedere
1353 1701 1490 1749 divos
1498 1718 1514 1748 .·
1550 1699 1761 1748 Latinus
1793 1715 1909 1749 vero

208 1775 470 1839 religiosus
502 1777 554 1822 et
583 1777 751 1839 gravis
781 1774 1006 1839 fugiebat
1037 1775 1101 1822 ad
1131 1776 1244 1823 tuta
1272 1775 1489 1823 referens
1521 1774 1637 1823 deos
1668 1775 1909 1837 pulsatoS‚

209 1865 270 1896 ne
303 1849 549 1898 deteriora
579 1851 890 1911 paterentur,
922 1849 1065 1897 nulla
1085 1849 1278 1897 interea
1305 1849 1514 1898 foederis
1538 1851 1768 1912 pactione
1798 1865 1909 1912 per-

209 1923 352 1971 fecta.
438 1926 605 1986 potest
656 1924 882 1988 intellegi
935 1924 1162 1987 pulsatos
1217 1939 1328 1971 cum
1386 1938 1499 1972 arae
1561 1923 1910 1986 diriperentur,

209 1999 375 2060 potest
404 1997 563 2046 videri
586 1998 812 2060 pulsatos
835 1998 888 2045 in
919 2013 975 2046 eo
1009 1998 1143 2059 quod
1173 1998 1360 2060 prolati
1390 1997 1454 2046 ad
1485 1998 1908 2046 confirmationem

208 2072 420 2120 foederis
460 2071 733 2134 contempti
771 2075 901 2120 sunt.
962 2073 1218 2131 infrenant
1253 2072 1343 2120 alii
1373 2086 1548 2120 carrus
1585 2075 1675 2120 aut
1705 2086 1909 2132 corpora

208 2147 339 2194 saltu
368 2147 614 2194 subiciunt
642 2147 697 2193 in
729 2161 871 2207 equos
903 2149 946 2194 et
974 2146 1152 2194 strictis
1183 2147 1380 2194 ensibus
1410 2147 1615 2194 adsunt:
1654 2147 1773 2208 quia
1797 2161 1908 2208 spes

207 2219 419 2268 foederis
456 2221 641 2268 multos
680 2220 742 2268 ab
782 2236 1029 2268 armorum
1075 2235 1193 2268 cura
1240 2219 1556 2280 dissolverat,
1604 2220 1703 2268 alio
1741 2235 1908 2268 rerum

209 2295 343 2343 exitu
384 2294 589 2342 excitati
627 2295 715 2343 alii
751 2294 1071 2342 infrenabant
1115 2309 1307 2356 currus,
1355 2295 1444 2343 alii
1481 2295 1615 2342 saltu
1660 2295 1712 2341 in
1753 2309 1907 2357 equos

208 2369 341 2417 facto
393 2367 719 2431 expeditiores
771 2368 980 2416 aderant
1027 2369 1216 2416 eductis
1266 2369 1448 2434 gladiis
1503 2371 1555 2416 et
1602 2368 1793 2430 paratis
1843 2367 1906 2416 ad

207 2459 390 2491 necem.
430 2443 698 2503 Messapus
720 2457 878 2504 reyem
899 2443 1118 2502 reyisque
1139 2443 1330 2504 insigne
1345 2446 1584 2505 yerentem
1602 2442 1905 2502 Tyrrhenum
1922 2448 2009 2488 290

209 2515 442 2564 Aulesten
471 2516 503 2576 †
536 2517 713 2565 avidus
744 2517 1038 2576 confundere
1066 2517 1239 2576 foedus
1270 2518 1473 2566 adverso
1497 2519 1736 2577 proterret
1765 2530 1907 2575 equo.-

330 2634 353 2672 1
401 2629 568 2673 cadens
605 2627 648 2671 V
694 2628 752 2672 cf.
801 2633 886 2672 313
939 2628 1111 2673 vadens
1156 2629 1215 2674 ed
1228 2629 1278 2672 F.
1423 2633 1448 2672 3
1496 2628 1803 2684 achyllinique
1848 2627 1902 2672 V.

210 2692 235 2731 5
275 2688 575 2732 mandaverat
613 2687 684 2732 ed.
815 2691 841 2730 9
884 2688 1020 2732 etiam
1063 2701 1152 2732 0111.
1190 2688 1261 2732 ed.
1386 2693 1440 2731 14
1471 2689 1565 2730 iam
1590 2685 1631 2727 V
1661 2700 1753 2731 non
1786 2686 1857 2730 ed.
1894 2687 1899 2745 Ι

210 2761 405 2792 aenaeae
427 2746 469 2790 V
493 2748 675 2791 Aeneae
702 2746 770 2790 ed.
799 2746 957 2791 Aenea
979 2760 1075 2791 nos.
1170 2751 1224 2790 19
1249 2748 1440 2803 properi
1470 2760 1558 2789 om.
1585 2746 1655 2789 ed.
1750 2750 1807 2789 24
1838 2747 1904 2790 vi-

209 2807 310 2851 deri
329 2805 373 2849 V
394 2807 593 2863 intelliqi
614 2806 686 2850 ed.
748 2809 803 2848 25
829 2807 1026 2851 contenti
1040 2805 1082 2850 V
1096 2819 1208 2850 corr.
1229 2806 1301 2850 ed.
1365 2810 1418 2849 31
1445 2805 1611 2849 avidus
1629 2804 1904 2859 confundere

209 2865 251 2908 V
275 2866 368 2910 ed.:
401 2866 490 2909 hoc
522 2879 626 2908 cum
657 2864 1046 2921 interpretatione
1078 2865 1342 2921 discrepare
1374 2865 1527 2921 patet,
1561 2877 1682 2919 quae
1716 2864 1902 2908 avidum

209 2925 373 2980 poscit,
391 2925 535 2980 idque
561 2937 589 2967 a
614 2923 895 2980 quibusdam
919 2923 1093 2968 lectum
1118 2937 1217 2968 esse
1243 2923 1426 2967 Servius
1450 2923 1619 2966 tradit:
1646 2936 1756 2979 ergo
1781 2923 1831 2966 hi
1856 2924 1903 2966 et

209 2982 421 3028 Donatus
445 2983 721 3038 confundere
744 2997 828 3040 pro
854 2984 1144 3028 committere
1163 2984 1462 3039 acceperunt:
1489 2995 1671 3026 crucem
1690 2982 1902 3038 adposui.
