2050 3226
767 177 1073 223 AENfflnos
1103 178 1146 221 x
1695 181 1803 236 353

110 319 371 381 falyentem
409 319 580 381 diripit
616 333 799 368 ensem:
836 318 986 368 simul
1025 318 1121 368 duo
1167 317 1286 366 fecit
1333 318 1396 366 ad
1434 333 1604 367 necem
1649 320 1805 368 Turni

111 392 408 443 necessaria:
445 394 645 442 hastam
680 393 821 443 misit
858 396 908 442 et
946 392 1119 442 eduxit
1155 391 1341 457 vagina
1379 392 1618 456 gladium,
1656 397 1729 455 ut,
1762 396 1804 443 si

111 469 259 517 hasta
288 468 519 530 optatum
548 466 790 517 tenuisset
820 470 1065 529 eventum,
1102 482 1216 515 mox
1245 466 1331 514 ille
1362 469 1540 529 parato
1570 483 1804 516 mucrone

112 543 317 605 plenum
355 540 414 589 de
453 542 595 590 hoste
633 542 939 606 supplicium
968 542 1262 604 reportaret.
1315 541 1406 589 illa
1435 541 1609 589 volans
1646 543 1806 590 umeri

30 629 82 670 ,με
111 618 319 678 swryunt
340 629 438 675 qua
468 616 678 676 tey‘mina
708 631 903 665 smnma
930 616 1103 664 incidit
1132 618 1274 676 atqae
1302 615 1437 663 viam
1468 615 1608 676 clipei
1637 615 1807 664 molita

106 704 198 750 per
245 703 361 738 oras
406 690 602 738 tandem
647 691 790 739 etiam
835 705 1012 751 maqno
1057 690 1255 739 strinxit
1291 689 1350 738 de
1387 703 1583 749 corpore
1622 690 1807 738 Tarni.-

111 765 272 825 hasta,
311 779 423 812 cum
460 765 666 826 volaret,
706 765 776 813 sie
815 764 1007 826 cecidit,
1044 766 1103 812 ut
1132 780 1221 827 per
1250 778 1468 813 summas
1500 778 1611 812 oras
1644 763 1807 827 clipei,

113 853 212 901 qua
247 837 451 902 tegebat
485 853 681 887 umeros
721 838 899 900 Turni,
936 840 1053 901 post
1090 838 1434 901 aliquantulas
1473 853 1638 887 moras
1670 838 1807 887 viam

110 913 164 960 in
217 927 396 975 corpus
449 911 632 961 hostile
684 913 959 975 reppererit
1010 928 1111 960 non
1164 913 1326 961 solum
1373 911 1597 961 traiectis
1643 911 1806 960 muni-

28 1000 83 1039 «ιο
111 987 289 1035 mentis
327 1002 501 1035 verum
539 988 693 1035 etiam
729 988 991 1036 vulnerato
1022 986 1131 1050 ipso
1164 985 1252 1049 qui
1282 1002 1333 1036 se
1363 987 1634 1050 plurimum
1665 1002 1806 1049 prae-

110 1060 316 1109 ferebat.
369 1060 446 1109 hic
470 1061 672 1110 Turnus
699 1061 832 1121 ferro
858 1062 1138 1121 praefflaeam
1160 1061 1310 1109 robur
1334 1064 1472 1109 acuto
1495 1061 1551 1108 in
1572 1061 1808 1110 Pallanta
1823 1069 1911 1110 480

112 1135 199 1182 dia
237 1135 426 1183 librans
463 1135 582 1184 iacit
618 1138 760 1195 atque
795 1137 867 1184 ita
903 1137 1066 1196 fatur:
1103 1135 1324 1196 Turnus,
1362 1134 1451 1182 ubi
1489 1150 1548 1182 ex
1585 1134 1805 1184 vulneris

112 1224 262 1258 causa
299 1208 567 1259 violentior
604 1209 765 1259 factus
804 1211 894 1271 est,
924 1210 1123 1258 hastam
1154 1208 1240 1256 diu
1270 1208 1458 1257 librans
1488 1208 1541 1256 in
1571 1208 1807 1258 Pallanta

110 1282 227 1331 iecit
264 1284 629 1346 contemplatus
667 1283 753 1332 diu
791 1284 879 1332 ubi
908 1283 1190 1331 Pallantem
1222 1282 1515 1346 oportunius
1547 1283 1693 1332 ferire
1725 1283 1806 1332 de-

33 1369 82 1407 415
111 1357 320 1418 buisset,
370 1358 519 1406 simul
576 1358 698 1407 haec
751 1360 1044 1421 prosecutus
1103 1359 1179 1406 est
1231 1357 1417 1406 verbis:
1472 1358 1635 1418 aspice
1686 1373 1808 1405 nam

110 1446 250 1493 ‘maye
286 1432 350 1479 sit
385 1435 605 1480 nostram
635 1432 936 1492 penetrabile
981 1432 1149 1480 teiam:
1195 1431 1375 1494 proba,
1420 1430 1609 1495 inquit,
1656 1431 1806 1480 exitio

110 1507 198 1554 tuo
238 1505 404 1554 cuium
441 1507 602 1570 magis
642 1505 709 1555 sit
745 1506 1052 1570 penetrabile
1090 1506 1270 1567 telum,
1315 1507 1410 1554 hoc
1447 1508 1524 1554 est
1560 1508 1703 1554 tuum
1743 1521 1807 1554 an

111 1596 293 1628 meum.
346 1580 557 1637 dixerat,
597 1583 650 1628 at
687 1580 913 1641 elipeum,
953 1583 1019 1629 tot
1054 1581 1178 1640 ferri
1216 1583 1371 1642 terya,
1412 1583 1478 1628 tot
1514 1581 1658 1637 aeriS,
1700 1595 1810 1628 eam

104 1654 250 1714 pellis
281 1655 450 1702 totiens
480 1655 619 1703 obeat
648 1654 950 1704 circmndata
979 1655 1126 1711 tauri,
1157 1655 1373 1703 vibranti
1404 1655 1567 1715 cuspis
1595 1655 1808 1702 mediam

33 1738 83 1795 qo
112 1729 472 1777 transverberat
529 1729 628 1777 icta
696 1729 964 1789 loricaeque
1029 1742 1195 1777 moras
1263 1731 1307 1776 et
1359 1732 1528 1789 pectas
1585 1729 1811 1788 perforat
1825 1736 1912 1777 485

42 1850 50 1917 ἰ
111 1802 732 1960 ZZZ-zzzisslbasbatldlueqifidt
753 1802 1660 1940 mmeslizdsfiussrozzlggtnfiffocfossssffio
1677 1803 1808 1925 siff&

113 1951 330 2013 primum
358 1950 647 2000 firmitatem
677 1952 839 2001 voluit
861 1951 1014 2000 nosci.
1068 1967 1181 2000 cum
1204 1951 1379 2012 multa,
1402 1951 1583 2014 inquit,
1608 1953 1807 2000 scutum

113 2029 255 2089 terga
292 2024 550 2073 habuisset
588 2025 715 2074 aeris
756 2028 806 2074 et
842 2026 963 2074 ferri
1002 2027 1235 2088 corioque
1274 2027 1404 2074 esset
1441 2025 1806 2074 circumdatum

113 2099 353 2161 plurim0‚
393 2100 462 2147 sic
498 2101 668 2148 tamen
704 2100 939 2162 perfossis
978 2100 1204 2149 omnibus
1244 2101 1295 2148 et
1331 2099 1514 2148 loricae
1553 2099 1807 2149 dissolutis

112 2172 462 2235 inpedimentis
502 2175 675 2235 pectus
706 2173 969 2235 Pallantis,
1002 2175 1150 2236 quasi
1179 2173 1307 2221 nihil
1338 2173 1629 2235 obstitisset,
1659 2175 1808 2236 plena

113 2247 297 2296 virtute
336 2250 628 2310 perruptum
665 2250 754 2296 est.
809 2264 920 2296 cum
950 2249 1004 2296 in
1034 2247 1197 2297 medio
1228 2249 1412 2311 posuit,
1441 2263 1532 2296 nos
1563 2263 1807 2311 ponamus

113 2322 167 2369 in
206 2321 368 2385 capite
406 2324 456 2370 et
492 2321 547 2369 in
584 2321 747 2370 medio
787 2325 837 2371 et
868 2323 962 2371 erit
991 2323 1133 2371 nulla
1163 2322 1408 2371 confusio:
1449 2338 1562 2370 cum
1594 2322 1806 2384 clipeum

116 2411 263 2457 quem
300 2395 470 2444 Pallas
510 2395 741 2459 gestabat
777 2398 855 2445 tot
892 2397 1010 2444 ferri
1048 2398 1214 2461 terga,
1253 2399 1332 2444 tot
1371 2395 1499 2445 aeris
1547 2396 1806 2456 ambirent,

116 2485 228 2517 cum
266 2470 410 2532 pellis
449 2471 582 2518 tauri
620 2470 805 2519 totiens
845 2486 955 2520 oras
996 2471 1100 2519 eius
1140 2470 1490 2532 circumdaret,
1530 2470 1599 2518 sic
1637 2472 1806 2518 tamen

235 2586 258 2624 1
292 2581 409 2635 facit
438 2582 509 2626 ed.
634 2586 660 2625 3
691 2582 771 2627 illo
803 2581 874 2626 ed.
921 2583 925 2640 Ι
975 2596 1191 2640 mayrone
1214 2582 1299 2626 VR
1331 2595 1444 2626 corr.
1478 2597 1512 2625 r
1636 2587 1662 2625 6
1702 2594 1806 2625 oras

116 2639 200 2683 VR
241 2653 344 2685 ossa
386 2641 458 2685 ed.
492 2655 606 2686 corr.
640 2641 711 2686 ed.
743 2642 863 2698 post.
1000 2645 1027 2686 8
1071 2655 1186 2698 qaae
1220 2641 1305 2685 VR
1343 2641 1414 2685 ed.
1459 2642 1538 2697 qai
1580 2641 1651 2684 ed.
1684 2642 1803 2696 post.

117 2712 208 2755 qua
237 2713 334 2743 nos
428 2704 453 2743 9
483 2702 700 2756 reperiret
723 2700 793 2744 ed.
831 2702 835 2758 Ι
870 2702 1177 2746 munumentis
1199 2700 1242 2744 V
1272 2714 1467 2745 monum.
1492 2700 1545 2743 R.
1639 2704 1689 2742 11
1715 2701 1806 2753 fer-

115 2772 218 2803 rum
254 2758 340 2802 VR
387 2759 486 2814 (sed
528 2760 570 2803 R
613 2760 714 2816 ipse
758 2761 903 2816 corr..)
1029 2764 1083 2804 12
1122 2761 1225 2805 diai
1262 2774 1346 2816 pro
1379 2758 1538 2803 diaV.
1591 2759 1594 2815 1
1652 2759 1719 2802 ibi
1749 2758 1805 2802 V.

119 2821 173 2860 16
204 2819 351 2875 mayis
371 2817 457 2862 VR
487 2833 614 2877 maye
644 2835 679 2863 r.
789 2823 842 2863 17
875 2820 1029 2864 caium
1051 2818 1137 2863 VR
1167 2820 1299 2864 caius
1330 2818 1400 2862 ed.
1511 2821 1564 2860 18
1596 2818 1685 2871 feri
1707 2817 1803 2861 VR.

119 2879 174 2919 20
211 2877 478 2932 perfoderat
514 2878 611 2922 VR.
746 2883 800 2922 23
842 2879 1046 2934 primum
1079 2877 1164 2922 VR
1203 2879 1340 2934 prius
1382 2879 1429 2920 et
1470 2878 1699 2932 transpoe.
1733 2876 1803 2920 ed.

119 2939 173 2978 27
210 2941 511 2993 praeruptam
544 2937 630 2981 VR
668 2937 739 2981 ed.
792 2939 795 2995 Ι
853 2951 954 2982 cam
983 2936 1067 2981 VR
1106 2938 1226 2994 qaod
1260 2937 1330 2980 ed.
1382 2938 1386 2994 Ι
1444 2937 1720 2992 inponamus
1750 2936 1804 2981 R.

121 2997 176 3037 30
207 3007 288 3039 ora
310 2994 395 3038 VR
426 2995 498 3040 ed
530 3009 635 3041 oras
665 3010 762 3040 nos.

207 3083 766 3126 Dmnntemrpmvgvln.
1482 3088 1536 3127 23
