2050 3226
811 181 1115 227 AENEIDOS
1145 181 1188 226 X
1738 185 1843 239 381

158 325 330 373 Lauso
361 323 510 372 donat
545 322 720 372 habere
750 323 932 371 unieris
963 325 1007 371 et
1035 323 1208 371 vertice
1236 323 1383 383 fiqere
1413 322 1612 371 cristas:
1651 324 1849 371 scutum
1934 378 1939 382 ,

159 401 210 447 et
253 397 449 462 galeam
493 398 711 446 retracta
755 397 890 446 hosti
929 397 1057 446 dono
1097 395 1236 445 dedit
1271 395 1376 444 filio
1415 411 1530 458 su03
1578 411 1679 444 non
1718 396 1848 444 enim

158 470 350 520 numini
394 470 630 534 cuiquam
673 471 795 520 haec
840 486 1037 520 servare
1082 470 1252 533 potuit
1297 471 1386 519 aut
1430 485 1714 519 consecrare
1762 470 1850 533 qui

161 547 276 596 deos
315 547 625 595 contemnere
663 547 907 608 perpetua
945 544 1279 594 obstinatione
1319 543 1573 593 didicerat.
1635 557 1722 593 nec
1750 558 1849 592 non

109 632 129 665 5
158 620 424 668 Euanthen
467 619 735 681 Phryqiwm
778 619 1073 680 Paridisque
1116 619 1370 668 Mimanta
1416 618 1667 678 aequalem
1708 619 1850 667 comi-

160 698 365 754 temque:
410 694 564 743 etiam
607 693 695 742 isti
739 693 1100 758 intelleguntur
1147 694 1311 742 occisi.
1384 707 1490 741 una
1535 706 1674 754 quem
1718 695 1851 741 nocte

161 769 358 817 Theano
402 768 457 817 in
504 768 657 816 lucem
697 768 904 829 qenitori
940 766 1124 830 Amyco
1170 767 1302 816 dedit
1338 769 1382 816 et
1416 767 1526 827 face
1562 780 1851 828 praeqnans

162 841 341 891 Cisseis
369 842 542 903 reqina
571 842 744 890 Parim
774 845 926 890 creat:
955 840 1104 904 [urbe
1130 844 1341 902 paterna
1370 842 1587 898 occubat,
1620 842 1851 902 iqnarum
1870 849 1954 889 705

159 914 391 965 Laurens
424 916 566 965 habet
602 930 691 965 ora
721 915 1004 979 Mimanta]
1010 934 1027 965 .·
1063 915 1196 964 ludit
1231 915 1363 964 inter
1401 916 1611 964 duorum
1648 916 1853 964 nomina

89 1003 131 1036 10
161 993 211 1040 et
269 991 560 1039 nativitates
623 1006 680 1039 ac
739 992 970 1053 parentes
1041 992 1092 1038 et
1159 991 1358 1039 mortes.
1469 989 1652 1039 occidit
1720 990 1854 1038 enim

161 1063 430 1113 Mezentius
477 1065 623 1126 duos,
669 1065 938 1113 Euanthen
984 1066 1035 1113 et
1072 1064 1338 1125 Mimanta,
1386 1065 1474 1127 qui
1518 1063 1716 1114 Paridis
1763 1064 1852 1112 ali-

163 1138 362 1202 quando
407 1138 588 1187 fuisset
633 1138 858 1202 aequalis
897 1141 948 1188 et
985 1154 1162 1188 comes
1236 1155 1294 1187 ex
1332 1137 1534 1187 Theano
1573 1139 1623 1186 et
1660 1137 1851 1202 Amyco

162 1212 285 1261 dicit
313 1213 446 1261 hunc
484 1215 679 1274 natum,
718 1213 952 1262 Paridem
989 1228 1106 1262 vero
1147 1229 1206 1260 ex
1246 1211 1486 1274 Cisseide,
1524 1213 1853 1275 posteaquam

162 1287 320 1336 facem
366 1302 417 1336 se
455 1287 701 1351 peperisse
742 1286 1033 1349 somniavit,
1080 1288 1168 1350 qui
1205 1286 1348 1336 Paris
1386 1287 1440 1335 in
1485 1286 1606 1335 urbe
1644 1290 1853 1350 paterna

90 1372 131 1405 15
161 1361 391 1422 occubat,
428 1360 483 1409 id
512 1363 589 1410 est
616 1362 671 1409 in
702 1361 874 1422 Troia,
912 1361 1158 1410 Mimanta
1189 1363 1357 1410 autem
1387 1360 1661 1410 Laurentes
1691 1363 1852 1411 terrae

161 1438 458 1498 exceperunt
489 1434 758 1484 cadentem.
825 1450 884 1485 ac
919 1436 1049 1484 velut
1084 1436 1166 1484 ille
1204 1450 1383 1484 canum
1419 1450 1587 1484 morsu
1624 1436 1683 1484 de
1718 1450 1853 1484 mon-

161 1510 288 1558 tibus
326 1509 439 1558 altis
478 1513 615 1558 actus
660 1524 800 1570 aper,
845 1510 1022 1558 multos
1054 1510 1262 1559 Vesulus
1299 1524 1438 1571 quem
1467 1510 1658 1570 pinifer
1696 1524 1854 1559 annos

160 1583 376 1644 defendit
409 1584 641 1632 multosve
673 1584 824 1644 palus
854 1584 1133 1633 Laurentia
1169 1585 1298 1633 silva
1319 1587 1498 1644 pastus
1526 1584 1853 1641 harundinea,
1873 1589 1957 1629 710

163 1657 600 1721 quemadmodum,
645 1658 833 1722 inquit,
887 1673 1059 1707 morsu
1104 1674 1280 1707 canum
1324 1657 1578 1707 montibus
1618 1674 1738 1720 aper
1775 1674 1853 1706 ex-

88 1745 131 1777 so
162 1733 349 1794 clusuS,
382 1748 531 1795 quem
552 1732 768 1782 Vesulus
798 1748 941 1781 mons
972 1732 1132 1796 pineis
1166 1732 1426 1781 arboribus
1459 1732 1638 1781 densus
1669 1732 1853 1782 multos

162 1823 250 1870 per
303 1821 456 1856 annos
512 1806 734 1855 defendit
786 1822 845 1857 ac
897 1808 1063 1856 tenuit
1112 1809 1200 1855 aut
1248 1807 1392 1869 palus
1443 1805 1682 1855 Laurenti
1727 1807 1853 1855 silva

162 1880 292 1929 aluit
351 1884 502 1943 atque
562 1881 799 1943 nutrivit,
852 1885 1114 1942 postquam
1169 1882 1295 1929 inter
1346 1881 1472 1930 retia
1522 1884 1718 1930 ventwm
1771 1886 1853 1938 est,

161 1954 370 2003 substitit
417 1955 761 2016 infremuitque
807 1956 946 2016 ferox
995 1959 1039 2004 et
1085 1956 1328 2003 inhorruit
1380 1969 1565 2012 armos,
1619 1969 1707 2004 nee
1756 1957 1855 2004 cui-

164 2043 311 2089 quam
347 2029 499 2077 irasci
529 2030 795 2090 propiusve
833 2030 1056 2079 accedere
1092 2030 1271 2086 virtus,
1310 2029 1396 2078 sed
1433 2030 1609 2078 iaculis
1648 2030 1855 2090 tutisque

88 2100 131 2148 2⁵
158 2102 330 2163 procul
382 2102 675 2152 clamoribus
726 2104 935 2152 instant.-
986 2104 1107 2152 haut
1159 2104 1300 2152 aliter
1351 2104 1510 2152 iustae
1558 2104 1734 2164 quibus
1788 2108 1857 2152 est

162 2177 434 2225 Mezentius
470 2177 597 2233 irae,
629 2191 728 2226 non
757 2177 849 2226 ulli
878 2181 947 2226 est
977 2179 1174 2226 animus
1203 2179 1364 2227 stricto
1396 2192 1679 2227 concurrere
1707 2179 1852 2238 ferro,
1873 2186 1957 2225 715

161 2251 429 2300 missilibus
469 2251 605 2312 lonqe
643 2254 686 2300 et
722 2255 858 2300 vasto
898 2251 1104 2300 clamore
1144 2252 1406 2309 lacessunt,
1453 2252 1534 2300 ille
1581 2255 1742 2301 autem
1780 2253 1854 2300 in—

155 2325 373 2384 pavidus
415 2326 576 2385 partis
622 2328 875 2374 cunctatur
919 2326 974 2374 in
1018 2326 1176 2374 omnis
1220 2326 1443 2375 dentibus
1487 2327 1775 2386 infrendens
1813 2330 1854 2374 et

163 2402 289 2460 teryo
350 2399 525 2448 decutit
583 2399 765 2448 hastas,
873 2399 1291 2462 quemadmodum
1357 2416 1477 2464 aper
1536 2402 1668 2449 inter
1725 2399 1854 2448 retia

284 2530 307 2569 1
347 2526 504 2571 tristas
533 2525 588 2569 V.
711 2530 736 2568 2
768 2530 965 2570 retracta
986 2524 1029 2570 V
1059 2526 1308 2572 detractam
1340 2527 1410 2572 ed.
1535 2531 1560 2571 3
1591 2528 1769 2571 nomini
1798 2526 1853 2571 V.

165 2589 191 2628 5
221 2585 412 2629 euathen
435 2584 488 2628 V.
526 2584 530 2643 Ι
570 2586 793 2629 immania
818 2583 873 2630 V.
967 2589 994 2629 8
1026 2586 1175 2631 Parin
1207 2587 1279 2632 ed.
1323 2587 1327 2644 1
1370 2587 1548 2631 urbe—
1567 2590 1592 2629 9
1618 2586 1855 2631 Mimanta

165 2643 296 2687 deest
325 2643 375 2688 in
399 2643 454 2698 V,
479 2644 562 2689 sed
587 2643 858 2699 explicatur.
951 2648 1006 2688 10
1037 2650 1199 2690 mortes
1225 2645 1264 2689 V
1294 2651 1493 2691 mortuos
1524 2645 1595 2690 ed.
1684 2650 1735 2688 11
1769 2647 1854 2690 mi—

164 2708 369 2747 mantam
394 2702 447 2747 V.
541 2708 594 2746 12
621 2702 901 2759 aequalesV.
938 2703 943 2761 Ι
978 2717 1034 2748 ex
1055 2705 1115 2749 th.
1140 2703 1182 2747 V
1206 2710 1247 2749 et
1271 2705 1341 2749 ed
1437 2709 1491 2748 13
1517 2704 1738 2760 paridam
1761 2704 1815 2750 V.
1846 2706 1850 2762 1

165 2762 355 2808 cisseida
377 2761 432 2806 V.
543 2767 596 2807 15
627 2767 774 2807 terrae
804 2775 891 2806 om.
917 2762 989 2807 ed.
1098 2768 1151 2807 17
1176 2765 1390 2820 pinnifer
1412 2763 1466 2807 V.
1584 2767 1639 2807 18
1669 2764 1854 2808 multos-

165 2834 248 2876 que
271 2819 313 2863 V
344 2822 536 2877 propter
566 2826 649 2866 aut
679 2821 728 2865 in
751 2821 942 2877 interpr.
966 2822 1180 2867 multosve
1211 2823 1388 2878 scripsi.
1426 2831 1449 2879 Ι
1466 2824 1573 2878 post
1596 2823 1854 2868 Laurentia

166 2893 259 2922 non
301 2879 515 2935 distinxi,
558 2880 670 2937 quia
711 2880 799 2923 hoc
841 2879 958 2925 Don.
998 2883 1161 2925 contra
1203 2883 1402 2925 metrum
1446 2895 1551 2925 cum
1588 2882 1708 2926 silva
1746 2896 1854 2926 con-

166 2937 332 2994 iungit.
369 2939 374 2997 Ι
407 2945 569 2995 pastus
592 2939 822 2995 quomodo
848 2941 1089 2984 construat
1112 2954 1205 2984 non
1227 2940 1464 2997 intellego.
1568 2945 1622 2984 21
1656 2941 1855 2987 laurenti

166 2997 283 3041 silva
304 2996 347 3040 V
377 3011 478 3044 cum
507 2999 728 3055 interpos.
755 2998 826 3043 ed.
949 3003 1006 3044 24
1039 3001 1215 3056 tuisque
1239 2999 1293 3044 V.
1417 3005 1471 3044 26
1503 3000 1571 3045 ire
1594 2999 1650 3045 V.
