2050 3226
9 2070 82 2116 ¹215

41 2441 85 2473 30

757 134 1062 181 AENEIDOS
1093 134 1158 179 XI
1695 137 1806 192 533

111 277 165 326 in
214 278 359 327 vultu
408 275 516 326 eius
566 276 727 325 colore
776 291 1024 339 purpureo
1074 274 1360 340 emergebat
1407 276 1573 338 pallor
1620 277 1806 325 infelix.

113 356 215 400 twm
258 353 331 400 sic
374 351 607 412 expirans
644 350 830 398 Accam
875 364 932 398 ex
979 350 1266 410 aequalibus
1309 364 1465 398 wnam
1514 351 1806 411 adloqaimr,
1823 360 1911 402 820

111 427 268 485 fidam
305 429 417 474 ante
445 424 590 481 azias,
622 438 746 484 quae
775 425 882 472 sola
915 422 1173 481 Camillae,
1206 424 1401 484 quicum
1422 425 1610 484 partiri
1639 439 1809 474 caras:

113 516 225 548 cum
283 499 518 548 ultimum
577 498 680 547 iam
741 499 972 561 spiritum
1023 498 1271 558 redderet,
1324 498 1477 562 elegit
1535 514 1690 547 unam
1750 516 1809 547 ex

113 573 404 638 aequalibus
444 589 571 635 quae
610 572 745 621 Acca
783 572 1028 621 diceretur
1065 575 1218 636 atque
1254 572 1372 620 huic
1410 574 1628 621 extrema
1658 573 1810 622 verba

113 647 373 696 commisit.
448 647 575 695 dixit
627 662 828 696 causam
882 661 981 710 qua
1029 647 1259 696 effectum
1313 648 1390 695 est
1440 648 1500 695 ut
1543 662 1657 695 cum
1702 648 1810 696 sola

111 723 421 785 loqueretur:
471 737 530 770 ex
580 720 874 783 aequalibus
920 720 1108 783 inquit,
1156 721 1276 784 quia
1318 721 1413 770 hoc
1460 720 1507 769 ei
1543 721 1642 770 fuit
1679 737 1809 770 com-

110 812 259 845 mune
299 812 413 845 cum
451 796 650 856 ceteris,
700 794 895 843 addidit
945 795 1104 857 aliud,
1155 794 1288 858 quod
1337 797 1466 844 esset
1512 795 1671 858 ipsius
1709 796 1811 844 fida

113 872 228 919 ante
267 870 414 933 alias3
455 886 582 932 quae
628 869 736 918 sola
782 868 1044 931 Camillae,
1092 872 1418 933 augmentum
1463 869 1650 932 laudis,
1691 869 1811 932 quia

111 945 220 993 sola
258 944 432 993 audire
469 943 655 992 meruit
692 943 827 1006 quod
865 944 995 992 aliae
1034 942 1320 992 nesciebant
1350 946 1401 992 et
1430 943 1577 992 fidem
1609 945 1810 994 secretiS

111 1019 219 1067 sola
268 1019 468 1082 poterat
511 1034 786 1079 reservare3
833 1018 1031 1080 quicum
1080 1017 1262 1081 partiri
1306 1033 1472 1079 curaS,
1517 1018 1811 1068 relationem

112 1109 342 1141 curarum
390 1093 547 1141 animi
597 1092 955 1141 relevationem
1005 1107 1062 1140 ac
1122 1091 1475 1140 sollicitudinis
1536 1093 1647 1142 vult
1706 1108 1811 1143 esse

111 1167 385 1232 Vergilius,
423 1166 631 1230 proinde
673 1165 887 1214 Camilla
924 1168 1030 1214 tam
1069 1181 1236 1214 caram
1284 1165 1464 1214 habuit
1500 1166 1708 1229 Accam,
1753 1170 1813 1216 ut

113 1241 351 1305 quicquid
390 1242 556 1289 animo
597 1242 791 1304 gereret
829 1240 963 1303 quod
1001 1242 1172 1304 ageret
1210 1255 1408 1289 sensum
1454 1241 1568 1290 huic
1619 1257 1813 1305 semper

111 1318 339 1364 narraret
370 1319 420 1364 et
450 1331 564 1364 cum
588 1331 648 1363 ea
670 1315 919 1363 narrando
945 1315 1202 1363 divideret,
1256 1330 1400 1364 curas
1426 1315 1577 1363 etiam
1603 1317 1812 1365 consilia

112 1392 163 1438 et
198 1392 445 1439 tractatus
484 1389 715 1438 debemus
761 1388 994 1451 accipere.
1072 1392 1213 1448 atque
1257 1389 1374 1437 haec
1402 1390 1474 1438 ita
1510 1390 1674 1450 fatur:
1712 1406 1811 1453 quo

111 1464 302 1512 factum
341 1466 418 1512 est
454 1466 514 1512 ut
543 1464 666 1512 haec
697 1464 742 1511 ei
771 1462 1029 1511 intimaret
1059 1479 1116 1511 ac
1147 1462 1352 1511 diceret:
1398 1463 1644 1522 hactenus,
1676 1463 1813 1513 Acca

110 1553 262 1595 soror,
305 1538 473 1599 potui:
520 1553 676 1600 usque
727 1537 791 1585 ad
840 1538 934 1585 hoc
983 1539 1203 1600 tempuS,
1252 1538 1439 1599 inquit,
1484 1538 1620 1586 Acca
1658 1553 1812 1601 soror,

113 1612 307 1675 aliquid
355 1612 514 1675 potui.
605 1611 725 1674 quid
774 1611 1059 1676 benignius,
1109 1612 1231 1674 quid
1281 1611 1358 1660 his
1406 1612 1553 1660 dictis
1600 1612 1812 1675 dulcius,

113 1703 263 1749 quam
294 1691 354 1735 ut
382 1686 436 1734 in
468 1686 644 1736 salutis
675 1686 771 1734 fine
802 1685 968 1749 posita
998 1687 1197 1734 nomine
1228 1700 1319 1734 suo
1352 1686 1630 1749 appellaret
1661 1702 1812 1749 quam

111 1760 416 1810 carissimam
455 1762 655 1823 praeter
692 1762 878 1809 ceteras
917 1759 1127 1808 habuit?
1180 1760 1300 1823 quid
1337 1760 1620 1825 religiosius
1661 1777 1812 1824 quam

112 1851 331 1883 sororem
370 1835 532 1883 dicere
571 1838 621 1884 et
651 1834 916 1897 probatam
946 1834 1041 1882 fide
1074 1834 1422 1898 germanitatis
1453 1835 1639 1884 honore
1671 1852 1812 1899 prae-

111 1908 274 1958 ferre?
349 1924 482 1957 nunc
516 1909 698 1957 vulnus
737 1910 965 1957 acerbum
1011 1910 1223 1967 conficit:
1271 1924 1301 1956 a
1347 1910 1812 1959 commemoratione

113 1983 381 2046 superioris
419 1982 658 2046 temporis
698 1999 795 2045 quo
834 1986 1011 2045 potens
1050 1982 1103 2030 in
1143 1982 1495 2032 certaminibus
1534 1986 1585 2032 et
1629 1983 1812 2032 nobilis

113 2058 212 2105 fuit
247 2058 432 2106 transit
469 2057 531 2105 ad
570 2060 882 2119 praesentem
922 2073 1092 2105 casum
1124 2073 1221 2119 quo
1253 2057 1529 2122 urgebatur
1557 2058 1611 2106 in
1640 2059 1812 2121 finem3

114 2132 299 2195 quippe
356 2131 562 2180 dicendo
621 2131 818 2180 conficit
875 2131 1094 2180 ostendit
1150 2132 1392 2181 eiusmodi
1456 2147 1560 2181 esse
1619 2133 1700 2181 cui
1750 2132 1812 2181 ob

112 2205 424 2254 retinendam
462 2206 674 2254 salutem
703 2206 841 2254 nullo
872 2207 1042 2267 posset
1070 2206 1286 2254 remedio
1318 2205 1587 2255 subveniri.
1640 2223 1813 2256 verum

114 2297 174 2328 ne
220 2280 311 2328 illa
358 2279 543 2328 diceret
588 2280 948 2341 qualecumque
986 2279 1123 2328 istud
1163 2283 1260 2342 est,
1307 2281 1492 2329 auxilio
1538 2281 1811 2329 medicinae

114 2354 394 2415 sanabitur,
424 2354 519 2402 hoc
548 2353 713 2416 ipsum
744 2353 933 2402 satians
965 2353 1171 2404 addidit.
1227 2358 1271 2403 et
1299 2356 1506 2403 tenebris
1535 2356 1813 2415 niyrescwnt

114 2429 281 2476 omnia
327 2429 532 2476 circum:
575 2443 731 2491 usque
779 2428 925 2488 adeo,
970 2427 1160 2490 inquit,
1206 2429 1425 2490 conficit,
1475 2431 1533 2477 ut
1580 2428 1810 2477 tenebrae

116 2518 369 2551 occurrere
409 2501 662 2564 coeperint
700 2501 857 2550 oculis
887 2502 1032 2564 meiS,
1065 2503 1199 2565 quod
1229 2519 1333 2552 esse
1365 2519 1465 2552 non
1498 2502 1705 2551 dubium
1736 2505 1813 2552 est

115 2575 417 2639 principium
456 2574 647 2623 mortis.
704 2576 856 2624 infert
893 2576 995 2624 iam
1026 2593 1153 2639 quae
1193 2578 1349 2626 fuerit
1379 2592 1529 2626 causa
1560 2576 1811 2640 loquendi,

115 2667 176 2698 ne
214 2651 439 2715 ignaram
482 2650 729 2712 deciperet
767 2649 846 2698 cui
883 2650 1223 2712 plenissimam
1270 2652 1606 2714 spoponderat
1649 2650 1810 2699 fidem.

236 2781 262 2820 3
292 2777 391 2832 fida
422 2777 538 2820 edF.
647 2782 673 2820 5
705 2777 930 2822 diceretwr
953 2776 994 2820 V
1019 2778 1075 2822 cf.
1103 2782 1188 2822 532
1222 2779 1386 2822 -batur
1416 2777 1487 2821 ed.
1604 2782 1628 2821 7
1661 2779 1813 2834 inquit

118 2836 228 2891 quia
250 2835 293 2879 V
317 2836 388 2880 ed.
420 2837 451 2879 i.
486 2841 528 2880 et
557 2837 697 2891 quia?
818 2839 844 2879 8
876 2837 997 2892 quod
1018 2836 1060 2880 V
1093 2851 1208 2894 quae
1240 2837 1311 2881 ed.
1436 2841 1491 2880 14
1530 2841 1681 2894 aqeret
1712 2850 1809 2881 sen-

15 2948 17 2950 ·
117 2908 217 2939 sum
240 2894 282 2937 V
305 2895 365 2939 cf.
390 2900 431 2949 6,
451 2899 536 2939 160
562 2897 682 2952 (169)
713 2900 864 2952 ageret
892 2898 1058 2941 sensim
1089 2896 1159 2940 ed.
1193 2900 1376 2953 angeret
1395 2897 1562 2941 sensim
1593 2895 1665 2940 ed.
1688 2898 1809 2951 post.

122 2957 174 2997 17
207 2955 444 2999 intemaret
466 2954 509 2998 V
533 2967 647 2998 corr.
677 2954 748 2998 ed.
872 2958 927 2998 23
959 2969 990 2999 a
1020 2956 1480 3001 commemorationem
1502 2954 1546 2999 V
1575 2955 1639 2999 ad
1668 2968 1705 2999 c.
1738 2955 1809 2999 ed.
