2050 3226
83 1318 138 1357 25

86 2130 140 2169 30

170 132 202 184 8
642 129 874 175 DONATI
903 128 1185 174 INTERPR.
1210 129 1390 174 VERG.

168 270 277 318 vela
325 271 550 318 secandis
600 274 740 331 atque
783 271 956 331 fayam
1005 270 1136 317 dedit
1180 273 1223 317 et
1259 273 1458 329 praeter
1502 270 1635 319 vada
1669 270 1865 330 fervida

167 345 317 392 vexit:
387 361 448 392 ne
496 345 720 393 conversi
764 344 816 392 in
861 346 1086 392 monstra
1130 344 1404 392 bestiarum
1440 346 1756 393 mutarentur
1790 343 1863 391 in-

169 419 349 466 formia
393 418 468 481 pii
514 418 732 466 Troiani.
809 433 918 466 ecee
965 417 1091 466 dixit
1129 418 1282 466 Troas
1322 418 1625 481 perindeque
1665 433 1866 466 causam

170 508 269 554 qua
308 492 370 540 ab
409 492 486 541 his
525 493 671 541 malis
709 492 912 540 liberari
949 493 1257 540 meruerunt:
1303 492 1378 553 pii
1423 493 1646 554 fuerunt,
1685 492 1866 555 inquit,

169 581 259 614 nec
298 565 576 614 debuerunt
619 566 721 614 illis
769 567 975 628 aequari
1013 566 1100 628 qui
1137 582 1227 629 pro
1266 565 1470 614 nefariis
1510 567 1702 614 actibus
1740 566 1866 614 eius·
1921 579 1940 611 5

168 639 305 687 modi
342 640 590 703 supplicia
629 641 955 703 perferebant.
1031 640 1122 688 hos
1167 639 1339 703 tetigit
1384 655 1508 702 quos
1558 656 1712 703 supra
1758 657 1866 687 mu-

163 715 304 762 -tatos
359 713 506 775 dixit,
562 715 620 762 de
676 714 856 777 quibus
910 713 1173 762 Diomedes
1229 714 1379 762 etiam
1434 715 1628 762 locutus
1681 716 1758 763 est
1815 715 1868 761 in

169 787 430 836 undecimo
483 788 611 836 libro
667 781 825 854 (271)
880 789 971 836 sic:
1048 803 1217 849 „nuno
1270 789 1422 836 etiam
1474 788 1703 836 horribili
1757 787 1869 836 visu

169 864 403 925 portenta
472 865 753 925 sequuntur
811 865 861 910 et
922 861 1043 910 socii
1108 861 1279 910 amissi
1345 863 1599 923 petierunt
1667 862 1869 911 aethera

171 936 336 999 pinnis
394 936 776 999 fluminibusque
829 939 1079 1000 vagantur
1133 951 1247 984 aves
1309 930 1428 1001 (heu
1483 936 1592 984 dira
1644 952 1868 984 meorum
1902 950 1943 981 10

170 1005 463 1074 supplicial)
502 1014 553 1058 et
590 1010 819 1072 scopulos
857 1010 1132 1058 lacrimosis
1171 1009 1374 1058 vocibus
1410 1008 1650 1073 inplent.“
1715 1025 1868 1072 quan-

169 1087 224 1132 ta
264 1100 379 1148 ergo
416 1084 743 1133 Troianorum
786 1085 999 1133 felicitas
1039 1084 1159 1144 fuit,
1198 1085 1277 1144 ut,
1316 1085 1436 1146 quia
1476 1100 1627 1132 aurae
1666 1085 1871 1147 inpulsu

171 1159 355 1207 leviore
404 1158 733 1222 navigabant,
783 1158 1054 1220 repentinis
1094 1163 1356 1206 ventorum
1394 1158 1597 1207 flatibus
1634 1158 1869 1221 Neptuno

171 1233 376 1280 iuvante
418 1248 504 1294 per
540 1234 651 1280 loca
690 1233 897 1281 adversa
937 1234 1178 1294 oportune
1217 1233 1535 1280 transissent!

289 1307 496 1366 Iamque
547 1308 827 1354 rubescebat
881 1307 1041 1354 radiis
1100 1321 1237 1354 mare
1298 1310 1339 1353 et
1401 1307 1588 1354 aethere
1649 1308 1711 1355 ab
1774 1306 1870 1354 alto
1905 1319 1944 1352 15

169 1379 372 1428 Aurora
429 1382 483 1428 in
539 1381 690 1429 roseis
739 1381 955 1441 flalyebat
1005 1380 1133 1428 lutea
1183 1381 1329 1441 biyis:
1414 1380 1638 1442 auspicia
1692 1380 1869 1429 descri-

171 1454 355 1502 buntur
409 1454 586 1516 quibus
643 1455 707 1502 ad
758 1455 964 1502 Italiam
1013 1455 1212 1502 veniens
1259 1454 1452 1502 Aeneas
1501 1456 1734 1516 exceptus
1781 1457 1870 1515 est,

172 1528 448 1590 apparebat
495 1530 619 1590 iam,
666 1529 851 1591 inquit,
897 1529 1012 1590 post
1057 1528 1217 1576 noctis
1264 1529 1469 1577 decursa
1508 1529 1674 1591 spatia
1711 1544 1869 1577 novae

170 1603 296 1650 lucis
344 1604 563 1663 exortus,
611 1603 803 1650 caelum
848 1602 1051 1650 remotis
1098 1602 1314 1650 nubibus
1361 1620 1561 1664 purum,
1602 1605 1652 1650 et
1691 1619 1870 1650 aurora

170 1676 364 1740 fulgens
412 1676 737 1739 praecedebat
784 1676 1030 1738 splendidi
1077 1677 1194 1724 solis
1243 1692 1507 1739 egressum.
1586 1692 1694 1724 carn
1742 1678 1872 1724 venti
1903 1690 1946 1721 20

164 1765 371 1810 posuere
417 1751 664 1808 omnisque
709 1754 899 1810 repente
944 1750 1121 1797 resedit
1161 1751 1310 1808 flatus
1350 1754 1393 1798 et
1429 1752 1482 1798 in
1523 1751 1645 1798 lento
1686 1751 1870 1798 laetan-

171 1828 252 1871 tnr
292 1839 533 1871 marmore
576 1828 766 1871 tonsae:
828 1825 973 1886 quasi
1021 1825 1202 1872 scirent
1246 1824 1349 1871 iam
1396 1840 1446 1872 se
1493 1840 1591 1872 non
1639 1840 1742 1874 esse
1788 1840 1870 1872 ne-

172 1898 433 1959 cessarios,
497 1898 712 1946 officiose
777 1898 1104 1946 discesserant
1163 1899 1323 1959 venti,
1384 1915 1519 1946 mare
1580 1900 1748 1961 ipsum
1802 1899 1872 1946 sie

171 1971 432 2034 repentina
469 1971 731 2034 placiditas
772 1974 1042 2031 straverat,
1089 1974 1146 2019 ut
1183 1973 1404 2034 spatium
1443 1972 1577 2034 quod
1617 1975 1873 2035 supererat

171 2045 459 2094 remissione
499 2046 754 2094 molestiae
793 2047 1077 2093 luctaminis
1117 2048 1285 2107 posset
1323 2046 1531 2094 excludi.
1610 2050 1751 2106 atque
1796 2047 1873 2094 hic
1904 2058 1945 2090 25

171 2119 366 2167 Aeneas
411 2121 649 2179 inqentern
688 2134 743 2167 em
783 2134 987 2178 aequore
1034 2120 1195 2167 lucam
1236 2121 1494 2179 prospicit:
1556 2122 1719 2168 facilis
1767 2135 1870 2168 esse

173 2194 338 2256 potuit
368 2193 468 2241 luci
500 2194 785 2255 apparentis
816 2194 1057 2255 inspectio
1092 2210 1150 2241 ex
1179 2195 1454 2256 tranquillo
1487 2195 1667 2258 pelagi,
1699 2209 1870 2242 sereno

174 2266 300 2316 caeli
338 2269 388 2313 et
426 2267 526 2314 sole
567 2269 812 2330 surgente.
883 2268 1011 2315 lianc
1041 2269 1166 2314 inter
1196 2269 1345 2325 flavio
1380 2269 1640 2315 Tiberinas
1673 2282 1870 2315 amoeno

173 2342 429 2388 verticibus
478 2341 670 2399 rapidis
722 2345 762 2387 et
811 2342 965 2388 malta
1015 2343 1176 2398 flavus
1226 2342 1413 2389 harena
1469 2343 1520 2388 in
1574 2356 1710 2388 mare
1743 2355 1871 2400 ,pro-

173 2416 381 2474 rampit:
442 2414 706 2476 descriptio
755 2415 854 2461 luei
900 2419 949 2462 et
994 2415 1235 2462 fluminis:
1294 2416 1425 2462 inter
1470 2414 1751 2475 frondosas,
1797 2416 1870 2462 in·
1904 2428 1946 2457 30

177 2490 308 2550 quit⁷
360 2488 556 2536 arbores
608 2488 858 2535 ferebatur
910 2489 1174 2536 verticibus
1223 2488 1410 2550 rapidis
1463 2504 1669 2536 amoeno
1719 2488 1870 2535 fluvio

177 2563 435 2609 Tiberinus
476 2564 546 2622 et,
586 2563 702 2609 licet
739 2563 879 2609 illum
921 2565 1067 2623 rapta
1106 2562 1341 2610 velocitas
1382 2563 1624 2623 volveret,
1664 2578 1868 2624 appare-

297 2709 317 2746 1
350 2709 589 2759 praeterea
620 2703 740 2746 ‘cada
764 2702 817 2744 V.
933 2707 956 2744 2
991 2703 1214 2755 informas
1239 2702 1279 2744 V
1310 2702 1532 2757 informia
1562 2716 1644 2745 nos
1678 2716 1765 2745 om.
1799 2702 1869 2745 ed.

178 2768 201 2806 3
235 2764 415 2808 romani
438 2762 479 2805 V
509 2764 701 2806 Troiani
733 2762 803 2804 ed.
842 2778 844 2782 ¹
880 2763 1055 2815 formas
1079 2760 1119 2802 V
1151 2761 1222 2803 ed.
1255 2763 1396 2805 Troas
1427 2774 1523 2803 nos.
1624 2767 1652 2804 4
1684 2762 1872 2804 liberare

177 2822 218 2863 V
251 2835 364 2865 corr.
398 2822 468 2864 ed.
572 2827 597 2864 5
630 2822 878 2865 debuerant
902 2820 941 2862 V
975 2833 1088 2863 corr.
1123 2820 1194 2862 ed.
1290 2824 1343 2863 10
1370 2821 1534 2875 pinnis
1557 2819 1598 2861 V
1624 2821 1768 2875 primi
1799 2820 1869 2863 ed.

181 2886 231 2924 11
280 2882 477 2936 scopulis
517 2879 569 2923 V.
702 2885 756 2922 22
804 2885 965 2923 tunsae
1006 2878 1056 2922 V.
1182 2883 1236 2922 23
1281 2879 1480 2933 officiose
1518 2878 1560 2920 V
1606 2879 1757 2933 officio
1800 2879 1869 2921 ed.

178 2946 231 2983 25
265 2941 446 2983 molesta
480 2940 550 2981 ed.
639 2942 695 2982 28
727 2940 842 2983 caeli
873 2951 959 2981 om.
988 2938 1057 2981 ed.
1142 2942 1194 2980 31
1221 2937 1511 2981 radicibasV
1535 2938 1775 2983 verticibus
1799 2937 1869 2980 ed.
