2050 3226
821 260 1126 306 AENEIDOS
1158 260 1222 304 IX
1760 263 1869 317 203

176 403 351 463 otium,
374 401 684 450 solverentur
713 402 882 463 potius
906 399 1110 450 vincula
1137 400 1306 449 eadem
1333 416 1484 463 quam
1507 403 1867 463 rumperentur.

175 475 547 537 delphinumque
593 475 734 523 modo
781 475 1013 524 demersis
1059 489 1273 535 aequora
1317 475 1489 524 rostris
1533 475 1636 523 ima
1673 478 1870 536 petunt:
1887 485 1972 525 120

173 550 280 613 ipse
334 548 564 613 exposuit
617 548 739 612 quid
795 548 861 598 sit
915 548 1303 612 delphinumque
1332 548 1526 610 ‚mod0,
1582 565 1693 597 cum
1747 548 1871 597 dicit

173 625 378 674 navium
405 626 569 673 rostra
592 623 812 687 primum
842 623 944 671 ima
967 622 1197 687 aequoris
1220 622 1446 686 peffiiss03
1478 623 1700 686 delphini
1724 624 1869 685 enim,

123 710 142 743 5
174 714 286 747 cum
307 699 412 747 ima
433 698 596 746 maria
618 699 810 760 petunt,
840 697 1055 760 primam
1076 699 1309 762 mergunt
1331 697 1409 746 sui
1432 697 1651 760 corporis
1674 699 1871 760 partem

171 773 266 821 hoc
296 774 372 821 est
402 774 567 836 caput.
627 772 740 820 hine
769 772 1017 833 virgineae
1048 771 1296 832 (mirabile
1331 772 1622 828 monstrum)
1661 771 1872 820 reddunt

171 861 223 895 se
252 847 443 895 totidem
473 846 629 907 facies
652 849 898 907 pontoque
918 846 1171 906 feruntur:
1202 847 1328 909 quot
1349 861 1499 895 naves
1523 861 1714 894 mersae
1739 847 1871 907 sunt,

170 919 383 970 totidem
412 921 565 969 facies
597 919 848 984 virgineas
880 920 1088 985 pelagus
1120 919 1351 968 reddidit.
1413 921 1626 969 totidem
1654 919 1781 982 ideo,
1811 922 1872 968 ut

172 995 453 1044 ostenderet
489 1010 661 1044 revera
698 994 834 1057 ipsas
874 1010 978 1044 esse
1019 1010 1148 1057 quae
1186 995 1389 1043 fuerant
1425 1010 1631 1043 mersae.

98 1081 140 1114 10
294 1068 577 1129 Obstipuere
623 1069 780 1117 animi
823 1069 1049 1117 Rutulis:
1101 1068 1234 1132 quod
1279 1068 1406 1117 dixit
1453 1068 1756 1132 obstipuere,
1807 1068 1871 1117 ad

171 1143 302 1192 solos
341 1143 555 1192 Rutulos
605 1142 835 1206 pertinet.
905 1142 1186 1205 obstipuere
1233 1142 1389 1191 animi
1425 1143 1649 1204 Rutulis,
1695 1145 1869 1206 utpote

172 1219 261 1280 qui
305 1218 432 1266 talia
477 1216 759 1280 probabant
803 1218 984 1266 merita
1029 1216 1374 1266 Troianorum.
1438 1217 1718 1279 obstipuere
1769 1232 1870 1265 non

172 1292 236 1339 ad
281 1291 699 1354 permutationem
744 1290 950 1340 navium
995 1292 1213 1354 pertinet
1257 1291 1630 1353 tantummodo,
1677 1290 1763 1340 sed
1805 1291 1871 1339 ad

172 1367 339 1414 omnia
379 1381 505 1429 quae
552 1366 661 1415 visa
706 1365 908 1414 fuerant
944 1366 1025 1414 vel
1065 1366 1254 1414 audita.
1321 1365 1668 1429 obstipuerunt
1712 1365 1871 1429 igitur

97 1451 139 1484 15
171 1440 322 1489 simul
351 1441 572 1489 universi
600 1455 689 1488 nec
719 1440 962 1489 remansit
993 1440 1257 1502 quisquam
1289 1441 1379 1503 qui
1409 1456 1509 1489 non
1542 1439 1869 1488 admiratione

170 1516 435 1563 teneretur.
495 1514 783 1563 conterritus
811 1515 917 1574 ipse
946 1515 1156 1563 turbatis
1178 1515 1447 1575 Messapus
1471 1516 1629 1574 equis:
1665 1515 1870 1563 territus

171 1591 247 1638 est
284 1590 391 1652 ipse
431 1604 628 1652 quoque
666 1588 923 1651 Messapus
975 1590 1127 1651 atque
1178 1588 1294 1652 equi
1332 1590 1436 1638 eius
1476 1590 1586 1637 visu
1623 1589 1731 1651 ipso
1763 1590 1869 1637 tur·

169 1662 277 1711 bati
308 1665 439 1712 sunt.
498 1662 621 1726 ipse,
658 1662 840 1725 inquit,
878 1662 1154 1726 Messapus,‚
1194 1664 1282 1726 qui
1314 1666 1442 1712 esset
1473 1666 1704 1712 constans
1738 1662 1870 1711 inter

170 1752 286 1786 suos
341 1739 392 1786 et
443 1736 626 1786 fiducia
679 1738 882 1786 virtutis
932 1737 1236 1799 intrepiduS,
1284 1738 1337 1785 in
1385 1739 1585 1787 tantum
1630 1739 1867 1800 perterre-

95 1822 139 1855 20
169 1812 331 1860 factus
364 1814 453 1872 est,
483 1813 543 1860 ut
574 1827 728 1875 equos
761 1827 876 1861 suos
907 1813 1073 1860 tenere
1104 1828 1205 1860 non
1227 1814 1417 1874 posset,
1450 1827 1576 1874 quos
1608 1811 1869 1860 constabat

171 1901 284 1934 cum
315 1885 514 1934 domino
548 1901 652 1934 esse
684 1886 926 1935 turbatos.
990 1886 1189 1948 qualem
1222 1886 1415 1935 interea
1445 1888 1680 1949 putamus
1712 1887 1867 1933 terro-

168 1976 274 2008 rem
311 1960 463 2008 fuisse
510 1975 622 2009 eum
658 1959 750 2008 illa
794 1960 990 2022 fierent,
1031 1960 1231 2022 quando
1270 1961 1550 2009 maiestatis
1590 1959 1867 2023 potentiam

171 2035 411 2082 animalia
450 2034 602 2082 etiam
631 2036 775 2082 muta
806 2033 1099 2084 senserunt?
1161 2038 1415 2083 cunctatur
1447 2039 1490 2083 et
1519 2035 1682 2083 amnis
1711 2049 1868 2083 rauca
1886 2037 1970 2077 125

168 2123 377 2157 sonans:
406 2124 586 2156 raucus
610 2123 762 2157 sonus
786 2110 862 2157 est
884 2108 1048 2157 undae
1072 2108 1305 2158 tardioris
1338 2111 1388 2158 et
1410 2125 1611 2172 parvae.
1656 2112 1867 2157 revocat-

96 2192 138 2225 25
170 2197 259 2244 que
287 2183 464 2242 pedem
503 2183 765 2231 Tiberinus
804 2183 866 2231 ab
906 2183 1029 2231 alto:
1066 2182 1350 2232 retardatus
1390 2184 1544 2232 etiam
1582 2182 1866 2246 potentissi-

168 2272 280 2306 mus
320 2256 510 2305 Tiberis
559 2273 618 2304 ex
663 2257 739 2305 his
789 2273 917 2319 quae
956 2257 1008 2304 in
1046 2257 1270 2306 favorem
1307 2259 1515 2307 navium
1560 2260 1702 2321 gesta
1748 2259 1867 2305 sunt

167 2331 221 2378 in
258 2331 439 2380 fluctus
477 2331 629 2379 maris
667 2346 768 2379 non
807 2330 1023 2379 audebat
1061 2331 1206 2380 exire.
1268 2335 1320 2380 at
1358 2347 1457 2380 non
1489 2332 1669 2380 audaci
1698 2332 1866 2379 Turno

167 2406 354 2464 fiducia
392 2406 554 2453 cessit:
593 2407 647 2454 at
685 2405 854 2453 Turno
894 2405 1073 2454 audaci
1110 2421 1211 2453 non
1249 2407 1398 2455 cessit
1434 2405 1630 2454 fiducia.
1692 2404 1866 2466 omniS‚

168 2479 355 2542 inquit,
394 2479 519 2527 facti
555 2478 781 2528 novitate
821 2481 1150 2542 occupaverat
1188 2482 1383 2543 stupor,
1422 2481 1668 2539 homines,
1712 2494 1865 2540 equos

96 2563 139 2596 8⁰
170 2555 220 2602 et
264 2554 448 2602 flumen
495 2569 608 2602 cum
654 2554 763 2615 ipso
812 2552 902 2601 deo
950 2568 1062 2615 suo,
1114 2553 1325 2602 audacia
1373 2556 1542 2603 tamen
1589 2554 1745 2601 Turni
1790 2552 1864 2600 in-

169 2627 364 2676 mobilis
388 2627 588 2676 mansit.
641 2627 895 2675 temerarii
927 2627 1059 2675 enim
1089 2643 1189 2675 non
1219 2630 1482 2677 moventur
1512 2644 1570 2676 ex
1602 2626 1866 2675 accidenti·

291 2744 316 2783 5
343 2740 499 2795 prima
523 2738 566 2781 V
591 2752 703 2782 corr.
732 2738 802 2782 ed.
899 2743 922 2781 7
954 2740 1062 2794 post
1091 2739 1307 2793 feruntur
1335 2753 1518 2784 versum
1544 2738 1752 2795 spurium
1779 2742 1861 2781 121

171 2798 278 2842 add.
322 2798 410 2852 ed.‚
455 2797 585 2841 deest
630 2797 680 2840 in
714 2796 757 2840 V
799 2810 949 2853 neque
997 2797 1269 2854 explicatur.
1401 2803 1427 2843 8
1470 2799 1652 2843 totidem
1693 2798 1863 2842 ideo—

171 2861 196 2899 9
228 2871 399 2902 mersae
435 2857 528 2900 huc
565 2856 854 2912 transposui,
885 2858 993 2912 post
1016 2859 1218 2913 pertinet
1247 2859 1339 2914 (11)
1364 2857 1406 2900 V
1430 2858 1501 2901 ed.
1626 2861 1677 2900 11
1719 2858 1866 2901 animi

169 2917 337 2961 rutulis
368 2918 415 2960 et
446 2915 571 2959 infra
594 2915 637 2958 V
661 2916 831 2960 animis
853 2916 1022 2960 Rutuli
1045 2916 1116 2960 ed.
1226 2922 1279 2961 19
1312 2919 1363 2961 in
1395 2930 1482 2960 om.
1509 2916 1580 2960 ed.
1682 2920 1737 2959 22
1768 2930 1864 2960 ma-

169 2976 348 3031 yistatis
365 2974 409 3017 V
433 2989 547 3019 corr.
568 2974 639 3019 ed.
733 2979 788 3018 25
812 2975 1075 3019 retardatur
1099 2975 1169 3020 ed.
1265 2981 1319 3019 26
1346 2981 1387 3020 et
1408 2990 1464 3019 ex
1488 2974 1529 3018 V
1554 2974 1623 3019 ed.
1650 2980 1691 3019 et
1714 2974 1865 3019 delevi

172 3032 228 3076 cf.
260 3049 300 3078 v.
327 3039 397 3078 51.
513 3038 569 3078 28
608 3034 739 3078 cessit
775 3033 809 3087 f.
848 3034 1004 3078 Turno
1043 3034 1114 3078 ed.
1246 3039 1300 3078 30
1333 3040 1484 3079 tamen
1507 3033 1549 3077 V
1579 3039 1758 3079 tantum
1790 3034 1861 3079 ed.

172 3096 225 3135 31
258 3094 510 3138 temerariis
532 3092 574 3136 V
607 3106 720 3136 corr.
747 3092 818 3136 ed.
865 3092 870 3150 Ι
917 3093 1230 3138 accedentibus
1253 3093 1295 3136 V
1320 3107 1433 3137 corr.
1460 3093 1531 3138 ed.
