2050 3226
27 1019 80 1058 ,10

36 1390 79 1423 1⁶

35 1759 80 1793 20

37 2130 80 2164 2⁶

748 198 1053 244 AENElDos
1077 198 1164 244 vn
1731 201 1802 255 51

111 337 258 401 [quin
295 338 423 387 idem
463 339 638 387 Veneri
668 342 848 399 partus
885 337 1036 400 suus]
1074 342 1118 387 et
1152 338 1303 386 Paris
1341 338 1463 386 alter
1491 339 1805 398 funestaeque

112 413 286 460 iterwm
329 412 546 461 recidiva
589 413 644 460 in
687 413 933 474 Pergama
982 413 1175 461 taedae:
1226 411 1467 460 indicium
1521 429 1579 460 ex
1624 412 1803 461 Paride

112 489 316 549 captum
362 489 438 536 est
484 489 606 535 tunc
651 486 811 550 magis
857 488 1017 550 perire
1065 487 1330 548 TroianOS‚
1379 501 1491 535 cum
1540 489 1805 535 nectuntur

110 560 370 610 uxoribus:
411 559 591 610 Cisseis
638 562 834 624 peperit
877 561 1132 623 Paridem,
1171 560 1256 609 sed
1297 560 1444 609 istius
1484 560 1803 610 nativitatem

30 672 38 684 .
111 637 483 698 praecesserant
519 635 731 696 somnia,
771 651 897 698 quae
936 651 1037 684 non
1076 637 1301 684 exortum
1338 634 1574 696 hominis„
1621 635 1708 683 sed
1746 651 1805 684 ex

32 729 39 734 -
110 709 350 758 incendiis
389 710 616 758 futurum
655 708 914 758 interitum
959 710 1265 758 nuntiarent.
1340 708 1395 756 in
1439 710 1534 758 hoc
1580 710 1803 772 exemplo

112 782 178 832 sit
215 785 266 831 et
302 783 510 832 Veneris
548 785 743 846 partus,
781 786 840 832 ut
875 799 1135 833 renascens
1168 783 1318 832 Troia
1357 785 1473 832 ante
1503 783 1638 845 ipsas
1679 799 1802 846 quas

110 860 414 920 praeparant
450 857 652 920 nuptias
699 860 1033 906 consumatur.
1103 874 1213 906 ecce
1252 860 1302 906 et
1339 858 1420 906 hic
1458 860 1644 906 tractat
1681 858 1803 906 Ver-

110 931 262 996 gilius
300 947 406 981 esse
445 932 647 994 quidem
676 932 861 994 fatum,
901 932 1056 996 quod,
1095 932 1214 980 licet
1243 925 1471 995 superari
1500 948 1600 981 non
1631 932 1804 995 possit,

110 1006 278 1054 valeat
309 1008 478 1054 tamen
510 1006 680 1069 aliquo
710 1006 1048 1069 inpedimento
1079 1006 1294 1068 turbari,
1332 1021 1432 1054 non
1464 1012 1632 1054 autem
1662 1023 1802 1070 prae-

23 1096 25 1098 ·
109 1080 261 1142 verti,
306 1081 454 1129 licere
502 1081 547 1128 ei
592 1081 683 1142 qui
728 1080 1038 1129 currentibus
1084 1081 1298 1129 feliciter
1343 1080 1461 1129 fatis
1509 1079 1685 1129 obvius
1731 1081 1804 1128 ire

110 1154 339 1203 valuerit.

228 1229 369 1277 Haec
405 1229 491 1277 ubi
529 1228 658 1276 dieta
696 1228 847 1284 dedit,
889 1232 1046 1277 terras
1083 1229 1328 1276 horrenda
1362 1229 1558 1288 petivit:
1603 1229 1802 1277 horren-

112 1303 227 1350 dam
272 1302 399 1351 dixit
450 1319 509 1351 ex
562 1318 714 1351 causa
764 1302 980 1367 ingentis
1032 1303 1322 1351 iracundiae
1377 1303 1804 1351 vehementissime

112 1379 429 1438 commotam,
489 1376 543 1424 in
595 1378 797 1425 tantum
849 1379 907 1425 ut
967 1377 1193 1440 quisquis
1254 1393 1363 1425 eam
1427 1379 1647 1424 cerneret
1699 1379 1805 1426 sine

109 1451 310 1499 horrore
343 1466 448 1500 esse
478 1467 578 1499 non
608 1454 797 1514 posset3
827 1467 1013 1515 magna
1051 1452 1182 1500 enim
1214 1450 1289 1500 vis
1329 1452 1404 1499 est
1434 1467 1604 1499 eorum
1636 1452 1722 1514 qui
1751 1452 1805 1499 in

110 1540 305 1574 summa
342 1526 592 1587 potestate
630 1525 784 1588 positi
822 1527 1210 1574 commoventur.
1287 1524 1489 1574 dimisso
1529 1541 1646 1590 ergo
1694 1541 1804 1573 aere

111 1615 210 1662 quo
257 1599 530 1648 vehebatur
566 1599 706 1648 venit
742 1599 804 1647 ad
842 1602 1042 1648 terram.
1119 1600 1382 1658 luctificam
1422 1598 1628 1656 AlleeiO,
1677 1616 1804 1662 quae

109 1673 236 1721 nihil
273 1673 411 1722 aliud
449 1676 647 1736 praeter
684 1674 848 1722 luctus
880 1676 1049 1722 nosset
1079 1674 1270 1722 efficere
1303 1676 1392 1722 aut
1424 1689 1550 1736 quae
1585 1674 1806 1722 facerent

108 1747 295 1808 luctus,
345 1748 571 1796 dirarwm
609 1749 671 1796 ab
709 1748 819 1796 sede
857 1749 1062 1796 dearum
1099 1749 1401 1808 infernisque
1447 1749 1535 1796 ciet
1583 1749 1803 1804 tenebris,
1822 1749 1907 1788 325

110 1823 189 1869 cui
227 1822 387 1870 tristia
426 1822 551 1870 bella
587 1822 785 1882 iraeque
821 1823 1124 1882 insidiaeque
1156 1826 1199 1870 et
1237 1823 1446 1870 erimina
1476 1823 1626 1870 noxia
1658 1822 1803 1870 cordi.

110 1896 209 1943 odit
239 1899 282 1943 et
310 1896 415 1955 ipse
436 1899 583 1955 pater
604 1896 797 1953 Pluton,
829 1897 970 1944 odere
1000 1911 1188 1945 sorores
1222 1897 1490 1944 Tartareae
1519 1899 1802 1952 monstrum,

111 1973 175 2017 tot
212 1983 314 2017 sese
350 1970 491 2017 vertit
527 1970 582 2017 iu
619 1984 729 2027 ora,
770 1974 871 2018 iam
909 1985 1084 2019 saevae
1121 1971 1295 2031 faeieS,
1336 1973 1401 2018 tot
1436 1971 1655 2031 pulbulat
1693 1974 1805 2018 atra

111 2044 343 2091 colubris:
398 2046 589 2106 quanta
638 2044 886 2108 congessit
934 2045 1116 2106 quibus
1171 2043 1452 2093 ostenderet
1504 2044 1805 2107 exquisitum

109 2118 300 2165 malum
337 2119 388 2166 et
427 2134 526 2180 quo
572 2119 715 2180 peius
762 2135 862 2166 non
901 2121 1030 2167 esset
1068 2118 1163 2167 sibi
1208 2118 1450 2167 Iunonem
1498 2118 1803 2167 adhibuisse!

111 2194 160 2240 et
183 2207 356 2240 revera
387 2191 485 2240 nisi
515 2192 631 2240 talis
667 2192 978 2241 voluntatem
1009 2194 1221 2241 dolentis
1259 2193 1450 2255 inplere
1485 2208 1584 2240 non
1622 2196 1803 2254 posset.

112 2268 161 2314 et
197 2265 314 2314 licet
352 2266 575 2314 sufficere
615 2266 815 2314 deberet
861 2266 993 2329 quod
1038 2267 1310 2315 luctificam
1357 2266 1484 2314 dixit
1529 2268 1580 2313 et
1623 2283 1681 2313 ex
1718 2266 1804 2314 Di-

110 2355 279 2388 rarum
332 2343 476 2389 coetu
531 2342 682 2403 atque
737 2340 799 2388 ab
854 2341 976 2403 ipsis
1029 2341 1246 2389 tenebris
1302 2343 1580 2401 evocatam,
1638 2343 1805 2388 tamen

112 2413 306 2462 addidit
335 2415 437 2463 alia
469 2414 647 2476 quibus
681 2417 853 2477 aptam
883 2414 1084 2479 negotio
1110 2415 1485 2464 demonstraret.
1534 2415 1616 2462 cui
1639 2415 1805 2462 tristia

233 2605 255 2643 1
289 2599 594 2655 quin—suus
626 2600 758 2643 deest
787 2599 838 2642 in
869 2598 924 2652 V,
958 2599 1039 2643 sed
1072 2599 1342 2655 explicatur.
1455 2604 1482 2642 4
1514 2599 1733 2642 uxoribus
1763 2597 1805 2639 V

112 2673 155 2702 u.
182 2659 451 2715 alieniyeuis
482 2659 552 2703 ed.
677 2664 703 2702 6
735 2660 936 2714 exemplo
966 2658 1008 2702 V
1044 2664 1237 2703 extremo
1269 2659 1340 2702 ed.
1465 2663 1490 2700 8
1526 2671 1806 2702 cousumma-

113 2722 189 2761 tm·
218 2716 273 2761 V.
397 2722 422 2761 9
456 2723 610 2774 posset
639 2717 680 2761 V
713 2718 783 2761 ed.
909 2722 964 2761 10
1002 2720 1110 2773 post
1148 2723 1296 2762 autem
1330 2716 1522 2760 verbum
1560 2730 1645 2771 per
1683 2729 1806 2759 com-

113 2776 357 2832 pendium,
396 2778 451 2820 ut
488 2777 693 2830 videtur,
734 2779 781 2821 et
820 2775 981 2833 ligatis
1014 2777 1185 2821 litteris
1217 2777 1443 2832 scriptum
1474 2775 1618 2818 habet
1644 2774 1686 2818 V
1718 2788 1804 2832 ego

106 2837 336 2891 praeverti
359 2835 510 2890 elicio,
528 2812 760 2892 prohiberi
784 2835 855 2879 ed.
881 2836 1007 2890 quod
1030 2836 1159 2880 nullo
1182 2835 1321 2879 modo
1345 2837 1502 2891 potest
1527 2834 1805 2889 extorqueri.

116 2899 169 2937 12
201 2896 393 2939 voluerit
427 2895 498 2939 ed.
622 2899 676 2939 19
716 2896 883 2949 faceret
921 2895 990 2938 ed.
1115 2899 1171 2938 20
1203 2895 1393 2939 dearum
1424 2893 1465 2936 V
1496 2907 1700 2937 sororum
1733 2893 1803 2937 ed.

115 2958 169 2996 22
202 2955 422 2998 tartariae
445 2953 500 2998 V.
583 2959 639 2997 23
664 2959 769 2998 atra
792 2953 831 2995 V
857 2967 940 2998 ora
965 2953 1035 2998 ed.
1114 2959 1170 2997 24
1195 2955 1358 3010 quibus
1381 2952 1422 2995 V
1454 2958 1506 2997 ut
1529 2950 1670 2996 HOU
1696 2953 1801 2997 ed.
1798 2997 1801 3009 ,

115 3013 422 3067 exquaesitum
453 3012 508 3057 V.
632 3017 686 3056 29
720 3013 852 3057 addit
882 3013 951 3056 ed.
1005 3013 1009 3070 Ι
1060 3018 1209 3058 artam
1240 3011 1282 3055 V
1314 3016 1470 3068 aptam
1503 3011 1573 3054 ed.

1482 3098 1539 3142 4*
