2050 3226
773 179 1080 226 AENEIDOS
1110 179 1153 224 X
1696 183 1804 238 293

44 342 62 379 ι,
113 323 203 370 aut
231 302 376 372 suum
404 321 581 384 utpote
610 319 716 368 filia
747 322 839 369 aut
867 319 1072 369 deorum
1110 319 1332 368 omnium
1361 321 1421 368 ut
1452 320 1557 368 dea.
1612 319 1807 369 addidit

111 394 368 443 hominum
418 397 468 443 et
516 393 688 443 divum
737 396 938 443 aeterna
986 395 1232 458 potestas,
1279 396 1340 443 ut
1389 393 1669 443 ostenderet
1717 410 1806 444 nec

110 468 369 518 hominum
408 484 710 532 quemquam
745 484 836 517 nec
873 468 1078 518 deorum
1116 467 1291 517 debere
1329 467 1428 516 niti
1472 468 1708 517 adversus
1748 483 1807 516 ea

28 556 31 561 ’
113 559 240 606 quae
278 542 430 592 vellet
465 542 552 590 ille
585 543 676 605 qui
703 542 912 591 haberet
942 544 1197 591 aeternam
1225 543 1539 605 potestatem.
1596 543 1806 591 aeterni·

26 614 82 686 ᾖ
109 619 267 666 tatem
303 617 569 680 potestatis
598 616 871 666 necessarie
903 615 1106 679 adiecit3
1143 618 1356 680 possunt
1394 617 1527 665 enim
1558 617 1807 666 contemni

28 743 30 746 ,
112 691 294 755 quibus
334 690 605 753 aliquando
644 690 935 740 succeditur.
991 691 1224 751 (namque
1254 690 1395 739 aliud
1425 691 1543 750 quid
1578 692 1644 739 sit
1679 691 1807 750 quod

30 764 56 798 ’ἱ
109 765 212 814 iam
247 765 498 825 inplorare
526 766 814 824 queamus?)
846 765 1004 813 cernis
1032 768 1089 812 ut
1115 765 1349 813 insultent
1375 764 1552 813 Rutuli
1584 765 1806 814 Turnus-

110 852 200 900 que
243 841 435 899 feratur
469 853 565 900 per
607 839 791 888 medios
835 839 1045 900 insignis
1084 839 1218 898 equis
1254 838 1561 900 tumidusque
1597 839 1806 888 secundo

31 928 43 979 3
108 913 277 962 Marte
312 914 460 961 ruat?
511 929 750 978 magnum
782 913 966 962 doloris
998 912 1266 962 commovit
1296 913 1564 975 adfectum,
1604 913 1804 977 quando

109 987 175 1035 ad
210 986 263 1034 id
300 990 544 1036 memorat
581 987 836 1036 fortunam
874 986 1204 1036 Troianorum
1248 1002 1352 1036 esse
1398 987 1711 1050 perductam,
1748 989 1808 1036 ut

109 1062 214 1110 eius
261 1061 406 1111 malis
451 1061 591 1110 nullo
636 1061 736 1111 iam
783 1062 943 1124 possit
986 1060 1205 1110 remedio
1250 1061 1515 1111 subveniri.
1592 1061 1805 1124 denique

23 1161 51 1212 «ι
109 1135 199 1184 sub
259 1135 355 1184 tali
413 1135 606 1184 invidia
665 1135 933 1184 subnexuit
993 1134 1150 1188 cernis
1210 1137 1270 1184 ut
1329 1136 1574 1185 insultent
1625 1136 1806 1185 Rutuli

28 1228 47 1268 3
109 1210 408 1272 Turnusque
454 1210 644 1258 feratur
688 1227 778 1272 per
821 1210 1010 1258 medios
1048 1208 1261 1274 insignis
1301 1211 1443 1272 equis
1481 1210 1803 1274 tumidusque

28 1275 46 1304 '¹7
108 1284 322 1332 secundo
359 1284 517 1332 Marte
566 1283 717 1333 ruat?
767 1284 912 1347 quid,
954 1283 1144 1347 inquit,
1192 1284 1273 1332 vel
1319 1285 1466 1346 quale
1516 1284 1807 1333 beneficium

33 1362 77 1422 tp
107 1358 315 1420 perditis
363 1357 564 1422 petam?
647 1358 883 1419 facerem,
930 1358 974 1406 si
1018 1357 1212 1420 aliquid
1261 1358 1368 1421 spei
1417 1361 1698 1421 superesset
1746 1359 1806 1407 de

32 1487 34 1489 ,
105 1432 251 1495 meis,
298 1431 401 1480 iam
449 1432 670 1495 perfecta
721 1433 935 1481 victoria
994 1434 1092 1494 est,
1144 1432 1459 1495 triumphant
1511 1433 1689 1481 Rutuli
1741 1435 1805 1494 et,

28 1551 30 1554 ,
106 1506 241 1570 quod
272 1509 348 1555 est
378 1506 514 1555 omni
542 1507 829 1555 calamitate
861 1505 1100 1568 deterius,
1130 1506 1276 1556 victis
1306 1507 1555 1556 insultant
1585 1507 1804 1557 Turnus-

44 1607 46 1610 *
107 1597 203 1644 que
240 1579 347 1644 ipse
384 1580 517 1630 inter
554 1580 742 1630 medios
781 1580 980 1631 vehitur
1015 1582 1170 1630 tutus.
1240 1580 1372 1644 quod
1404 1580 1477 1630 ait
1508 1581 1805 1644 Turnusque

20 1681 30 1727 3
105 1654 298 1704 feratur
345 1671 433 1718 per
480 1655 669 1705 medios
717 1654 928 1720 insignis
979 1655 1141 1718 equis,
1195 1656 1246 1702 et
1297 1658 1531 1718 portatur
1579 1656 1805 1720 intellegi

64 1752 69 1789 2
105 1731 286 1792 potest,
310 1730 549 1792 quoniam
572 1745 814 1792 equorum
829 1730 966 1778 facta
981 1730 1381 1779 commemoratio
1400 1732 1490 1791 est,
1506 1731 1556 1777 et
1572 1730 1805 1792 superbia

40 1815 45 1826 ·‘
106 1803 318 1865 feratur,
365 1805 602 1866 quoniam
652 1803 712 1852 de
758 1804 946 1853 victore
992 1804 1312 1867 loquebatur,
1362 1820 1511 1867 quem
1561 1804 1804 1853 secundae

43 1869 46 1875 ¹
105 1892 183 1926 res
239 1879 454 1926 erectum
507 1878 869 1941 sublimemque
914 1878 1238 1942 perfecerant.
1312 1878 1526 1942 denique
1577 1879 1805 1941 sequitur

105 1951 426 2014 tumidusque
481 1953 693 2001 secundo
743 1953 904 2001 Marte
957 1954 1089 2001 ruat.
1189 1967 1296 2001 ecce
1356 1952 1487 2001 unde
1537 1952 1804 2016 ferebatur,

16 2024 23 2100 ἰ
107 2027 347 2089 quoniam
383 2026 554 2075 favore
589 2027 767 2076 Martis
805 2027 999 2075 utiliter
1037 2027 1446 2090 commodumque
1476 2030 1804 2091 pugnaverat.

26 2142 57 2155 ,„
106 2099 358 2162 conplevit
394 2102 553 2163 partis
584 2101 744 2149 Turni
781 2104 832 2150 et
869 2102 974 2150 eius
1005 2101 1389 2164 prosperitatem
1418 2104 1683 2164 prosecuta
1713 2102 1803 2163 est,

105 2174 284 2237 incipit
314 2177 486 2223 contra
517 2191 803 2224 enumerare
829 2191 1030 2224 suorum
1056 2175 1286 2224 adversa:
1317 2190 1418 2224 non
1440 2176 1612 2224 clausa
1642 2179 1806 2237 teyunt

105 2249 208 2297 iam
266 2249 459 2298 moenia
513 2250 737 2298 Teucros,
829 2266 980 2311 quam
1032 2265 1171 2312 spem
1221 2249 1402 2298 habere
1454 2252 1664 2312 possunt
1718 2251 1803 2313 qui

105 2323 413 2371 munimenta
451 2323 776 2386 perdiderunt
813 2323 1247 2386 defensionemque
1288 2323 1598 2373 castrorum?
1684 2325 1802 2384 quin

104 2397 240 2445 intra
267 2401 442 2457 portas
481 2401 622 2457 atque
658 2399 781 2457 ipsis
815 2397 1004 2458 proelia
1033 2399 1234 2446 miscent
1264 2399 1520 2460 aqyeribus
1549 2413 1802 2446 murorum

63 2488 69 2506 ·
107 2474 150 2518 et
200 2471 448 2519 inundant
498 2472 740 2533 sanquine
791 2472 978 2531 fossas:
1032 2475 1358 2536 augmentum
1411 2476 1487 2522 est
1537 2473 1800 2533 malorum,

225 2647 252 2685 4
284 2647 327 2687 et
356 2644 560 2687 aeternit.
594 2642 664 2687 ed.
798 2647 825 2687 5
856 2644 1134 2688 necessariae
1163 2642 1262 2687 VR.
1397 2648 1421 2687 6
1460 2658 1547 2688 sua
1578 2643 1728 2687 editur
1758 2641 1800 2686 V

105 2701 304 2746 succedit
343 2701 383 2745 R
425 2702 682 2747 succeditur
722 2715 806 2746 nos
849 2701 906 2746 cf.
943 2706 984 2755 1,
1021 2706 1106 2746 230
1149 2716 1236 2747 sua
1269 2708 1469 2759 potestas
1510 2703 1686 2746 tollitur
1726 2701 1798 2746 ed.

109 2764 133 2803 7
158 2765 323 2805 turnus
345 2775 460 2816 quae
475 2761 530 2805 V.
624 2765 651 2806 8
674 2762 871 2818 insignis
894 2762 996 2817 quis
1011 2761 1066 2806 V.
1155 2766 1181 2805 9
1206 2767 1432 2806 materuat
1454 2762 1495 2804 R
1517 2761 1646 2814 item,
1671 2760 1753 2804 sed
1775 2775 1802 2805 r

109 2832 333 2875 superscr.
357 2819 413 2864 V.
538 2825 593 2864 14
625 2821 880 2876 benefitium
910 2820 964 2863 R.
1082 2826 1136 2865 15
1162 2821 1360 2877 perditis
1383 2821 1468 2863 VR
1491 2834 1581 2876 pro
1607 2834 1654 2875 p.
1682 2820 1753 2863 ed.
1792 2820 1796 2875 Ι

108 2877 162 2922 de
192 2879 302 2923 meis
333 2892 420 2923 om.
447 2879 519 2924 ed.
658 2884 712 2924 16
753 2885 816 2924 est
847 2892 935 2923 om.
962 2879 1033 2924 ed.
1172 2884 1227 2924 18
1270 2885 1521 2935 turnusque
1555 2878 1639 2922 VR
1681 2879 1802 2935 quod

114 2937 299 2982 Turnus
329 2938 402 2982 ed.
531 2943 585 2983 21
617 2940 784 2984 victore
806 2938 892 2982 VR
921 2939 1114 2984 victoria
1145 2939 1216 2983 ed.
1350 2943 1407 2982 24
1438 2938 1802 2995 commodumque

108 2995 150 3038 R
180 2997 490 3054 commodoque
512 2997 554 3041 V
584 2998 892 3054 commodeque
923 2997 995 3042 ed.
1117 3002 1174 3042 30
1203 2998 1352 3053 fossas
1374 2997 1460 3041 VR
1488 2997 1637 3052 fossae
1668 2997 1740 3042 ed.

1837 774 1894 815 20
