2050 3226
784 157 1089 208 AENEIDOS
1118 156 1184 201 XI
1723 161 1832 216 419

141 314 268 361 quae
306 299 431 361 fusis
468 297 612 347 Italis
635 300 783 360 rapta
806 299 923 348 sunt
952 297 1253 361 interposuit
1274 298 1667 362 generalitatem.
1718 300 1836 361 post

139 373 294 422 talem
339 373 471 421 enim
510 372 722 435 speciem
770 388 871 421 non
909 371 1081 420 debuit
1117 371 1379 435 speciatim
1433 371 1671 420 inferiora
1721 387 1836 421 con-

138 447 358 511 iungere.
409 446 571 495 multa
602 445 728 495 dixit
749 446 1012 495 Laurentis
1040 446 1263 510 praemia
1291 462 1512 510 pugnae,
1542 461 1714 494 eorum
1744 446 1836 495 sci-

139 522 257 570 licet
294 535 423 584 quae
454 521 702 583 superatis
739 520 794 569 in
823 521 953 570 bello
985 520 1210 569 detracta
1245 520 1578 569 noscebantur
1612 520 1832 568 armatis.

90 610 110 642 5
139 596 302 644 multa¹
332 594 460 643 dixit
489 597 541 643 et
569 597 796 659 aggerat,
829 611 955 658 quae
985 595 1098 658 ipsa
1126 594 1403 643 multarum
1433 595 1708 658 specierum
1736 594 1835 658 sig-

139 669 343 717 nificant
381 668 589 732 copiam.
651 670 801 734 longo
841 671 1008 717 autem
1046 668 1217 718 ordine
1253 668 1396 717 iubet
1431 668 1671 732 praedam
1707 667 1837 729 duci,

138 759 200 792 ne
237 744 291 792 in
330 742 535 808 globum
573 743 782 791 collecta
821 743 1145 792 ambitionem
1174 743 1363 792 funeris
1402 757 1461 792 ac
1495 748 1705 806 pompae
1743 743 1836 790 mi-

138 819 327 866 nueret.
358 861 362 864 ,
412 816 553 866 addit
599 833 754 881 equos
798 819 848 866 et
893 818 996 866 tela
1041 817 1219 880 quibus
1270 817 1576 880 spoliaverat
1620 817 1836 864 hostem:

141 894 217 940 est
244 892 328 940 hic
358 891 606 955 quaedam
642 891 697 939 in
734 892 993 940 intellectu
1031 891 1308 955 colligendo
1341 891 1590 952 confusi03
1629 890 1837 939 dubium

68 981 111 1014 ιο
141 967 325 1029 quippe
364 969 440 1015 est
478 967 616 1015 cuius
657 965 838 1014 dixerit
875 981 1029 1028 equos
1070 967 1120 1013 et
1156 966 1284 1027 tela,
1325 967 1495 1014 utrum
1533 965 1685 1014 etiam
1722 965 1836 1028 ipsa

138 1039 366 1089 hostibus
403 1042 622 1088 retracta
652 1040 920 1089 videantur
957 1055 1020 1088 an
1058 1039 1239 1102 quibus
1276 1039 1383 1103 ipse
1420 1055 1541 1088 usus
1571 1038 1836 1088 videretur.

138 1114 392 1163 meliorem
447 1114 664 1163 arbitror
713 1113 1039 1178 intellegendi
1089 1113 1335 1163 rationem
1385 1116 1444 1162 ut
1502 1115 1656 1162 etiam
1713 1113 1838 1162 haec

138 1188 359 1237 hostium
388 1188 598 1250 fuerint,
631 1188 866 1250 quoniam
898 1189 1097 1251 captiva
1126 1188 1208 1236 vel
1237 1188 1450 1236 maxime
1479 1187 1839 1236 conveniebant

138 1278 351 1326 pompae
396 1262 584 1311 funeris
630 1265 681 1311 et
726 1262 786 1311 de
834 1263 928 1311 hac
973 1278 1026 1311 re
1076 1263 1230 1310 etiam
1266 1263 1378 1310 tum
1415 1261 1736 1324 loquebatur,
1787 1263 1838 1310 et

67 1354 109 1386 15
141 1353 267 1400 quae
305 1336 509 1399 propria
545 1336 703 1400 ipsius
734 1336 981 1385 Pallantis
1011 1337 1211 1385 fuerant
1242 1337 1406 1398 sequi,
1436 1338 1495 1385 ut
1525 1336 1716 1384 factum
1747 1339 1837 1397 est,

140 1411 437 1472 debuerunt,
475 1427 576 1459 non
608 1411 819 1473 captivis
851 1410 1104 1473 speciebus
1136 1410 1357 1474 adiungi.
1405 1411 1631 1459 vinxerat
1660 1414 1703 1458 et
1725 1413 1839 1470 post

138 1488 272 1546 terya
308 1499 510 1542 manuS,
550 1499 668 1544 quos
705 1486 909 1533 mitteret
943 1485 1133 1533 umbris
1161 1485 1371 1545 inferias
1406 1499 1544 1533 caeso
1573 1499 1837 1544 sparsuros

139 1559 380 1620 sanquine
409 1560 663 1618 flammas:
698 1558 839 1607 misit
877 1562 926 1608 et
964 1559 1189 1622 captivos
1230 1561 1402 1621 atque,
1432 1561 1492 1606 ut
1521 1574 1692 1606 eorum
1722 1573 1836 1607 con-

140 1633 270 1682 dicio
310 1635 361 1681 et
389 1633 594 1682 fortuna
631 1633 909 1682 evidentius
948 1635 1233 1696 appareret,
1272 1632 1450 1682 vinciri
1486 1632 1740 1695 praecepit
1778 1648 1837 1681 ea

67 1724 110 1757 zo
139 1707 355 1768 ratione,
385 1710 446 1756 ut
474 1707 586 1771 rogi
608 1707 859 1756 Pallantei
881 1707 1106 1756 flammas
1138 1723 1226 1756 suo
1255 1706 1497 1791 sanguine
1529 1709 1834 1790 spargerent.

139 1781 426 1841 indutosque
455 1783 585 1830 iubet
614 1785 810 1830 truncos
831 1782 1085 1830 hostilibus
1108 1783 1262 1830 armis
1284 1782 1416 1842 ipsos
1438 1782 1569 1841 ferre
1592 1781 1737 1829 duces
1760 1782 1835 1828 in-

139 1856 377 1916 imicaque
391 1857 594 1904 nomina
608 1857 719 1917 fiiyi:
742 1856 888 1905 duces
905 1855 1045 1904 iubet
1060 1858 1267 1918 tropaea
1282 1857 1482 1917 portare
1498 1871 1610 1903 cum
1625 1854 1836 1903 nomini-

140 1929 234 1977 bus
259 1931 544 1978 occisorum.
585 1930 778 1978 ducitur
792 1931 967 1991 infelix
991 1944 1107 1978 aevo
1132 1930 1374 1990 confectus
1388 1927 1610 1978 Acoetes:
1625 1929 1834 1978 Acoetes

142 2019 339 2066 quoque
378 2003 664 2066 ducebatur,
699 2020 799 2053 non
838 2020 897 2052 ea
937 2020 1088 2052 causa
1127 2019 1228 2066 qua
1266 2003 1377 2064 alii,
1409 2003 1495 2052 sed
1535 2004 1668 2066 quod
1707 2006 1836 2052 esset

67 2093 110 2126 2⁶
139 2078 283 2126 luctu
322 2079 471 2139 atque
510 2080 673 2127 aetate
706 2078 981 2140 confectus,
1021 2081 1078 2126 ut
1106 2077 1241 2126 trahi
1271 2079 1439 2141 potius
1472 2093 1624 2140 quam
1663 2078 1832 2126 ambu-

140 2153 244 2200 lare
267 2151 532 2201 videretur.
585 2152 693 2201 ibat
724 2155 890 2201 autem
920 2152 1096 2200 infelix
1126 2167 1273 2200 senex
1303 2153 1357 2200 in
1381 2153 1603 2215 exequiis
1626 2151 1833 2212 iuvenis,

139 2226 248 2274 ibat
284 2227 406 2274 tunc
442 2226 616 2273 infelix
656 2227 742 2289 qui
792 2242 905 2274 cum
944 2226 1178 2274 Euandro
1218 2226 1337 2274 felix
1373 2242 1592 2275 remeare
1631 2242 1832 2275 consue·

139 2302 293 2349 verat.
353 2301 586 2348 sternitur
617 2304 660 2348 et
689 2303 780 2348 toto
802 2302 1048 2360 proiectus
1079 2308 1274 2360 corpore
1303 2304 1460 2349 terrae
1482 2304 1681 2361 pectora
1703 2314 1834 2347 nune

139 2374 345 2434 foedans
368 2375 554 2435 pugnis
583 2389 714 2422 nune
736 2375 982 2434 unquibus
1005 2389 1119 2422 ora:
1149 2375 1386 2423 sternitur
1408 2375 1520 2437 plus
1553 2376 1651 2435 est,
1682 2389 1834 2435 quam

68 2463 111 2496 so
142 2449 186 2496 si
224 2447 409 2497 diceret
455 2447 602 2496 cadit.
672 2448 881 2510 denique
932 2448 1159 2511 sequitur
1194 2450 1302 2497 toto
1341 2449 1591 2511 proiectus
1631 2463 1832 2510 corpore

140 2523 317 2571 terrae.
364 2521 658 2571 contuderat
689 2524 855 2570 autem
886 2523 1068 2586 pugnis
1101 2538 1154 2571 os
1186 2538 1330 2571 suum
1364 2525 1414 2571 et
1436 2524 1630 2584 pectus,
1663 2537 1833 2570 verum

261 2683 287 2721 2
318 2682 413 2723 tam
441 2677 478 2722 V
509 2679 643 2722 talem
675 2677 748 2721 ed.
838 2682 862 2721 7
886 2678 1048 2732 fwnere
1074 2693 1130 2724 ac
1151 2692 1316 2735 pompe
1340 2677 1381 2720 V
1407 2691 1519 2721 corr.
1546 2677 1617 2721 ed.
1711 2681 1736 2719 9
1769 2683 1833 2721 est

140 2737 214 2780 hic
236 2736 278 2781 V
310 2742 352 2782 et
380 2738 490 2782 haee
521 2737 592 2781 ed.
709 2740 763 2780 10
795 2737 915 2781 dixit
937 2736 979 2780 V
1009 2738 1180 2783 dixerit
1208 2738 1281 2782 ed.
1389 2741 1441 2780 11
1474 2741 1669 2780 retracta
1691 2735 1734 2779 V
1758 2737 1830 2780 ed.

142 2796 252 2840 detr.
302 2796 373 2840 ed.
419 2799 556 2852 post,
602 2796 684 2840 sed
731 2794 788 2839 cf.
835 2799 905 2850 10,
939 2800 1037 2841 Ι100.
1176 2801 1229 2840 13
1277 2797 1493 2852 quoniam
1531 2795 1572 2838 V
1614 2810 1715 2839 cum
1758 2795 1830 2840 ed.

146 2859 199 2897 16
232 2855 468 2900 debuerint
498 2855 568 2899 ed.
694 2859 746 2898 17
780 2869 1025 2911 sparsurus
1047 2855 1089 2899 V
1121 2870 1222 2900 —ros
1253 2856 1323 2899 ed.
1357 2854 1657 2899 confirmatur
1687 2854 1831 2898 inter-

142 2914 418 2968 pretatione.
542 2919 598 2958 28
639 2928 820 2958 versum
863 2918 917 2958 87
963 2917 1072 2959 ante
1110 2929 1293 2959 versum
1331 2918 1386 2958 86
1426 2913 1571 2957 habet
1604 2913 1659 2967 V,
1693 2927 1829 2970 quem

143 2972 352 3017 ordinem
385 2973 497 3028 quia
528 2976 576 3017 et
605 2973 796 3029 interpr.
830 2973 1060 3029 sequitur,
1092 2975 1275 3017 mutare
1314 2973 1463 3027 nolui,
1495 2974 1724 3029 transpOS.
1758 2973 1827 3017 ed.

1478 3061 1563 3105 27*

1867 1941 1922 1980 85
