2050 3226
2021 29 2042 124 1

2026 275 2035 314 5

220 173 328 227 342
693 171 925 217 DONATI
954 171 1234 216 INTERPR.
1258 171 1437 218 VERG.

118 321 203 362 380
220 310 463 360 suadebat
499 326 604 360 esse
641 310 982 375 rumpendum.
1058 312 1227 359 obvius
1263 311 1376 360 huic
1405 312 1626 372 primum
1661 312 1782 372 fatis
1820 312 1907 360 ad-

220 386 376 434 dictus
419 386 603 446 iniquis
645 387 704 445 fit
746 386 944 446 Layus:
989 384 1195 433 dicendo
1241 385 1359 434 fatis
1404 385 1592 449 iniquis
1638 385 1811 435 obvius
1849 386 1909 435 fit

219 458 386 524 Lagus
411 459 628 509 ostendit
649 461 946 523 periturum3
979 458 1189 521 denique
1213 458 1471 509 subiunxit
1492 460 1598 508 eius
1627 459 1907 509 interitum:

219 534 367 591 hunc,
409 533 596 597 inquit,
643 548 820 594 mayno
865 533 997 581 vellit
1044 533 1163 581 dum
1203 534 1419 594 pondere
1467 548 1666 591 saxum,
1718 534 1910 583 scilicet
2023 590 2025 596 .

221 607 354 670 quod
390 606 444 656 in
474 607 755 656 Pallantem
794 608 1037 669 mitteret3
1068 606 1211 656 vellit
1238 609 1371 656 recte
1400 609 1592 671 posuit,
1625 609 1745 671 quia
1774 610 1908 657 terra
1960 622 1980 655 ⁵
2023 622 2027 628 ·

218 681 537 731 retinebatur.
589 683 764 729 intorto
793 682 901 742 ficit
927 681 1038 738 telo,
1070 681 1359 730 discrimina
1396 683 1537 730 costis
1566 696 1661 742 per
1695 683 1910 731 medium

221 770 319 816 qua
355 756 503 816 spina
533 755 686 804 dedit:
715 757 775 804 ut
803 770 988 818 pronus
1019 755 1119 804 fuit
1148 755 1311 804 nitens
1343 771 1517 804 saxum
1547 756 1744 817 vellere,
1776 755 1909 819 quod

218 829 271 878 in
309 829 590 878 Pallantem
627 830 830 891 iaceret,
868 830 939 878 sic
978 844 1239 892 percussus
1280 831 1356 878 est
1391 830 1579 879 intorto
1625 831 1814 892 iaculo,
1851 832 1910 878 ut
1980 874 1987 880 ,

166 926 170 928 -
220 903 456 967 perfossis
495 903 641 967 spina
679 902 786 967 eius
826 905 877 952 et
915 903 1063 952 costis
1102 903 1283 952 ultima
1314 904 1599 953 discrimina
1628 906 1908 967 recepisset.

218 979 501 1038 hastamque
547 981 757 1039 receptat
800 978 991 1026 ossibus
1034 978 1331 1026 haerentem:
1377 980 1568 1041 quanta
1604 977 1732 1027 ictus
1770 979 1909 1027 illius
1940 993 1983 1026 ιο

220 1051 295 1101 vis
340 1051 494 1117 fuerit
537 1052 631 1100 hoo
675 1067 853 1116 genere
900 1051 1202 1113 ostenditur,
1248 1067 1361 1100 cum
1398 1053 1546 1101 hasta
1582 1053 1667 1102 vix
1703 1053 1911 1101 reducta

219 1125 307 1188 sit,
345 1141 473 1190 quae
511 1125 753 1188 prostrati
790 1126 982 1175 ossibus
1020 1127 1218 1189 penitus
1256 1126 1564 1175 inhaesisset.
1635 1140 1775 1186 quem
1811 1141 1911 1175 non

218 1214 366 1261 super
394 1201 593 1249 occubat
613 1200 831 1249 Hisbon‚·
862 1202 913 1249 et
941 1199 1134 1249 Hisbon
1165 1199 1355 1250 occisus
1387 1203 1483 1263 est,
1515 1199 1601 1249 sed
1630 1216 1732 1249 non
1762 1216 1912 1264 super

118 1281 203 1322 385
220 1274 368 1323 occisi
417 1274 623 1323 alterius
674 1273 852 1323 cecidit
900 1290 1094 1338 eorpuS.
1179 1275 1262 1322 ille
1310 1275 1502 1336 quidem
1549 1275 1635 1323 hoc
1683 1289 1910 1335 sperans:

218 1348 324 1410 ille,
360 1348 494 1396 idem
531 1348 746 1410 Hisbon‚
784 1348 1017 1412 sperabat
1053 1350 1146 1397 hoc
1184 1347 1280 1397 sibi
1317 1364 1462 1412 posse
1501 1350 1710 1398 evenire.
1792 1363 1912 1398 nam
1941 1361 1983 1395 ιι

218 1422 391 1471 Pallas
436 1422 549 1471 ante
595 1426 833 1480 ruentem,
884 1423 1003 1471 dum
1045 1423 1190 1483 furit,
1237 1423 1490 1472 incautum
1535 1423 1719 1472 crudeli
1762 1426 1912 1472 morte

219 1497 403 1546 sodalis
451 1497 625 1557 excipit
673 1499 813 1558 atque
863 1511 1022 1545 ensem
1069 1497 1253 1544 tumido
1301 1498 1356 1545 in
1397 1497 1629 1558 pulmone
1675 1497 1912 1545 recondit:

221 1587 333 1620 cum
363 1571 555 1620 Hisbon
588 1571 774 1620 sodalis
800 1571 1013 1620 orbitate
1035 1586 1300 1634 percussus
1325 1586 1492 1620 amens
1516 1571 1718 1633 fureret,
1740 1570 1909 1620 Pallas

218 1647 445 1694 mentem
476 1646 526 1693 et
554 1644 813 1694 incautum
844 1645 1027 1708 excipit
1055 1647 1106 1694 et
1134 1646 1188 1693 in
1219 1646 1324 1694 eius
1352 1645 1638 1709 pulmonem
1661 1646 1738 1694 ira
1759 1645 1909 1694 tumi-

220 1719 339 1767 dum
368 1721 532 1768 totum
562 1735 728 1768 ensem
756 1719 993 1768 recondit.
1047 1721 1117 1768 sic
1144 1720 1393 1768 feriuntur
1414 1719 1700 1767 huiusmodi
1722 1721 1908 1768 securis
1940 1733 1983 1765 so
2038 1745 2041 1763 2

219 1793 609 1856 percussoribuS‚
649 1793 885 1856 quoniam
921 1786 1173 1856 reciproca
1211 1793 1497 1842 discrimina
1535 1809 1634 1841 non
1672 1793 1911 1842 timentur
2034 1767 2041 1919 t

218 1867 322 1915 illis
353 1867 590 1916 aliorsum
617 1868 839 1916 intentis.
888 1868 1000 1916 hine
1020 1867 1271 1916 Sthenium
1286 1868 1408 1928 petit
1430 1871 1474 1915 et
1494 1868 1674 1916 Rhoeci
1696 1868 1755 1915 de
1773 1871 1911 1929 ,qente

219 1945 406 1990 vetusta
421 1940 769 1990 Anchemolum
799 1942 1038 1990 thalamos
1068 1956 1246 1990 ausum
1271 1942 1508 1990 incestare
1531 1956 1786 1990 novercae:
1815 1942 1909 1991 ori·
2034 1922 2039 2041 ¹

220 2015 358 2079 gines
397 2016 707 2079 singulorum
746 2018 796 2064 et
834 2015 1042 2065 crimina
1079 2016 1159 2065 vel
1197 2017 1328 2064 certe
1368 2016 1468 2064 alia
1500 2016 1684 2064 idcirco
1716 2015 1911 2064 addidit
2035 2055 2037 2077 ᾖ

219 2092 389 2153 poeta,
435 2105 535 2137 non
582 2106 681 2152 quo
730 2089 831 2138 sint
875 2090 996 2138 locis
1048 2092 1098 2139 et
1135 2091 1350 2153 tempori
1387 2089 1686 2151 necessaria,
1725 2089 1810 2139 sed
1848 2106 1909 2138 ne
1940 2101 1982 2134 25

119 2177 205 2216 390
221 2164 339 2213 solis
378 2163 660 2212 nominibus
707 2164 883 2228 longus
930 2163 1231 2213 narrationis
1270 2166 1434 2213 textus
1483 2165 1749 2212 horrescat.
1824 2178 1909 2212 vos
2033 2167 2035 2170 ⁴

221 2239 366 2287 etiam
403 2238 603 2286 Rutulis
645 2239 826 2299 yemini
864 2238 1100 2287 cecidistis
1143 2239 1197 2286 in
1248 2239 1405 2295 arvis,
1452 2238 1673 2294 Daucia,
1720 2237 1910 2286 Laride

341 2399 363 2437 1
397 2394 609 2439 addictus
639 2394 680 2436 R
710 2394 907 2438 addictis
930 2394 971 2437 V
1003 2395 1228 2439 adductus
1258 2394 1330 2438 ed.
1363 2395 1411 2438 et
1433 2393 1573 2450 Verg.
1603 2392 1734 2438 libri:
1765 2393 1910 2437 inter-

220 2453 445 2509 pretatio,
478 2453 588 2509 quia
619 2452 847 2509 neglegit,
879 2453 998 2496 nihil
1029 2454 1178 2498 docet.
1294 2458 1319 2497 2
1351 2454 1404 2509 fit
1425 2452 1510 2496 VR
1539 2454 1578 2496 it
1608 2452 1679 2496 ed.
1726 2453 1731 2512 Ι
1782 2453 1909 2497 lacus

220 2513 306 2556 VR
329 2514 462 2570 laqus
483 2528 519 2556 r.
583 2515 608 2555 9
632 2513 860 2568 recipisset
873 2512 970 2556 VR.
1000 2512 1004 2571 Ι
1035 2514 1227 2569 reeiptat
1241 2511 1326 2556 VR
1347 2516 1542 2568 receptat
1564 2526 1599 2555 r.
1665 2516 1717 2554 12
1745 2513 1909 2567 pacni-

221 2578 295 2617 tus
316 2571 413 2616 VR.
507 2575 561 2615 13
585 2576 775 2627 occupat
796 2571 894 2625 VR,
919 2572 1002 2616 sed
1025 2571 1142 2616 Don.
1167 2572 1353 2616 occubat
1375 2570 1544 2627 legisse
1576 2584 1680 2614 cum
1710 2570 1906 2627 MVerg.

221 2645 278 2675 ex
307 2631 497 2687 interpr.
530 2631 623 2675 iam
654 2630 867 2686 Hoppius
900 2630 1101 2688 collegit.
1211 2635 1265 2674 18
1290 2631 1529 2687 perculsus
1560 2630 1632 2674 ed.
1747 2633 1801 2673 19
1833 2631 1907 2674 ira

222 2705 309 2735 om.
336 2690 407 2734 ed.
530 2694 586 2734 20
617 2694 759 2734 totum
791 2702 877 2733 om.
904 2690 975 2734 ed.
1099 2694 1155 2734 20
1184 2691 1354 2734 securis
1376 2689 1461 2733 VR
1492 2688 1564 2733 ed.
1595 2690 1744 2734 securi
1773 2704 1804 2734 a
1834 2689 1907 2732 ed.

219 2751 339 2805 post.
382 2749 658 2806 (huiusmodi
699 2747 958 2792 subiectum
1005 2751 1076 2793 est
1116 2750 1171 2792 ut
1212 2748 1357 2805 alibi).
1479 2752 1532 2791 21
1577 2749 1795 2804 quoniam
1823 2747 1908 2791 VR

221 2822 307 2865 quo
331 2809 401 2853 ed.
428 2808 610 2865 quando
641 2807 711 2852 ed.
744 2809 863 2863 post.
986 2813 1040 2851 22
1079 2809 1303 2853 stheniwm
1335 2806 1421 2850 VR
1456 2808 1674 2851 stelenum
1704 2822 1738 2852 r.
1772 2808 1906 2851 Hele-

221 2882 331 2912 num
377 2868 448 2912 ed.
504 2867 509 2926 Ι
567 2872 608 2912 et
659 2867 885 2911 troecidae
923 2866 1019 2911 VR.
1163 2871 1219 2910 23
1262 2871 1443 2911 versuta
1477 2865 1562 2908 VR
1602 2871 1773 2911 vetusto
1815 2881 1849 2909 r.
1898 2866 1902 2923 Ι

222 2928 419 2983 oriyenis
441 2927 494 2970 R.
588 2930 643 2970 25
667 2931 806 2982 poeta
828 2925 913 2968 VR
935 2931 1095 2981 postea
1125 2926 1197 2970 ed.
1233 2926 1238 2984 Ι
1272 2939 1400 2970 neces
1428 2925 1506 2969 sed
1528 2925 1582 2968 R.
1676 2930 1731 2969 27
1762 2925 1908 2969 rutuli

222 2987 390 3043 yemini
412 2986 497 3029 VR
528 2986 612 3029 -lis
641 2999 681 3042 9.
707 2999 790 3028 nos
820 2986 990 3041 yemini
1019 2986 1210 3030 Rutulis
1240 2984 1311 3029 ed.
1345 2985 1393 3028 et
1422 2983 1559 3040 Verg.
1594 2983 1717 3028 libri.
