2050 3226
267 159 372 212 138
735 156 969 202 DONATI
998 157 1064 201 IN
1066 156 1280 201 TERPR.
1306 156 1488 201 VERG.

380 297 591 346 Dixerat
626 295 847 346 Aeneas:
883 297 965 345 ille
1003 311 1056 345 os
1093 297 1346 357 oculosque
1392 297 1626 356 loquentis
1668 297 1960 346 iamdadwm

263 374 306 419 et
342 374 491 419 totam
531 372 772 420 lustrabat
809 372 991 419 lumine
1029 385 1226 431 corpas:
1263 371 1458 420 Aeneas
1497 387 1610 420 cum
1654 372 1958 434 loqueretur,

260 445 552 494 intuebatur
603 445 839 494 Euander
889 445 1110 493 nescium
1159 446 1209 493 et
1261 461 1433 494 vocem
1487 445 1592 494 eius
1647 461 1704 493 ac
1758 445 1958 509 singula

261 520 479 583 corporis
508 520 730 568 membra
761 519 1119 568 considerabat.
1165 522 1281 567 tane
1311 521 1381 567 sic
1400 534 1572 579 panca
1601 520 1775 579 refert,·
1797 534 1959 581 pauca

262 595 394 642 enim
448 593 547 645 dici
597 595 915 654 convenerat,
966 609 1028 641 ne
1078 593 1274 641 fabulae
1329 594 1576 658 longiores
1631 594 1959 642 sollemnitati

261 669 439 716 solitae
480 669 643 716 essent
680 667 1034 731 inpedimento.
1111 682 1270 730 pauca
1309 667 1540 716 debemus
1582 668 1826 730 accipere,
1863 667 1958 716 hoc

261 744 337 790 est
374 743 627 804 pauciora,
670 758 823 805 quam
862 741 959 790 dici
996 742 1280 804 potuerunt.
1341 745 1397 789 at
1433 745 1489 799 te,
1529 742 1793 802 fortissime
1833 742 1957 789 Tea-

158 825 242 866 155
260 830 410 872 cram,
452 817 634 875 accipio
675 830 972 877 aquosaeque
1011 816 1177 872 libenS,
1210 819 1265 863 at
1293 817 1442 864 verba
1470 817 1694 876 parentis
1726 819 1770 863 et
1797 829 1959 863 vocem

258 889 506 938 Anchisae
527 891 697 951 m-ayni
718 891 996 949 vultumque
1011 890 1257 938 recordor:
1272 906 1457 953 magna
1471 905 1611 938 mens
1625 889 1957 938 recordantis:

259 979 373 1012 cum
410 965 623 1012 nesciret
659 965 931 1026 hominem,
977 964 1071 1012 hoc
1117 966 1194 1012 est
1238 979 1417 1012 nomen
1463 964 1566 1013 61113
1615 965 1703 1012 aut
1747 965 1958 1026 patrem,

259 1037 380 1086 dicit
433 1053 484 1086 se
539 1038 598 1086 de
652 1039 798 1087 vultu
848 1054 905 1086 ac
954 1053 1073 1087 voce
1130 1037 1386 1102 collegisse
1441 1038 1575 1101 quod
1628 1054 1687 1085 ex
1735 1037 1957 1086 Anchisa

259 1113 459 1176 genitus
500 1113 650 1160 esset:
690 1113 764 1160 ait
802 1128 917 1176 ergo
958 1128 1069 1160 cum
1098 1115 1148 1160 te
1181 1112 1328 1160 audio
1360 1113 1645 1174 loquentem
1678 1113 1729 1159 et
1758 1112 1958 1161 vultum

257 1188 402 1234 tuum
431 1186 642 1235 libenter
670 1186 870 1235 intueor
901 1187 1105 1249 cupiens
1140 1186 1446 1251 agnitionem
1475 1189 1620 1235 tuam
1649 1185 1793 1248 plene
1818 1185 1955 1234 colli-

258 1275 394 1323 gere,
444 1260 681 1308 redeunte
730 1260 969 1308 memoria
1020 1262 1144 1323 puto
1190 1277 1268 1308 me
1317 1276 1429 1309 cum
1467 1260 1688 1308 Anchisa
1725 1259 1868 1322 loqui
1907 1262 1958 1307 et

255 1335 422 1396 ipsum
454 1334 605 1382 etiam
635 1350 766 1382 nunc
797 1350 902 1383 esse
934 1339 1257 1397 praesentem.
1313 1334 1570 1398 subiungit
1601 1334 1743 1397 gesta
1773 1334 1956 1382 veteris

256 1408 381 1456 facti
419 1424 477 1456 ex
516 1424 572 1457 eo
613 1410 902 1457 ostensurus
942 1410 1183 1457 cariorem
1222 1409 1452 1456 futurum
1498 1410 1755 1470 susceptae
1803 1408 1955 1456 socie·

255 1482 378 1530 tatis
418 1482 683 1545 adfectum,
723 1499 835 1531 cum
874 1484 1032 1545 patris
1074 1483 1178 1531 61113
1216 1485 1434 1532 veterem
1472 1482 1706 1531 notitiam
1744 1482 1958 1545 replicat

257 1559 307 1604 et
358 1556 747 1606 benivolentiam
799 1574 1062 1605 munerum
1115 1557 1218 1605 eius
1272 1557 1469 1620 repetit.
1562 1557 1762 1619 poterat
1823 1556 1956 1604 enim

254 1631 450 1678 Aeneas
507 1647 742 1694 quaerere
799 1647 898 1694 quo
953 1647 1071 1679 casu
1126 1634 1404 1695 emergente
1457 1631 1649 1678 factum
1710 1631 1838 1678 esset
1897 1631 1956 1678 ut

254 1704 513 1753 habuisset
549 1705 634 1752 ille
674 1704 922 1753 Anchisae
960 1705 1208 1753 notitiam.
1271 1705 1455 1753 idcirco
1497 1705 1570 1752 ait
1607 1719 1726 1752 nam
1755 1705 1955 1752 memini

253 1779 503 1826 Hesionae
539 1780 769 1827 visentem
805 1793 957 1839 reyna
995 1780 1177 1827 sororis
1215 1779 1666 1827 Laomedontiaden
1695 1778 1955 1826 Priamum

253 1851 513 1900 Salamina
542 1856 781 1912 petentem
811 1855 1040 1914 protinas
1070 1852 1320 1901 Arcadiae
1354 1853 1537 1914 yelidos
1575 1853 1784 1900 invisere
1819 1853 1952 1911 linis,

153 1934 237 1974 160
254 1929 356 1974 tam
400 1927 520 1974 mihi
555 1928 728 1986 prima
763 1941 916 1987 yenas
961 1928 1167 1975 vestibat
1210 1929 1328 1985 flore
1372 1928 1619 1975 inventas:
1680 1942 1788 1975 ecce
1834 1926 1954 1974 felix

253 2002 492 2048 memoria
529 2000 861 2063 recordantis3
911 2017 1029 2048 nam
1080 2003 1130 2048 et
1179 2017 1414 2064 personas
1453 2000 1623 2064 tetigit
1669 2002 1720 2049 et
1755 2002 1952 2063 tempus

255 2077 305 2122 et
343 2090 545 2122 causam
584 2076 634 2122 et
678 2090 1001 2137 personarum
1046 2076 1249 2124 nomina
1300 2080 1348 2123 et
1393 2076 1637 2136 locorum3
1683 2076 1733 2122 ct
1777 2090 1953 2122 revera

252 2148 551 2196 miraculum
603 2149 702 2197 fuit
751 2151 809 2197 ut
857 2149 1064 2211 loquens
1116 2149 1279 2197 senior
1329 2152 1378 2197 et
1426 2149 1785 2197 adolescentiae
1831 2163 1951 2196 suae

252 2224 449 2285 tempus
503 2222 769 2286 adsignans
819 2224 919 2271 ista
967 2224 1132 2271 omnia
1180 2223 1250 2271 sic
1286 2223 1529 2271 tenaciter
1567 2222 1765 2284 dixerit,
1807 2223 1952 2284 quasi

253 2296 473 2358 proxime
535 2299 677 2359 gesta
737 2296 1039 2345 viderentur.
1141 2298 1455 2357 mirabarque
1516 2297 1660 2344 daces
1723 2297 1949 2353 Teucros,

251 2371 475 2418 mirabar
521 2374 564 2418 et
607 2372 770 2430 ipsam
808 2371 1279 2427 Laomedontiaden,
1321 2371 1406 2418 sed
1445 2371 1627 2418 canetis
1667 2370 1812 2418 altior
1848 2371 1953 2418 ibat

252 2443 514 2492 Anchises:
575 2444 872 2493 laudaturus
935 2447 983 2493 et
1044 2446 1359 2507 praelaturus
1420 2443 1672 2492 Anchisen
1732 2445 1951 2506 praefert

253 2518 412 2566 omnis
453 2521 502 2566 et
541 2517 662 2566 dicit
691 2518 940 2567 Anchisen
981 2519 1134 2568 fuisse
1173 2519 1443 2579 meliorem,
1475 2533 1563 2566 nec
1596 2510 1724 2567 esset
1755 2519 1947 2566 occasio

251 2592 610 2654 praeponendi,
657 2592 756 2640 nisi
805 2593 1062 2641 incidisset
1110 2593 1273 2655 prima
1325 2593 1638 2654 conparatio,
1689 2593 1794 2639 sine
1849 2607 1949 2653 qua

373 2738 395 2776 1
431 2734 690 2790 oscalosque
722 2747 809 2776 om.
843 2747 891 2777 os
915 2733 969 2777 V.
1064 2738 1089 2777 3
1121 2735 1321 2779 nesciam
1343 2733 1385 2776 V
1410 2734 1546 2789 prins
1569 2733 1850 2789 incoynitam
1874 2733 1946 2776 ed.

255 2797 306 2835 11
334 2793 453 2848 quod
491 2807 546 2837 ex
584 2793 797 2836 anchisae
821 2792 862 2835 V
896 2793 953 2836 cf.
986 2793 1122 2837 infra.
1251 2797 1305 2836 13
1345 2793 1623 2850 aynitionem
1657 2797 1784 2835 taam
1814 2793 1948 2846 plene

252 2852 459 2908 colleyere
482 2852 525 2895 V
555 2854 729 2896 temere
761 2853 874 2894 mut.
902 2852 972 2895 ed.
1069 2857 1123 2896 14
1148 2857 1258 2908 poto
1282 2866 1348 2896 me
1372 2866 1474 2896 cam
1497 2851 1686 2894 anchisa
1709 2850 1752 2894 V
1775 2864 1947 2895 mecam

252 2911 478 2955 anchisem
501 2910 584 2955 ΗΟ
604 2911 674 2955 ed.
750 2915 805 2953 18
829 2925 1066 2955 muneram
1090 2926 1179 2955 om.
1197 2911 1268 2954 ed.
1340 2916 1393 2954 21
1414 2911 1635 2954 Hesiones
1659 2909 1728 2952 ed.
1794 2914 1848 2952 23
1873 2911 1946 2953 ia—

251 2975 409 3013 ventas
433 2970 502 3013 ed.
591 2974 645 3013 27
677 2971 888 3026 temporis
912 2970 982 3015 ed.
1066 2975 1118 3013 31
1152 2971 1378 3015 meliorem
1401 2969 1444 3013 V
1467 2969 1848 3025 praestantiorem
1872 2968 1942 3012 cd.

1988 979 2031 1012 10

1987 1346 2030 1381 16

1985 1718 2050 1751 20·

1981 2455 2042 2488 30*
