2078 3260
304 207 411 261 636
778 204 1010 250 DONATI
1040 204 1322 250 INTERPR.
1347 205 1527 250 VERG.

302 344 484 394 adiecit
514 347 564 393 et
588 344 844 394 duodecim
874 344 1061 394 cervice
1093 344 1336 406 subirent,
1366 347 1528 393 totum
1563 345 1626 394 ad
1650 344 1996 395 difficultatem

301 419 510 468 tollendi
559 421 796 483 pertinet,
848 419 934 468 sed
979 421 1148 467 tamen
1194 435 1308 467 cum
1352 418 1499 467 laude
1539 419 1708 468 Turni.
1774 419 1994 470 dicturus

302 495 377 543 est
400 493 530 542 enim
553 495 645 542 hoc
669 509 846 542 saxum
875 508 977 541 una
1007 509 1158 541 manu
1190 496 1240 542 et
1276 495 1476 555 portare
1502 494 1725 542 Turnum
1757 495 1807 542 et
1835 495 1995 543 iacere
2077 538 2078 554 ,

300 567 542 631 potuisse,
581 567 717 630 quod
754 569 812 615 ut
850 566 1083 615 credibile
1121 567 1281 629 fieret,
1328 567 1620 616 distantiam
1658 570 1882 617 veterum
1922 570 1994 617 vi-

300 657 468 690 rorum
507 644 561 690 et
587 642 863 704 praesentis
896 642 1133 704 temporis
1173 642 1307 690 fecit.
1359 642 1541 704 potuit,
1577 642 1757 704 inquit,
1796 642 1995 691 Turnus
2049 655 2078 689 5¹

300 717 392 764 hoc
416 716 543 764 ferre
567 717 618 763 et
647 717 823 777 iacere,
855 716 974 778 quia
1003 719 1125 764 tunc
1157 715 1258 764 alia
1288 716 1449 764 forma
1480 718 1630 778 atque
1661 716 1774 765 aliis
1805 716 1994 766 viribus

299 790 523 838 homines
562 790 916 851 nascebantur,
967 793 1187 838 ceterum
1226 789 1359 852 quod
1400 791 1485 838 ille
1530 806 1659 839 unus
1707 793 1856 853 atque
1894 806 1995 839 una

299 880 449 912 manu
498 864 687 926 rapuit,
742 865 836 912 hoc
885 866 961 912 est
1010 865 1115 912 sine
1166 866 1347 913 conatu
1384 863 1504 912 tulit
1554 866 1604 912 et
1651 864 1787 926 iecit,
1835 866 1995 914 nostri

298 939 535 1000 temporis
567 938 791 986 homines
824 938 1082 987 duodecim
1112 939 1231 986 lecti
1259 939 1344 987 vix
1375 937 1645 988 cervicibus
1677 939 1875 987 ferrent.
1913 939 1995 987 ille

298 1027 452 1060 manu
488 1016 687 1072 raptum
724 1013 915 1072 trepida
953 1014 1201 1072 torquebat
1244 1013 1300 1060 in
1336 1013 1515 1060 hostem
1557 1013 1701 1061 altior
1736 1014 1995 1074 insuryens
2027 1028 2078 1060 10³

299 1090 342 1134 et
364 1101 512 1134 eursu
542 1087 753 1135 concitus
783 1087 934 1135 heros
973 1087 1058 1134 sed
1087 1101 1238 1147 neque
1269 1090 1536 1135 currentem
1565 1101 1616 1134 se
1645 1101 1732 1135 nec
1761 1087 1998 1147 coqnoscit

299 1164 486 1208 euntem
501 1161 828 1221 tollentemque
846 1175 1001 1209 manu
1019 1175 1254 1209 saxumve
1274 1162 1474 1209 inmane
1495 1164 1783 1209 moventem:
1799 1161 1993 1209 Turnus

298 1234 502 1297 quidem
548 1237 715 1284 omnia
761 1251 819 1283 ex
863 1251 998 1283 more
1037 1236 1235 1284 fortiter
1272 1235 1515 1297 faciebat3
1563 1251 1682 1283 nam
1727 1237 1776 1283 et
1821 1250 1995 1284 saxum

296 1307 472 1372 ingens
523 1310 693 1371 rapuit
737 1325 892 1357 manu
941 1311 991 1358 et
1036 1324 1236 1358 currens
1292 1311 1444 1372 atque
1498 1310 1647 1357 altior
1701 1308 1859 1370 misit,
1910 1310 1995 1357 sed

297 1399 387 1431 nec
425 1383 684 1431 tollentem
723 1399 773 1431 se
810 1385 964 1432 sensit
994 1400 1083 1433 nec
1115 1385 1315 1432 euntem
1346 1384 1618 1447 erigentem
1648 1400 1849 1431 manum
1882 1399 1995 1431 cum
2027 1397 2078 1430 15⁴

298 1473 430 1506 saxo.
504 1473 613 1506 ecce
660 1473 835 1506 saxum
882 1458 1071 1506 dictum
1117 1460 1212 1519 est,
1267 1458 1468 1520 quando
1513 1460 1705 1506 motum
1751 1460 1827 1506 est
1871 1457 1994 1519 loco,

297 1534 348 1580 et
377 1534 611 1580 naturam
644 1547 787 1580 suam
817 1533 867 1580 et
898 1548 1052 1595 genus
1083 1531 1275 1594 recipit,
1308 1531 1507 1594 quando
1540 1531 1688 1580 desiit
1718 1547 1822 1580 esse
1852 1531 1992 1580 limes

297 1608 346 1654 et
375 1607 508 1653 inter
539 1606 661 1654 duos
695 1606 918 1655 dominos
951 1606 1151 1667 arbiter,
1182 1608 1417 1667 ceterum,
1448 1607 1507 1653 ut
1537 1605 1727 1654 dictum
1758 1608 1847 1667 est,
1881 1621 1990 1653 cum

195 1684 279 1724 905
295 1679 398 1727 illic
430 1681 573 1741 esset,
602 1696 702 1728 non
733 1680 841 1728 saxi
864 1681 1252 1743 appellationem
1283 1679 1369 1728 sed
1393 1679 1567 1728 limitis
1598 1679 1787 1728 habuit.
1832 1694 1994 1740 qenua

297 1755 484 1811 labant,
522 1754 713 1814 qeliclus
744 1756 980 1803 concrevit
1008 1755 1190 1816 friqore
1219 1755 1447 1815 sanquis:
1484 1755 1683 1802 tantum
1721 1753 1991 1803 dissolutus
2027 1768 2078 1800 τοι

294 1830 434 1876 metu
471 1828 656 1889 fuerat,
695 1831 755 1876 ut
791 1828 1080 1877 firmitatem
1118 1829 1195 1877 sui
1233 1844 1398 1892 genua
1436 1827 1540 1876 eius
1575 1827 1907 1890 perdidissent
1945 1829 1994 1876 et

297 1903 478 1950 coisset
507 1902 710 1967 sanguis
738 1903 936 1966 frigore.
975 1907 1077 1950 tum
1109 1903 1237 1962 lapis
1270 1902 1348 1950 ille
1378 1903 1475 1950 viri
1496 1917 1707 1950 vacuum
1728 1903 1993 1962 perinane

293 1977 484 2023 volutus
507 1991 594 2024 nec
614 1978 830 2037 spatium
853 1978 1006 2026 evasit
1034 1980 1183 2024 totum
1212 1990 1363 2036 neque
1386 1977 1588 2036 pertulit
1615 1977 1786 2024 ictum:
1825 1992 1992 2038 quem-

295 2050 563 2097 admodum
623 2052 674 2098 in
728 2051 896 2099 Turno
951 2050 1116 2099 omnia
1167 2051 1455 2099 hebuissent
1503 2050 1655 2098 etiam
1703 2051 1833 2099 ictus
1885 2050 1991 2113 ipse

294 2124 625 2186 monstrabat3
663 2141 780 2173 nam
818 2125 997 2173 missus
1036 2125 1166 2188 lapis
1203 2124 1299 2173 ivit
1335 2140 1424 2188 per
1453 2140 1664 2173 vacuum
1702 2140 1791 2173 nec
1827 2126 1993 2172 totum
2024 2137 2067 2170 25

294 2199 507 2246 transire
547 2198 765 2260 spatium
803 2200 973 2261 potuit
1009 2215 1097 2247 nec
1134 2199 1329 2247 hostem
1366 2200 1635 2261 percutere.
1693 2213 1752 2246 ac
1781 2198 1909 2246 velut
1938 2199 1992 2245 in

294 2273 498 2328 somni8‚
539 2272 698 2320 oeulos
728 2274 814 2321 ubi
845 2274 1083 2334 lanquicla
1106 2274 1288 2333 pressit
1317 2276 1449 2321 noete
1481 2273 1634 2332 quies,
1674 2273 1991 2334 nequicquam

415 2433 440 2471 2
473 2428 661 2472 tollendi
683 2427 725 2471 V
757 2429 1001 2474 tollendam
1033 2429 1104 2474 ed.
1141 2430 1145 2486 Ι
1182 2429 1389 2473 dicturus
1412 2434 1475 2472 est
1499 2429 1618 2472 enim
1640 2429 1722 2472 hoc
1744 2427 1786 2471 V
1816 2429 1990 2472 temere

296 2487 496 2530 mutavit
539 2487 610 2531 ed.
727 2492 753 2530 3
796 2493 838 2532 et
873 2494 1060 2544 portare
1093 2502 1281 2544 possum
1319 2493 1360 2532 et
1397 2489 1542 2532 iacere
1566 2488 1769 2543 potuisse
1792 2486 1834 2529 V
1860 2500 1990 2542 posse
2065 2511 2073 2519 ·

295 2559 378 2601 pro
415 2560 598 2601 possum
630 2545 700 2590 ed.
741 2547 947 2591 Turnum
977 2561 1073 2591 nos.
1197 2551 1223 2590 5
1251 2548 1412 2603 posuit
1440 2546 1483 2590 V
1514 2560 1627 2590 corr.
1662 2546 1733 2589 ed.
1856 2551 1882 2590 6
1922 2551 1989 2590 at-

295 2619 379 2660 que
413 2604 454 2647 V
494 2610 537 2649 et
574 2606 644 2649 ed.
768 2610 822 2648 12
862 2607 1171 2662 tollentemque
1207 2620 1372 2651 manus
1402 2605 1444 2649 V
1482 2619 1565 2661 que
1602 2604 1989 2661 interpretatione

296 2663 616 2718 confirmatur,
654 2664 738 2707 ubi
769 2671 945 2709 euntem
976 2667 1215 2722 eriqentem
1247 2664 1565 2721 coniungitur,
1598 2677 1692 2708 non
1724 2665 1987 2719 separatum

294 2736 378 2778 pro
409 2737 575 2768 manus
607 2737 710 2767 cum
740 2724 812 2768 ed.
844 2738 986 2768 manu
1010 2724 1195 2780 scripsi,
1221 2724 1331 2779 quia
1355 2723 1681 2779 interpretatio
1706 2724 1753 2766 et
1776 2735 1918 2777 supra
1941 2725 1990 2766 et

296 2781 419 2825 infra
442 2795 583 2825 unam
608 2797 797 2826 manum
820 2782 1068 2839 intellegit,
1087 2796 1148 2826 an
1163 2787 1378 2827 manum?
1454 2787 1508 2826 14
1532 2783 1670 2827 altior
1686 2781 1727 2824 V
1750 2782 1891 2825 altius
1915 2781 1986 2825 ed.

299 2845 352 2883 15
392 2846 567 2885 euntem
606 2843 844 2899 eriyentem
879 2841 921 2885 V
958 2856 1039 2886 nec
1080 2842 1301 2897 interpOS.
1342 2841 1398 2884 ed
1409 2841 1457 2885 F.
1588 2845 1644 2884 20
1683 2840 1911 2884 desolatus
1947 2839 1988 2882 V

297 2913 410 2943 corr.
444 2900 514 2943 ed.
639 2906 692 2944 21
725 2903 799 2945 sui
823 2900 864 2943 V
895 2915 1026 2945 suam
1058 2901 1128 2945 ed.
1252 2905 1306 2943 22
1340 2901 1461 2956 lapis
1491 2901 1567 2943 ille
1597 2900 1687 2944 viri
1713 2898 1755 2941 V
1787 2900 1883 2954 ipse
1914 2898 1984 2942 ed.

297 2960 344 3001 et
377 2958 634 3015 Vergiliani
664 2959 787 3003 libri.
899 2964 954 3002 24
986 2960 1248 3004 habuissent
1269 2959 1311 3002 V
1342 2973 1387 3003 se
1415 2960 1676 3003 habuissent
1707 2957 1777 3001 ed.
1809 2958 1987 3002 hebuis-

297 3023 395 3062 sent
424 3031 506 3061 nos
539 3020 607 3075 (ut
638 3018 791 3074 infra).
