2078 3260
268 154 378 207 610
745 150 977 196 DONATI
1006 150 1287 196 INTERPR.
1310 149 1492 196 VERG.

267 306 436 340 cwrae:
483 291 722 355 quicquid
759 290 1003 340 volvendo
1042 290 1294 339 tractabat
1330 291 1492 338 totum
1533 290 1794 340 contrariis
1833 293 1960 339 trac-

265 365 454 414 tatibus
498 365 804 414 efficiebatur
844 364 1049 413 infirme.
1115 365 1228 412 huic
1260 365 1548 425 Messapus‘,
1587 366 1661 412 uti
1695 365 1836 413 laeva
1865 365 1961 413 duo

163 450 248 491 490
263 440 388 499 forte
413 441 609 501 gerebat
638 440 767 487 lenta
799 439 915 487 levis
946 453 1094 487 cursu
1115 440 1348 498 praefixa
1377 439 1576 487 hastilia
1605 440 1751 499 ferro,
1789 439 1962 487 horwm

264 529 420 562 unwm
451 518 572 562 certo
612 516 924 572 contorquens
956 513 1123 573 dirigit
1151 514 1271 560 ictu:
1308 512 1566 575 Messapus
1598 514 1795 561 Aeneae
1833 513 1961 561 forte

264 589 372 636 loco
403 587 656 652 proximus
680 588 800 635 fuit:
830 587 947 634 huic
979 603 1037 635 ex
1064 586 1254 636 duobus
1286 587 1485 635 ferratis
1507 587 1772 636 hastilibus
1803 603 1962 635 unum
2015 599 2035 631 5

265 665 396 710 certo
435 663 542 710 ictu
580 661 836 709 contorsit.
891 663 1051 710 certus
1081 661 1209 710 ictus
1243 663 1318 710 est
1349 661 1436 723 qui
1474 660 1545 709 sic
1576 661 1866 723 destinatur,
1904 663 1963 709 ut

179 794 182 797 ¹
264 736 426 784 feriat.
480 736 691 783 substitit
727 734 923 783 Aeneas
963 739 1006 782 et
1041 750 1092 783 se
1139 735 1321 796 colteyit
1363 736 1419 782 in
1457 750 1600 784 arma
1630 736 1813 796 poplite
1850 736 1960 783 sub-

263 811 451 858 sidens:
494 810 588 858 hoc
627 810 749 858 artis
788 810 972 869 fuerat,
1018 812 1078 857 ut
1122 809 1415 858 funderetur
1451 810 1580 858 ictus
1620 825 1766 873 quem
1802 810 1959 858 hostis

264 885 510 932 direxerat
540 885 742 932 certum.
804 883 1041 945 subsedit,
1071 883 1253 946 inquit,
1291 883 1480 946 poplite
1513 886 1563 932 et
1592 898 1644 932 se
1676 885 1814 932 scuto
1847 899 1960 932 con-

261 958 407 1019 texit,
446 959 530 1006 ille
562 957 694 1006 enim
725 957 877 1006 altius
909 959 1136 1020 miserat,
1174 961 1235 1006 ut
1265 960 1419 1020 caput
1446 958 1620 1006 feriret
1657 959 1745 1006 aut
1774 960 1962 1020 pectus,
1994 971 2035 1004 ιο

262 1034 333 1094 et,
373 1032 608 1095 quoniam
647 1048 737 1095 pro
776 1033 1036 1080 voluntate
1074 1032 1231 1081 hostis
1278 1032 1493 1080 altitudo
1537 1031 1755 1094 corporis
1794 1031 1962 1080 fuerat

261 1107 558 1168 necessaria,
597 1107 835 1154 humilem
867 1122 917 1155 se
956 1106 1042 1154 ille
1073 1123 1098 1154 e
1138 1107 1387 1155 contrario
1418 1106 1720 1170 procuravit.
1777 1107 1962 1167 apicem

261 1184 423 1229 tamen
459 1181 610 1229 incita
649 1195 893 1228 summum
926 1181 1069 1229 hasta
1099 1181 1230 1228 tulit:
1270 1184 1378 1229 ecce
1415 1182 1492 1230 vis
1530 1181 1774 1229 mittentis
1815 1182 1865 1228 et
1903 1196 1961 1228 ex
2077 1209 2078 1255 1

261 1256 362 1303 alia
399 1258 542 1318 parte
575 1255 867 1303 declinantis
907 1255 1184 1319 ingenium3
1224 1256 1267 1303 si
1298 1256 1430 1303 enim
1460 1257 1597 1303 stans
1628 1254 1961 1315 remansisset,
2077 1257 2078 1268 ¹

259 1329 533 1378 invenisset
569 1330 716 1378 hasta
752 1346 899 1392 quem
938 1331 1198 1391 sterneret,
1238 1330 1373 1392 quod
1409 1329 1575 1392 ipsum
1613 1345 1671 1376 ex
1710 1345 1767 1377 eo
1807 1345 1959 1392 appa·
1992 1343 2033 1377 15

260 1403 385 1464 ruit,
441 1403 559 1466 quia
607 1405 661 1451 in
706 1403 818 1466 ipsa
864 1403 1177 1465 depressione
1223 1404 1440 1466 corporis
1491 1404 1664 1467 galeae
1714 1419 1960 1452 summam

260 1477 479 1540 perdidit
527 1479 734 1540 partem.
805 1481 907 1525 tum
950 1492 1061 1525 vero
1110 1478 1384 1538 adsumunt
1419 1479 1549 1526 irae:
1597 1479 1706 1525 tum
1750 1493 1867 1526 vero
1907 1478 1960 1525 id

262 1554 338 1600 est
374 1554 484 1600 tum
522 1552 683 1614 magis
723 1552 913 1600 irarum
952 1551 1107 1600 crevit
1146 1553 1479 1615 augmentum.
1530 1552 1818 1612 insidiisque
1846 1553 1959 1600 sub-

262 1629 418 1682 actus,
474 1626 672 1674 furebat
725 1627 878 1685 enim,
941 1625 1073 1689 quod
1127 1627 1389 1674 contrariis
1442 1625 1696 1674 luderetur
1747 1624 1958 1686 insidiis,

158 1709 243 1749 495
261 1701 475 1748 diversos
507 1701 594 1748 ubi
623 1700 767 1748 sentit
795 1714 937 1760 equos
968 1714 1256 1759 currumque
1285 1700 1481 1760 referri,
1522 1699 1609 1747 ubi
1646 1699 1774 1748 vidit
1812 1699 1956 1747 alior—
1989 1714 2032 1746 20

261 1790 370 1823 sum
409 1773 525 1821 duci
563 1789 714 1836 equos
757 1776 807 1822 et
853 1789 1074 1834 currum,
1123 1774 1278 1821 multa
1315 1774 1482 1821 Iovem
1521 1777 1564 1821 et
1601 1774 1722 1821 laesi
1759 1776 1957 1821 testatus

258 1848 467 1907 foederis
499 1863 617 1896 aras
654 1849 757 1896 iam
787 1848 982 1895 tandem
1011 1848 1204 1896 invadit
1231 1848 1412 1895 medios
1450 1845 1523 1909 [et
1552 1848 1719 1895 Marte
1749 1847 1956 1896 secwndo

259 1920 535 1983 terribilis]:
592 1924 796 1984 propter
844 1921 991 1970 fidem
1053 1921 1375 1970 iurisiurandi
1429 1921 1562 1983 quod
1623 1937 1734 1970 cum
1775 1920 1956 1970 Latino

259 1997 532 2058 perfecerat
581 1997 741 2044 solum
793 1996 1060 2059 quaerebat
1106 1996 1351 2055 Turnum,
1403 2012 1549 2058 quem
1598 1997 1702 2043 sine
1753 1995 1955 2044 crimine

260 2070 511 2132 sacrilegii
542 2073 711 2132 posset
742 2069 981 2119 occidere:
1023 2070 1110 2118 sed
1141 2086 1251 2118 cum
1277 2070 1469 2118 videret
1500 2069 1594 2117 sibi
1626 2070 1728 2118 eius
1762 2070 1954 2131 copiam
1989 2083 2030 2116 25

260 2143 509 2206 denegari,
538 2147 752 2192 testatus
784 2143 953 2192 Iovem
985 2147 1036 2192 et
1065 2146 1251 2192 ceteros
1284 2143 1400 2192 deos
1431 2161 1519 2206 per
1551 2159 1674 2206 quos
1704 2146 1956 2192 iuraverat

260 2233 311 2266 se
356 2217 409 2264 in
454 2215 636 2265 bellum
682 2219 974 2267 necessitate
1012 2218 1179 2280 potius
1228 2235 1378 2281 quam
1424 2218 1681 2266 voluntate
1728 2217 1954 2279 conpelli,

259 2292 447 2340 invasit
483 2292 685 2339 tandem
723 2292 924 2340 medios.
978 2293 1181 2340 tandem
1217 2293 1347 2352 ideo,
1394 2294 1514 2354 quia
1554 2291 1636 2339 diu
1677 2292 1955 2354 expectavit

260 2382 320 2413 ne
351 2365 463 2414 finis
495 2365 612 2413 belli
635 2383 724 2427 per
748 2366 905 2414 Turni
929 2367 1080 2414 solius
1105 2383 1272 2414 necem
1296 2367 1543 2428 potuisset
1565 2367 1710 2413 exire.
1749 2365 1952 2425 medios,

259 2440 445 2501 inquit,
485 2439 698 2488 secundo
737 2440 895 2487 Marte
933 2440 1127 2489 invadit
1165 2439 1423 2488 terribilis:
1462 2456 1646 2503 magna
1683 2439 1779 2487 viri
1809 2439 1952 2487 fortis
1984 2454 2028 2486 30

261 2514 562 2562 constantia!
616 2530 713 2561 non
754 2514 1004 2562 dubitavit
1040 2514 1227 2563 medios
1273 2514 1506 2563 invadere
1544 2514 1633 2561 ubi
1679 2529 1709 2560 a
1747 2514 1951 2560 circum-

259 2587 382 2642 fusis
422 2589 590 2650 posset
626 2587 857 2649 interfici,
897 2603 1004 2635 ecce
1045 2591 1094 2636 et
1131 2588 1343 2636 feliciter
1373 2590 1568 2651 pugnat
1606 2588 1820 2636 vallatus
1859 2587 1951 2634 ini-

380 2733 405 2771 2
438 2730 616 2783 infirme
639 2728 681 2771 V
705 2743 812 2772 -um
843 2728 914 2772 ed.
1038 2733 1063 2771 3
1093 2730 1253 2773 horum
1284 2743 1427 2772 unum
1459 2742 1546 2772 om.
1572 2728 1627 2772 V.
1741 2731 1767 2770 8
1798 2727 1953 2781 fuerat

260 2793 310 2831 ut
351 2787 618 2840 funderetur
652 2788 694 2830 V
733 2793 830 2832 erat
870 2793 921 2831 ut
957 2788 1188 2831 incassum
1225 2789 1259 2841 f.
1301 2788 1372 2832 ed.
1418 2789 1645 2842 (funderet
1686 2786 1755 2830 ed.
1797 2788 1948 2843 post).

262 2850 286 2888 9
331 2847 513 2890 dixerat
555 2847 626 2890 ed.
751 2851 804 2890 12
845 2861 867 2890 e
907 2860 993 2889 om.
1031 2846 1101 2890 ed.
1227 2851 1280 2889 22
1325 2847 1668 2890 iam—medios
1707 2859 1791 2889 om.
1833 2845 1903 2889 ed.
1942 2847 1945 2901 ὲ

261 2910 375 2948 et—
403 2910 457 2949 23
494 2907 711 2950 terribilis
753 2906 884 2950 deest
925 2906 971 2948 in
1005 2904 1060 2958 V,
1102 2906 1183 2948 sed
1223 2905 1503 2961 explicatur,
1543 2906 1630 2948 hoc
1676 2904 1798 2948 infra
1843 2907 1950 2959 post

261 2965 428 3008 medios
460 2965 547 3021 (28)
581 2965 686 3007 add.
714 2965 784 3008 ed.
909 2968 963 3007 28
995 2965 1175 3008 invadit
1206 2964 1276 3007 ed.
