2050 3226
233 190 342 243 330
705 185 939 231 DONATI
967 185 1248 230 INTERPR.
1272 184 1451 229 VERG.

232 329 363 376 stare
401 326 573 376 laudes
612 328 663 374 et
699 326 835 375 facta
871 325 1140 386 maiorum,
1187 340 1249 372 ne
1288 324 1550 388 degeneres
1589 324 1779 373 inventi
1817 339 1919 372 sese

232 417 289 450 ac
329 417 531 450 suorum
562 400 839 451 clarissima
869 400 1005 448 facta
1034 402 1259 447 veterum
1288 398 1438 447 simul
1468 398 1766 447 addicerent.
1835 414 1921 446 au-

232 475 444 540 gendam
493 491 598 524 esse
646 475 805 538 magis
855 489 944 536 per
990 474 1216 536 posteros
1266 473 1471 520 illorum
1519 472 1732 537 gloriam
1780 471 1921 521 forti-

230 549 419 598 tudinis
469 550 582 598 nisu
634 564 786 610 quam
829 547 1013 595 inertia
1059 546 1360 595 cessantium
1395 546 1728 595 minuendam.
1795 546 1922 594 ultro

231 637 544 671 occurramus
598 623 664 670 ad
716 622 927 669 undam:
979 620 1304 684 perficiendae
1354 620 1542 685 gloriae
1588 620 1761 669 debuit
1809 635 1922 669 con-

233 698 399 746 silium
437 696 552 744 dare
598 696 686 758 qui
732 695 950 744 audendi
995 695 1240 743 suadebat
1285 694 1532 756 effectum,
1583 694 1734 743 simul
1771 695 1923 742 etiam
2012 708 2014 710 ’

232 772 423 834 aperire
460 770 727 833 profutura
773 769 968 818 consilii
1014 769 1111 831 sui3
1157 771 1276 817 tunc
1322 769 1454 816 enim
1500 770 1712 818 excitare
1759 768 1925 831 potuit

232 847 424 894 animos
475 844 808 907 singulorum,
858 844 902 892 si
949 843 1246 892 facilitatem
1292 842 1346 891 in
1393 842 1724 907 adgrediendo
1771 844 1821 891 et
1866 859 1925 890 ex

160 929 164 932 ’
232 934 499 982 congressu
549 918 861 966 commodum
910 918 1239 980 perviderent.
1327 919 1476 979 atque
1534 920 1591 966 ut
1646 916 1699 964 id
1748 932 1924 979 prope-

230 996 400 1042 ranter
436 993 595 1054 fieret,
628 991 823 1040 addidit
860 992 978 1039 dum
1015 991 1192 1051 trepidi
1229 992 1496 1052 eqressique
1528 991 1698 1039 labant
1724 991 1927 1051 vestiyia

223 1068 418 1127 prima:
463 1067 597 1114 ultro
645 1066 835 1115 occurri
882 1065 1185 1114 descensuris
1226 1065 1421 1126 debuit,
1466 1080 1527 1113 ne
1564 1065 1774 1113 firmatis
1811 1067 1927 1127 post

233 1157 390 1204 parva
438 1143 691 1188 momenta
742 1139 991 1204 gressibus
1041 1140 1368 1203 vestigiorum
1421 1141 1726 1188 resumerent
1775 1138 1927 1186 firmi-

233 1217 403 1263 tatem.
481 1217 726 1278 praestat,
771 1214 959 1276 inquit,
1006 1214 1224 1262 labantis
1277 1212 1482 1277 adgredi
1529 1229 1681 1276 quam
1732 1213 1926 1261 excluso

233 1289 415 1352 pedum
463 1289 702 1352 languore
751 1289 989 1337 firmatos.
1078 1288 1303 1337 audentis
1359 1289 1562 1347 fortuna
1613 1287 1774 1335 iuvat:
1828 1303 1927 1334 non

233 1365 376 1412 iuvat
417 1363 619 1411 fortuna
665 1364 931 1426 torpentis,
972 1362 1058 1410 sed
1097 1361 1391 1410 audentibus
1432 1361 1573 1410 adest
1610 1377 1701 1409 nec
1747 1361 1930 1409 deserit

235 1437 463 1485 audentis
505 1437 569 1484 ad
607 1438 816 1501 gloriam
863 1439 913 1485 et
958 1452 1108 1485 ausus
1157 1437 1382 1500 egregios
1430 1436 1655 1498 optatam
1699 1434 1930 1497 perducit

131 1519 215 1559 285
234 1512 298 1560 ad
335 1512 569 1574 palmam.
645 1511 762 1559 haec
808 1512 879 1559 ait
917 1515 959 1558 ct
996 1525 1157 1559 seeum
1194 1513 1357 1558 versat
1395 1524 1512 1569 quos
1551 1510 1723 1557 ducere
1762 1513 1929 1557 contra

233 1587 307 1634 vel
345 1587 520 1645 quibus
559 1586 774 1633 obsessos
802 1588 970 1645 posset
1007 1585 1285 1633 concredere
1322 1598 1513 1631 muros:
1552 1599 1663 1631 cum
1700 1583 1820 1631 haec
1858 1583 1928 1631 lo-

234 1662 379 1708 cutus
419 1661 569 1720 esset,
620 1659 807 1722 delegit
855 1674 979 1721 quos
1031 1674 1195 1707 secum
1242 1659 1414 1706 contra
1460 1657 1683 1718 duceret,
1721 1658 1814 1705 hoc
1855 1659 1930 1706 est

235 1736 407 1783 contra
446 1749 527 1782 eos
568 1734 657 1796 qui
686 1733 897 1782 navibus
936 1732 1264 1794 vehebantur,
1297 1734 1347 1780 et
1377 1747 1503 1794 quos
1537 1731 1783 1780 obsidioni
1815 1747 1927 1779 con-

235 1808 505 1857 servandae
554 1807 839 1855 dimitteret.
923 1806 1081 1855 metui
1127 1807 1259 1854 enim
1307 1805 1582 1854 necessario
1634 1805 1804 1853 debuit
1852 1821 1930 1866 ne,

236 1883 355 1932 dum
395 1897 561 1930 omnes
600 1881 783 1929 intenti
820 1881 940 1930 litus
981 1881 1241 1930 observare
1281 1879 1608 1941 contendunt,
1648 1880 1722 1928 vis
1754 1880 1928 1928 utrim-

237 1972 332 2019 que
372 1971 622 2019 emergens
663 1955 881 2003 medium
921 1971 1100 2019 agmen
1139 1955 1454 2017 opprimeret.

354 2031 552 2077 Interea
589 2028 785 2077 Aeneas
830 2031 983 2077 socios
1029 2030 1087 2077 de
1122 2030 1378 2090 puppibus
1424 2028 1536 2076 altis
1576 2028 1807 2088 pontibus
1854 2041 1930 2075 ex-

229 2105 397 2165 ponit,·
433 2104 574 2150 multi
608 2117 805 2151 servare
842 2118 1070 2151 recursus
1110 2103 1384 2164 lanquentis
1417 2102 1581 2163 pelagi
1628 2105 1671 2149 et
1708 2102 1931 2150 brevibus

133 2187 219 2227 290
236 2192 286 2226 36
325 2177 514 2225 credere
551 2177 703 2233 saltu,
739 2192 831 2236 per
868 2192 1025 2225 remos
1057 2178 1170 2225 alii:
1209 2177 1468 2226 descensus
1501 2192 1670 2224 eorum
1702 2176 1788 2237 qui
1820 2191 1931 2223 cum

237 2252 407 2299 Aenea
459 2254 699 2299 venerant
752 2251 887 2299 varie
947 2251 1260 2313 breviterque
1316 2250 1611 2300 describitur
1664 2252 1714 2297 et
1764 2249 1817 2296 in
1873 2265 1931 2296 ea

357 2367 380 2406 1
414 2362 644 2406 deceneres
665 2361 763 2406 VR.
807 2363 811 2420 ἱ
858 2377 948 2407 6336
971 2362 1057 2406 VR
1087 2376 1180 2407 sese
1211 2376 1293 2406 nos
1324 2376 1411 2406 sua
1442 2362 1512 2406 ed.
1630 2366 1654 2404 2
1686 2361 1819 2405 semel
1850 2361 1932 2404 ad-

237 2425 435 2467 dicerent
464 2421 550 2465 VR
591 2422 729 2465 simul
766 2435 849 2465 nos
889 2428 997 2466 tunc
1035 2424 1292 2466 amitterent
1322 2421 1393 2466 ed.
1428 2420 1662 2477 (addicere
1693 2422 1747 2463 ut
1779 2424 1819 2474 9,
1845 2423 1930 2464 599

238 2484 286 2526 et
326 2485 443 2525 786³.
496 2480 500 2538 Ι
558 2481 771 2535 augenda
810 2495 900 2525 esse
935 2481 1019 2524 VR
1063 2482 1275 2538 auyenda
1313 2485 1377 2525 est
1414 2480 1485 2523 ed.
1608 2483 1632 2523 3
1671 2480 1820 2536 yloria
1859 2478 1931 2523 ed.

238 2547 265 2585 4
297 2540 568 2585 cessantium
591 2539 675 2582 VR
710 2542 927 2584 cessantis
958 2540 1030 2585 ed.
1082 2541 1086 2598 Ι
1138 2540 1386 2584 minuenda
1425 2539 1496 2583 ed.
1549 2538 1553 2596 Ι
1603 2538 1774 2582 lemma
1811 2539 1932 2583 ultro

238 2613 529 2645 occurramus
574 2599 636 2642 ad
681 2599 855 2643 undam
898 2613 986 2642 om.
1024 2599 1111 2643 edI
1155 2601 1263 2642 ante
1306 2599 1414 2643 dum
1456 2598 1623 2653 trepidi
1669 2594 1776 2640 add.
1814 2597 1930 2641 edF.

240 2665 265 2703 6
298 2658 521 2702 audiendi
551 2657 605 2701 R.
709 2662 732 2701 7
760 2659 1034 2713 profuturae
1058 2658 1113 2701 V.
1157 2659 1162 2717 Ι
1210 2659 1413 2702 consiliis
1442 2658 1540 2701 suis
1571 2656 1642 2700 ed.
1745 2661 1768 2699 9
1796 2670 1932 2712 prae-

237 2719 441 2762 viderent
471 2717 542 2761 ed.
637 2720 691 2759 10
724 2718 970 2774 egressique
994 2717 1078 2760 VR
1110 2716 1166 2760 cf.
1201 2717 1324 2760 Serv.
1357 2716 1474 2759 Dan.
1570 2721 1621 2758 11
1657 2716 1933 2760 discensuris

238 2777 323 2820 VR
366 2776 647 2820 descensmis
685 2791 720 2819 r.
844 2780 898 2818 15
942 2777 1235 2820 audientibus
1268 2775 1364 2819 VR.
1496 2779 1550 2818 16
1594 2780 1636 2819 et
1673 2789 1814 2818 ausus
1847 2774 1933 2817 VR

238 2836 317 2880 sed
347 2850 390 2879 a.
423 2835 493 2878 ed.
619 2838 673 2878 19
714 2835 858 2892 eleyit·
881 2835 951 2878 ed.
1075 2840 1131 2878 22
1170 2835 1447 2879 contendunt
1477 2833 1560 2876 VR
1600 2835 1781 2878 -derent
1815 2833 1885 2877 ed.
1922 2833 1928 2891 Ι

239 2900 468 2949 utremque
491 2892 575 2936 VR
608 2907 721 2937 corr.
754 2908 789 2937 r.
882 2898 937 2936 25
969 2895 1124 2938 multis
1156 2900 1302 2938 etvare
1325 2893 1408 2935 VR
1441 2906 1553 2936 corr.
1587 2908 1621 2937 r.
1667 2892 1670 2951 Ι
1719 2898 1760 2937 et
1791 2893 1932 2937 brevi-

241 2955 391 2997 bus—
412 2958 466 2996 26
492 2953 578 2995 alii
609 2966 697 2996 om.
724 2951 839 2996 edF.
963 2957 1016 2996 26
1050 2954 1280 2997 descossus
1310 2952 1351 2994 R
1383 2965 1495 2995 corr.
1530 2967 1564 2995 r.
1687 2956 1742 2995 27
1775 2952 1933 2996 variae

242 3012 326 3054 VR
359 3025 471 3054 corr.
506 3010 577 3054 ed.

1958 1004 2000 1035 m

1959 1372 2001 1405 15

1959 1743 2004 1775 20

1961 2111 2005 2145 25
