2050 3226
240 227 308 279 16
719 224 952 268 DONATI
982 223 1264 268 INTERPR.
1290 223 1468 267 VERG.

231 365 470 425 prendere
523 366 739 413 crinibus
790 366 953 425 iynem
1008 368 1149 424 atque
1202 377 1391 411 omnem
1446 365 1673 411 ornatum
1731 364 1934 421 flamma

150 450 204 488 75
237 440 499 498 crepitante
548 439 756 487 cremari
806 439 1077 499 regalisque
1127 452 1331 486 accensa
1382 451 1564 493 corna&
1613 451 1817 485 accensa
1862 451 1935 485 co-

235 527 411 560 ronam
447 514 687 573 insiynem
721 513 943 573 yemmis,
987 515 1089 559 tam
1126 511 1324 571 fumida
1363 511 1544 558 lumine
1581 511 1717 571 fulvo
1755 511 1938 559 involvi

237 602 296 634 ac
341 587 449 634 totis
493 587 768 635 Vulcanum
812 601 1041 647 sparyere
1090 587 1220 633 tectis
1229 603 1247 643 ;
1290 585 1344 632 id
1388 599 1500 632 vero
1544 585 1840 633 horrendum
1881 600 1939 633 ac

175 718 180 721 ,
236 662 347 708 visu
386 661 613 708 mirabile
653 662 802 720 ferri:
862 661 980 708 licet
1025 659 1280 722 superiora
1326 675 1455 721 quae
1503 661 1804 707 emerserant
1846 660 1938 706 mi-

236 733 394 782 randa
443 734 674 782 omnibus
719 735 1026 795 viderentur,
1076 734 1168 782 hoc
1217 735 1382 781 tamen
1425 733 1740 782 vehementer
1778 733 1938 782 omnis

238 808 600 870 commovebat,
664 823 775 856 cum
837 808 1149 856 adverterent
1204 808 1374 856 ardere
1428 806 1668 855 Laviniae
1730 807 1938 871 virginis

238 885 389 945 caput
433 884 583 944 atque
628 882 703 930 ita
749 882 1032 930 incendium
1070 898 1159 943 per
1197 881 1393 930 diversa
1430 883 1640 943 iactare,
1679 883 1738 929 ut
1774 881 1939 930 vicina

238 957 406 1004 omnia
453 957 698 1018 potuisset
746 955 1022 1004 accendere.
1098 955 1151 1003 id
1201 971 1316 1004 vero
1367 955 1668 1003 horrendum
1718 971 1776 1004 ac
1824 956 1937 1004 visu

237 1030 465 1078 mirabile
510 1031 651 1078 ferri:
712 1030 791 1077 illi
844 1030 1033 1078 scilicet
1083 1030 1169 1092 qui
1220 1045 1332 1077 cum
1379 1031 1494 1078 vate
1545 1029 1755 1077 aderant
1805 1029 1938 1091 quod
1973 1044 2016 1076 10

238 1106 587 1168 spargerentur
624 1104 852 1152 flammae
891 1120 979 1152 nec
1011 1104 1278 1166 quicquam
1309 1105 1683 1152 consumeretur
1712 1103 1939 1152 incendio

237 1178 561 1227 mirabantur.
629 1193 839 1237 namque
868 1179 973 1237 fore
1006 1178 1259 1226 inlustrem
1289 1179 1431 1237 fania
1460 1178 1672 1238 fatisque
1704 1179 1942 1226 canebant

150 1264 206 1303 80
236 1254 420 1312 ipsam,
460 1252 545 1300 sed
575 1252 758 1312 populo
795 1267 1030 1312 maynum
1061 1252 1347 1312 portendere
1389 1252 1587 1299 belluni:
1640 1253 1780 1300 vates
1813 1250 1940 1299 dice-

237 1327 348 1387 bat,
388 1325 810 1374 consentientibus
858 1327 1070 1387 cunctis,
1107 1341 1342 1389 magnam
1383 1341 1440 1373 ex
1480 1341 1630 1374 causa
1666 1325 1788 1374 belli
1826 1341 1940 1374 ven-

238 1405 406 1448 turam
450 1400 648 1462 populis
696 1415 799 1448 esse
846 1400 1136 1461 perniciem,
1183 1401 1347 1461 ipsam
1385 1416 1501 1447 vero
1541 1399 1796 1448 meliorem
1834 1399 1939 1446 fore
1973 1413 2016 1446 1⁶

239 1475 375 1522 fama
425 1478 475 1522 et
523 1473 659 1522 fatis.
737 1489 846 1521 ecce
896 1476 947 1521 et
994 1474 1087 1521 hoc
1135 1474 1199 1521 ad
1235 1474 1434 1521 Aeneae
1473 1474 1690 1535 pertinet
1727 1473 1940 1534 laudem,

241 1548 475 1632 quoniam
524 1549 632 1609 ipse
681 1547 878 1595 futurus
926 1551 1034 1595 erat
1082 1546 1260 1595 Italiae
1306 1548 1506 1610 populis
1554 1564 1662 1608 rex,
1700 1547 1807 1610 ipse
1845 1546 1940 1594 La—

240 1622 404 1670 viniae
443 1622 643 1670 honoris
683 1622 969 1670 conlaturus
1009 1624 1291 1685 augmenta.
1354 1621 1564 1684 pluralis
1602 1621 1833 1670 inductus
1867 1624 1943 1669 est

239 1711 472 1743 numerus
523 1697 572 1743 et
619 1695 725 1756 ipse
781 1696 884 1743 51110
939 1695 1223 1743 definitione
1278 1710 1522 1756 summae,
1577 1697 1634 1742 ut
1682 1696 1735 1743 in
1786 1695 1941 1758 pluri-

239 1786 434 1818 morum
494 1769 739 1817 sententia
799 1768 957 1817 maior
1018 1771 1147 1817 esset
1203 1769 1428 1817 veritatis
1495 1770 1792 1830 auctorita83
1849 1770 1942 1816 hoc
1973 1783 2018 1815 20

242 1846 317 1892 est
365 1843 496 1891 enim
544 1843 597 1890 in
646 1843 944 1891 tractatibus
993 1843 1190 1890 firmum
1239 1842 1372 1904 quod
1421 1843 1745 1905 probaverint
1781 1843 1940 1891 multi.

241 1922 290 1965 at
337 1931 423 1965 rea·
472 1917 704 1964 sollicitus
753 1917 982 1964 monstris
1032 1917 1233 1964 oracula
1271 1917 1444 1964 Fauni
1480 1917 1673 1976 fatidici
1711 1918 1942 1977 yenitoris

243 1992 348 2039 adit
396 1991 617 2049 lucosque
665 1991 755 2038 sub
806 1991 908 2038 alta
962 1991 1166 2038 consulit
1207 1990 1457 2046 Albunea,
1509 2005 1761 2038 nemorum
1819 2006 1942 2050 quae

242 2066 460 2114 maxima
509 2079 648 2112 sacro
697 2065 828 2123 fonte
876 2068 1019 2111 sonat
1067 2079 1356 2124 saevamque
1407 2065 1600 2113 eoehalat
1647 2079 1802 2124 opaca
1846 2079 1941 2112 me-

238 2140 436 2199 phitim:
497 2141 550 2186 at
598 2154 683 2186 rex
731 2138 918 2200 inquit,
965 2154 1063 2186 non
1110 2138 1237 2186 dixit
1282 2138 1490 2201 virginis
1538 2142 1702 2201 pater3
1754 2138 1942 2200 publici
1973 2151 2016 2184 2⁶

244 2212 370 2260 enim
426 2214 584 2260 status
637 2228 787 2274 quam
835 2212 967 2259 filiae
1007 2212 1173 2273 potior
1212 2213 1376 2260 suerat
1415 2228 1588 2273 causa,
1628 2213 1746 2260 licet
1781 2211 1940 2274 ipsius

245 2302 440 2349 quoque
472 2285 805 2333 contineretur
837 2301 955 2333 cura
985 2286 1124 2334 0111115
1158 2288 1308 2348 caput
1345 2289 1545 2349 repente
1585 2286 1939 2333 flammaverat.

245 2377 343 2409 non
389 2359 520 2407 enim
566 2362 684 2407 tunc
731 2359 790 2407 de
829 2359 1141 2422 suscipiendo
1181 2363 1381 2407 tantum
1420 2375 1598 2422 genero
1638 2359 1941 2423 agitabatur,

245 2434 332 2482 sed
369 2435 528 2481 metus
567 2433 731 2481 fuerat
769 2450 826 2480 ex
866 2448 922 2480 eo
962 2434 1097 2495 quod
1128 2436 1267 2481 vates
1302 2433 1677 2495 pronuntiasset
1706 2449 1942 2497 magnam

365 2624 390 2663 5
423 2620 570 2663 visum
593 2618 647 2661 V.
766 2623 819 2661 12
850 2619 1024 2672 famam
1048 2617 1101 2661 V:
1135 2618 1212 2661 hic
1244 2618 1349 2660 finis
1382 2618 1615 2662 lemmatis
1648 2632 1762 2667 cum>
1785 2618 1938 2674 spatio

245 2692 392 2722 vacuo
425 2678 620 2721 duorum
652 2691 886 2731 versuum,
920 2677 1130 2732 sequitur
1159 2676 1238 2721 fol.
1261 2681 1331 2731 35,
1358 2678 1489 2721 cuius
1513 2678 1562 2720 in
1585 2678 1763 2734 pagina
1785 2677 1938 2733 priore

246 2737 365 2780 nihil
397 2736 621 2793 scriptum
654 2739 726 2780 est
755 2737 847 2779 nisi
877 2741 1000 2780 vates
1030 2737 1270 2780 dicebat—
1281 2738 1477 2791 perniti,
1508 2737 1685 2793 pagina
1711 2735 1941 2791 posterior

247 2796 480 2840 lemmatis
523 2795 659 2839 finem
703 2795 847 2838 habet
886 2796 933 2838 et
972 2795 1144 2850 repetit
1173 2794 1315 2838 verba
1357 2796 1820 2852 vates—pernitiem;
1859 2807 1940 2836 cur

247 2857 350 2899 tota
381 2856 476 2898 fere
509 2855 686 2911 pagina
716 2867 865 2897 vacua
895 2853 1060 2898 relicta
1093 2854 1155 2897 sit
1185 2868 1278 2897 non
1311 2857 1520 2910 apparet.
1645 2859 1699 2896 13
1730 2852 1941 2896 dicebant

246 2915 542 2958 sentientibus
573 2914 644 2957 ed.
740 2918 792 2956 18
821 2914 1022 2969 pluralis
1052 2915 1139 2956 etc.
1175 2913 1236 2955 ad
1268 2915 1493 2958 canebant
1522 2912 1725 2969 respicit.
1813 2915 1866 2954 19
1899 2916 1940 2953 et

247 2976 298 3017 in
321 2972 363 3016 V
393 2979 445 3017 ut
474 2974 526 3016 in
557 2973 627 3016 ed.
721 2977 777 3015 20
808 2972 859 3015 id
890 2977 952 3015 est
983 2972 1054 3015 ed.
1140 2976 1194 3015 22
1228 2975 1440 3017 monstris
1462 2972 1506 3015 V
1534 2977 1835 3017 ‘monstrorum
1866 2969 1937 3012 ed.

249 3037 303 3075 23
337 3033 528 3076 albania
550 3031 593 3074 V
626 3031 766 3087 (infra
797 3032 953 3087 recte).
1078 3035 1133 3074 26
1166 3033 1285 3075 enim
1318 3045 1404 3075 om.
1440 3032 1511 3075 ed.
