<?xml version="1.0" encoding="UTF-8"?>
<!DOCTYPE html PUBLIC "-//W3C//DTD XHTML 1.0 Transitional//EN"
    "http://www.w3.org/TR/xhtml1/DTD/xhtml1-transitional.dtd">
<html xmlns="http://www.w3.org/1999/xhtml" xml:lang="en" lang="en">
 <head>
  <title>
</title>
<meta http-equiv="Content-Type" content="text/html;charset=utf-8" />
  <meta name='ocr-system' content='tesseract 3.04.00' />
  <meta name='ocr-capabilities' content='ocr_page ocr_carea ocr_par ocr_line ocrx_word'/>
</head>
<body>
  <div class='ocr_page' id='page_1' title='image "./interpretationes02donauoft_0605.png"; bbox 0 0 2078 3260; ppageno 0'>
   <div class='ocr_carea' id='block_1_1' title="bbox 96 670 116 702">
    <p class='ocr_par' dir='ltr' id='par_1_1' title="bbox 96 670 116 702">
     <span class='ocr_line' id='line_1_1' title="bbox 96 670 116 702; baseline 0 0"><span class='ocrx_word' id='word_1_1' title='bbox 96 670 116 702; x_wconf 81' lang='lat'><strong>5</strong></span> 
     </span>
    </p>
   </div>
   <div class='ocr_carea' id='block_1_2' title="bbox 785 218 1839 276">
    <p class='ocr_par' dir='ltr' id='par_1_2' title="bbox 785 218 1839 276">
     <span class='ocr_line' id='line_1_2' title="bbox 785 218 1839 276; baseline 0 -12"><span class='ocrx_word' id='word_1_2' title='bbox 785 218 1090 264; x_wconf 78' lang='lat' dir='ltr'><strong>AENEIDos</strong></span> <span class='ocrx_word' id='word_1_3' title='bbox 1120 219 1208 264; x_wconf 81' lang='grc' dir='ltr'><strong>ΧΠ</strong></span> <span class='ocrx_word' id='word_1_4' title='bbox 1734 223 1839 276; x_wconf 86' lang='lat'><strong>601</strong></span> 
     </span>
    </p>
   </div>
   <div class='ocr_carea' id='block_1_3' title="bbox 147 358 1848 1015">
    <p class='ocr_par' dir='ltr' id='par_1_3' title="bbox 147 358 1848 944">
     <span class='ocr_line' id='line_1_3' title="bbox 149 358 1843 423; baseline 0 -15"><span class='ocrx_word' id='word_1_5' title='bbox 149 361 341 423; x_wconf 89' lang='lat' dir='ltr'><strong>equites</strong></span> <span class='ocrx_word' id='word_1_6' title='bbox 370 360 473 408; x_wconf 87' lang='lat' dir='ltr'><strong>iam</strong></span> <span class='ocrx_word' id='word_1_7' title='bbox 503 360 713 408; x_wconf 86' lang='lat' dir='ltr'><strong>aderant</strong></span> <span class='ocrx_word' id='word_1_8' title='bbox 733 361 934 408; x_wconf 87' lang='lat' dir='ltr'><strong>tantum</strong></span> <span class='ocrx_word' id='word_1_9' title='bbox 958 358 1186 422; x_wconf 81' lang='lat' dir='ltr'>proximi,</span> <span class='ocrx_word' id='word_1_10' title='bbox 1216 361 1274 408; x_wconf 91' lang='lat' dir='ltr'><strong>ut</strong></span> <span class='ocrx_word' id='word_1_11' title='bbox 1303 359 1496 422; x_wconf 90' lang='lat' dir='ltr'><strong>spicula</strong></span> <span class='ocrx_word' id='word_1_12' title='bbox 1519 376 1647 422; x_wconf 86' lang='lat' dir='ltr'><strong>quae</strong></span> <span class='ocrx_word' id='word_1_13' title='bbox 1678 362 1843 410; x_wconf 89' lang='lat' dir='ltr'><strong>mitte-</strong></span> 
     </span>
     <span class='ocr_line' id='line_1_4' title="bbox 149 433 1846 483; baseline 0 0"><span class='ocrx_word' id='word_1_14' title='bbox 149 434 272 483; x_wconf 84' lang='lat' dir='ltr'><strong>bant</strong></span> <span class='ocrx_word' id='word_1_15' title='bbox 292 434 346 482; x_wconf 91' lang='lat' dir='ltr'><strong>in</strong></span> <span class='ocrx_word' id='word_1_16' title='bbox 368 433 533 482; x_wconf 85' lang='lat' dir='ltr'><strong>media</strong></span> <span class='ocrx_word' id='word_1_17' title='bbox 557 436 721 483; x_wconf 85' lang='lat' dir='ltr'><strong>castra</strong></span> <span class='ocrx_word' id='word_1_18' title='bbox 744 433 1108 482; x_wconf 79' lang='lat' dir='ltr'><strong>descenderent.</strong></span> <span class='ocrx_word' id='word_1_19' title='bbox 1146 433 1255 483; x_wconf 91' lang='lat' dir='ltr'><strong>ibat</strong></span> <span class='ocrx_word' id='word_1_20' title='bbox 1278 435 1446 482; x_wconf 90' lang='lat' dir='ltr'><strong>autem</strong></span> <span class='ocrx_word' id='word_1_21' title='bbox 1468 435 1627 482; x_wconf 88' lang='lat' dir='ltr'><strong>tristis</strong></span> <span class='ocrx_word' id='word_1_22' title='bbox 1659 435 1846 483; x_wconf 87' lang='lat' dir='ltr'><strong>clamor</strong></span> 
     </span>
     <span class='ocr_line' id='line_1_5' title="bbox 150 507 1845 570; baseline 0.001 -14"><span class='ocrx_word' id='word_1_23' title='bbox 150 508 214 556; x_wconf 89' lang='lat' dir='ltr'><strong>ad</strong></span> <span class='ocrx_word' id='word_1_24' title='bbox 252 508 466 569; x_wconf 88' lang='lat' dir='ltr'><strong>caelum,</strong></span> <span class='ocrx_word' id='word_1_25' title='bbox 513 524 681 556; x_wconf 90' lang='lat' dir='ltr'><strong>eorum</strong></span> <span class='ocrx_word' id='word_1_26' title='bbox 728 508 918 558; x_wconf 84' lang='lat' dir='ltr'><strong>scilicet</strong></span> <span class='ocrx_word' id='word_1_27' title='bbox 964 509 1052 570; x_wconf 86' lang='lat' dir='ltr'><strong>qui</strong></span> <span class='ocrx_word' id='word_1_28' title='bbox 1101 507 1367 557; x_wconf 73' lang='lat' dir='ltr'><strong>cernebant</strong></span> <span class='ocrx_word' id='word_1_29' title='bbox 1404 508 1604 557; x_wconf 87' lang='lat' dir='ltr'><strong>evidens</strong></span> <span class='ocrx_word' id='word_1_30' title='bbox 1642 510 1845 570; x_wconf 86' lang='lat' dir='ltr'><strong>malum,</strong></span> 
     </span>
     <span class='ocr_line' id='line_1_6' title="bbox 149 580 1848 646; baseline 0.001 -16"><span class='ocrx_word' id='word_1_31' title='bbox 149 584 199 630; x_wconf 87' lang='lat' dir='ltr'><strong>et</strong></span> <span class='ocrx_word' id='word_1_32' title='bbox 236 598 405 631; x_wconf 89' lang='lat' dir='ltr'><strong>eorum</strong></span> <span class='ocrx_word' id='word_1_33' title='bbox 445 582 715 631; x_wconf 80' lang='lat' dir='ltr'><strong>audiebant</strong></span> <span class='ocrx_word' id='word_1_34' title='bbox 759 581 974 646; x_wconf 87' lang='lat' dir='ltr'><strong>gemitus</strong></span> <span class='ocrx_word' id='word_1_35' title='bbox 1014 580 1101 646; x_wconf 89' lang='lat' dir='ltr'><strong>qui</strong></span> <span class='ocrx_word' id='word_1_36' title='bbox 1138 582 1396 631; x_wconf 82' lang='lat' dir='ltr'><strong>cadebant.</strong></span> <span class='ocrx_word' id='word_1_37' title='bbox 1473 583 1634 632; x_wconf 89' lang='lat' dir='ltr'><strong>omnis</strong></span> <span class='ocrx_word' id='word_1_38' title='bbox 1673 582 1848 632; x_wconf 90' lang='lat' dir='ltr'><strong>aderat</strong></span> 
     </span>
     <span class='ocr_line' id='line_1_7' title="bbox 149 656 1848 720; baseline 0.001 -15"><span class='ocrx_word' id='word_1_39' title='bbox 149 656 426 719; x_wconf 82' lang='lat' dir='ltr'><strong>desperatio</strong></span> <span class='ocrx_word' id='word_1_40' title='bbox 474 659 524 704; x_wconf 91' lang='lat' dir='ltr'><strong>et</strong></span> <span class='ocrx_word' id='word_1_41' title='bbox 570 656 844 719; x_wconf 83' lang='lat' dir='ltr'><strong>apparebat</strong></span> <span class='ocrx_word' id='word_1_42' title='bbox 883 656 1003 718; x_wconf 87' lang='lat' dir='ltr'><strong>quid</strong></span> <span class='ocrx_word' id='word_1_43' title='bbox 1048 659 1244 720; x_wconf 87' lang='lat' dir='ltr'><strong>tempus</strong></span> <span class='ocrx_word' id='word_1_44' title='bbox 1292 657 1530 718; x_wconf 84' lang='lat' dir='ltr'><strong>adferret,</strong></span> <span class='ocrx_word' id='word_1_45' title='bbox 1575 658 1630 705; x_wconf 90' lang='lat' dir='ltr'><strong>ni</strong></span> <span class='ocrx_word' id='word_1_46' title='bbox 1667 657 1848 706; x_wconf 87' lang='lat' dir='ltr'><strong>fuisset</strong></span> 
     </span>
     <span class='ocr_line' id='line_1_8' title="bbox 148 730 1846 795; baseline 0.001 -17"><span class='ocrx_word' id='word_1_47' title='bbox 148 731 343 779; x_wconf 86' lang='lat' dir='ltr'><strong>Aeneae</strong></span> <span class='ocrx_word' id='word_1_48' title='bbox 382 730 695 780; x_wconf 84' lang='lat' dir='ltr'><strong>subventum.</strong></span> <span class='ocrx_word' id='word_1_49' title='bbox 759 733 946 793; x_wconf 87' lang='lat' dir='ltr'><strong>quanta</strong></span> <span class='ocrx_word' id='word_1_50' title='bbox 983 730 1028 779; x_wconf 93' lang='lat' dir='ltr'><strong>ei</strong></span> <span class='ocrx_word' id='word_1_51' title='bbox 1065 731 1175 779; x_wconf 89' lang='lat' dir='ltr'><strong>laus</strong></span> <span class='ocrx_word' id='word_1_52' title='bbox 1221 731 1300 780; x_wconf 91' lang='lat' dir='ltr'><strong>his</strong></span> <span class='ocrx_word' id='word_1_53' title='bbox 1340 731 1600 795; x_wconf 86' lang='lat' dir='ltr'><strong>generibus</strong></span> <span class='ocrx_word' id='word_1_54' title='bbox 1640 730 1846 780; x_wconf 84' lang='lat' dir='ltr'><strong>dicitur!</strong></span> 
     </span>
     <span class='ocr_line' id='line_1_9' title="bbox 147 804 1846 869; baseline 0 -15"><span class='ocrx_word' id='word_1_55' title='bbox 147 805 281 854; x_wconf 91' lang='lat' dir='ltr'><strong>solus</strong></span> <span class='ocrx_word' id='word_1_56' title='bbox 322 804 463 853; x_wconf 89' lang='lat' dir='ltr'><strong>abest</strong></span> <span class='ocrx_word' id='word_1_57' title='bbox 494 822 554 853; x_wconf 86' lang='lat' dir='ltr'><strong>ex</strong></span> <span class='ocrx_word' id='word_1_58' title='bbox 584 821 735 854; x_wconf 89' lang='lat' dir='ltr'><strong>causa</strong></span> <span class='ocrx_word' id='word_1_59' title='bbox 765 805 1008 854; x_wconf 87' lang='lat' dir='ltr'><strong>vulneris:</strong></span> <span class='ocrx_word' id='word_1_60' title='bbox 1049 807 1099 853; x_wconf 88' lang='lat' dir='ltr'><strong>et</strong></span> <span class='ocrx_word' id='word_1_61' title='bbox 1137 805 1260 854; x_wconf 87' lang='lat' dir='ltr'><strong>alios</strong></span> <span class='ocrx_word' id='word_1_62' title='bbox 1296 807 1516 853; x_wconf 84' lang='lat' dir='ltr'><strong>extrema</strong></span> <span class='ocrx_word' id='word_1_63' title='bbox 1546 808 1846 869; x_wconf 86' lang='lat' dir='ltr'><strong>presserunt,</strong></span> 
     </span>
     <span class='ocr_line' id='line_1_10' title="bbox 148 878 1026 944; baseline -0.001 -17"><span class='ocrx_word' id='word_1_64' title='bbox 148 879 271 927; x_wconf 86' lang='lat' dir='ltr'><strong>alios</strong></span> <span class='ocrx_word' id='word_1_65' title='bbox 309 878 413 927; x_wconf 88' lang='lat' dir='ltr'><strong>iam</strong></span> <span class='ocrx_word' id='word_1_66' title='bbox 450 880 558 942; x_wconf 91' lang='lat' dir='ltr'><strong>ipse</strong></span> <span class='ocrx_word' id='word_1_67' title='bbox 595 882 743 944; x_wconf 88' lang='lat' dir='ltr'><strong>urget</strong></span> <span class='ocrx_word' id='word_1_68' title='bbox 778 878 1026 928; x_wconf 85' lang='lat' dir='ltr'><strong>interitus.</strong></span> 
     </span>
    </p>

    <p class='ocr_par' dir='ltr' id='par_1_4' title="bbox 264 953 1848 1015">
     <span class='ocr_line' id='line_1_11' title="bbox 264 953 1848 1015; baseline 0.001 -14"><span class='ocrx_word' id='word_1_69' title='bbox 264 953 366 1002; x_wconf 87' lang='lat' dir='ltr'><strong>Hie</strong></span> <span class='ocrx_word' id='word_1_70' title='bbox 414 953 577 1002; x_wconf 79' lang='lat' dir='ltr'><strong>Venas</strong></span> <span class='ocrx_word' id='word_1_71' title='bbox 632 954 833 1014; x_wconf 73' lang='lat' dir='ltr'><strong>indiyno</strong></span> <span class='ocrx_word' id='word_1_72' title='bbox 882 954 990 1002; x_wconf 82' lang='lat' dir='ltr'><strong>nati</strong></span> <span class='ocrx_word' id='word_1_73' title='bbox 1039 967 1274 1001; x_wconf 78' lang='lat' dir='ltr'><strong>concussa</strong></span> <span class='ocrx_word' id='word_1_74' title='bbox 1322 953 1484 1001; x_wconf 84' lang='lat' dir='ltr'><strong>dolore</strong></span> <span class='ocrx_word' id='word_1_75' title='bbox 1531 954 1646 1015; x_wconf 81' lang='lat' dir='ltr'><strong>ipsa</strong></span> <span class='ocrx_word' id='word_1_76' title='bbox 1692 969 1848 1002; x_wconf 79' lang='lat' dir='ltr'><strong>mana</strong></span> 
     </span>
    </p>
   </div>
   <div class='ocr_carea' id='block_1_4' title="bbox 71 1027 1850 1088">
    <p class='ocr_par' dir='ltr' id='par_1_5' title="bbox 71 1027 1850 1088">
     <span class='ocr_line' id='line_1_12' title="bbox 71 1027 1850 1088; baseline 0.002 -15"><span class='ocrx_word' id='word_1_77' title='bbox 71 1041 116 1073; x_wconf 88' lang='grc' dir='ltr'><strong>ιο</strong></span> <span class='ocrx_word' id='word_1_78' title='bbox 142 1028 360 1087; x_wconf 72' lang='lat' dir='ltr'><strong>yenetrix</strong></span> <span class='ocrx_word' id='word_1_79' title='bbox 396 1027 607 1076; x_wconf 83' lang='lat' dir='ltr'><strong>Dictaea</strong></span> <span class='ocrx_word' id='word_1_80' title='bbox 645 1029 803 1087; x_wconf 78' lang='lat' dir='ltr'><strong>carpit</strong></span> <span class='ocrx_word' id='word_1_81' title='bbox 848 1028 910 1076; x_wconf 90' lang='lat' dir='ltr'><strong>ab</strong></span> <span class='ocrx_word' id='word_1_82' title='bbox 940 1027 1041 1075; x_wconf 81' lang='lat' dir='ltr'><strong>Ida</strong></span> <span class='ocrx_word' id='word_1_83' title='bbox 1080 1028 1350 1086; x_wconf 79' lang='lat' dir='ltr'><strong>puberibus</strong></span> <span class='ocrx_word' id='word_1_84' title='bbox 1395 1027 1583 1075; x_wconf 81' lang='lat' dir='ltr'><strong>caulem</strong></span> <span class='ocrx_word' id='word_1_85' title='bbox 1626 1027 1759 1088; x_wconf 82' lang='lat' dir='ltr'><strong>foliis</strong></span> <span class='ocrx_word' id='word_1_86' title='bbox 1806 1031 1850 1076; x_wconf 85' lang='lat' dir='ltr'><strong>et</strong></span> 
     </span>
    </p>
   </div>
   <div class='ocr_carea' id='block_1_5' title="bbox 72 1411 114 1443">
    <p class='ocr_par' dir='ltr' id='par_1_6' title="bbox 72 1411 114 1443">
     <span class='ocr_line' id='line_1_13' title="bbox 72 1411 114 1443; baseline 0.024 -1"><span class='ocrx_word' id='word_1_87' title='bbox 72 1411 114 1443; x_wconf 87' lang='lat'><strong>15</strong></span> 
     </span>
    </p>
   </div>
   <div class='ocr_carea' id='block_1_6' title="bbox 71 1780 115 1812">
    <p class='ocr_par' dir='ltr' id='par_1_7' title="bbox 71 1780 115 1812">
     <span class='ocr_line' id='line_1_14' title="bbox 71 1780 115 1812; baseline 0 0"><span class='ocrx_word' id='word_1_88' title='bbox 71 1780 115 1812; x_wconf 78' lang='lat'><strong>20</strong></span> 
     </span>
    </p>
   </div>
   <div class='ocr_carea' id='block_1_7' title="bbox 73 2152 116 2184">
    <p class='ocr_par' dir='ltr' id='par_1_8' title="bbox 73 2152 116 2184">
     <span class='ocr_line' id='line_1_15' title="bbox 73 2152 116 2184; baseline 0 0"><span class='ocrx_word' id='word_1_89' title='bbox 73 2152 116 2184; x_wconf 74' lang='lat'><strong>85</strong></span> 
     </span>
    </p>
   </div>
   <div class='ocr_carea' id='block_1_8' title="bbox 145 1100 1850 2412">
    <p class='ocr_par' dir='ltr' id='par_1_9' title="bbox 145 1100 1850 2412">
     <span class='ocr_line' id='line_1_16' title="bbox 145 1100 1850 1163; baseline 0.001 -14"><span class='ocrx_word' id='word_1_90' title='bbox 145 1102 264 1159; x_wconf 78' lang='lat' dir='ltr'><strong>flore</strong></span> <span class='ocrx_word' id='word_1_91' title='bbox 302 1104 566 1149; x_wconf 78' lang='lat' dir='ltr'><strong>comantem</strong></span> <span class='ocrx_word' id='word_1_92' title='bbox 600 1116 874 1162; x_wconf 78' lang='lat' dir='ltr'><strong>purpureo:</strong></span> <span class='ocrx_word' id='word_1_93' title='bbox 928 1100 1221 1150; x_wconf 86' lang='lat' dir='ltr'><strong>admiranda</strong></span> <span class='ocrx_word' id='word_1_94' title='bbox 1259 1101 1469 1151; x_wconf 88' lang='lat' dir='ltr'><strong>dicentis</strong></span> <span class='ocrx_word' id='word_1_95' title='bbox 1506 1101 1752 1163; x_wconf 81' lang='lat' dir='ltr'><strong>inventio,</strong></span> <span class='ocrx_word' id='word_1_96' title='bbox 1789 1105 1850 1151; x_wconf 91' lang='lat' dir='ltr'><strong>ut</strong></span> 
     </span>
     <span class='ocr_line' id='line_1_17' title="bbox 145 1174 1846 1238; baseline 0.001 -16"><span class='ocrx_word' id='word_1_97' title='bbox 145 1174 239 1223; x_wconf 88' lang='lat' dir='ltr'><strong>tali</strong></span> <span class='ocrx_word' id='word_1_98' title='bbox 276 1178 498 1238; x_wconf 88' lang='lat' dir='ltr'><strong>tempore</strong></span> <span class='ocrx_word' id='word_1_99' title='bbox 538 1177 588 1224; x_wconf 93' lang='lat' dir='ltr'><strong>et</strong></span> <span class='ocrx_word' id='word_1_100' title='bbox 624 1174 678 1223; x_wconf 92' lang='lat' dir='ltr'><strong>in</strong></span> <span class='ocrx_word' id='word_1_101' title='bbox 716 1176 811 1224; x_wconf 85' lang='lat' dir='ltr'><strong>tali</strong></span> <span class='ocrx_word' id='word_1_102' title='bbox 849 1191 1017 1236; x_wconf 87' lang='lat' dir='ltr'><strong>causa,</strong></span> <span class='ocrx_word' id='word_1_103' title='bbox 1055 1176 1109 1223; x_wconf 89' lang='lat' dir='ltr'><strong>in</strong></span> <span class='ocrx_word' id='word_1_104' title='bbox 1147 1177 1292 1223; x_wconf 87' lang='lat' dir='ltr'><strong>tanta</strong></span> <span class='ocrx_word' id='word_1_105' title='bbox 1331 1174 1695 1238; x_wconf 85' lang='lat' dir='ltr'><strong>desperatione,</strong></span> <span class='ocrx_word' id='word_1_106' title='bbox 1743 1192 1846 1225; x_wconf 92' lang='lat' dir='ltr'><strong>om·</strong></span> 
     </span>
     <span class='ocr_line' id='line_1_18' title="bbox 146 1249 1848 1313; baseline 0.002 -17"><span class='ocrx_word' id='word_1_107' title='bbox 146 1249 291 1298; x_wconf 88' lang='lat' dir='ltr'><strong>nibus</strong></span> <span class='ocrx_word' id='word_1_108' title='bbox 342 1265 539 1313; x_wconf 90' lang='lat' dir='ltr'><strong>quoque</strong></span> <span class='ocrx_word' id='word_1_109' title='bbox 589 1252 640 1297; x_wconf 86' lang='lat' dir='ltr'><strong>et</strong></span> <span class='ocrx_word' id='word_1_110' title='bbox 686 1250 798 1313; x_wconf 88' lang='lat' dir='ltr'><strong>ipso</strong></span> <span class='ocrx_word' id='word_1_111' title='bbox 847 1250 1064 1298; x_wconf 87' lang='lat' dir='ltr'><strong>Ascanio</strong></span> <span class='ocrx_word' id='word_1_112' title='bbox 1113 1249 1511 1311; x_wconf 85' lang='lat' dir='ltr'><strong>lacrimantibus,</strong></span> <span class='ocrx_word' id='word_1_113' title='bbox 1565 1250 1848 1312; x_wconf 87' lang='lat' dir='ltr'><strong>trepidante</strong></span> 
     </span>
     <span class='ocr_line' id='line_1_19' title="bbox 145 1322 1849 1387; baseline 0.002 -17"><span class='ocrx_word' id='word_1_114' title='bbox 145 1323 336 1372; x_wconf 88' lang='lat' dir='ltr'><strong>medico</strong></span> <span class='ocrx_word' id='word_1_115' title='bbox 376 1325 426 1372; x_wconf 88' lang='lat' dir='ltr'><strong>et</strong></span> <span class='ocrx_word' id='word_1_116' title='bbox 463 1322 624 1387; x_wconf 89' lang='lat' dir='ltr'><strong>ipsius</strong></span> <span class='ocrx_word' id='word_1_117' title='bbox 661 1323 934 1373; x_wconf 83' lang='lat' dir='ltr'><strong>medicinae</strong></span> <span class='ocrx_word' id='word_1_118' title='bbox 967 1323 1223 1373; x_wconf 89' lang='lat' dir='ltr'><strong>deficiente</strong></span> <span class='ocrx_word' id='word_1_119' title='bbox 1270 1323 1554 1373; x_wconf 87' lang='lat' dir='ltr'><strong>substantia</strong></span> <span class='ocrx_word' id='word_1_120' title='bbox 1604 1324 1849 1374; x_wconf 88' lang='lat' dir='ltr'><strong>adfuisset</strong></span> 
     </span>
     <span class='ocr_line' id='line_1_20' title="bbox 145 1397 1846 1462; baseline 0.001 -16"><span class='ocrx_word' id='word_1_121' title='bbox 145 1400 307 1446; x_wconf 87' lang='lat' dir='ltr'><strong>mater</strong></span> <span class='ocrx_word' id='word_1_122' title='bbox 337 1413 466 1460; x_wconf 89' lang='lat' dir='ltr'><strong>quae</strong></span> <span class='ocrx_word' id='word_1_123' title='bbox 498 1399 740 1447; x_wconf 84' lang='lat' dir='ltr'><strong>solacium</strong></span> <span class='ocrx_word' id='word_1_124' title='bbox 768 1399 873 1447; x_wconf 87' lang='lat' dir='ltr'><strong>filio</strong></span> <span class='ocrx_word' id='word_1_125' title='bbox 906 1400 957 1447; x_wconf 91' lang='lat' dir='ltr'><strong>et</strong></span> <span class='ocrx_word' id='word_1_126' title='bbox 985 1397 1260 1446; x_wconf 90' lang='lat' dir='ltr'><strong>remedium</strong></span> <span class='ocrx_word' id='word_1_127' title='bbox 1290 1398 1463 1461; x_wconf 83' lang='lat' dir='ltr'><strong>ferret3</strong></span> <span class='ocrx_word' id='word_1_128' title='bbox 1502 1414 1655 1461; x_wconf 91' lang='lat' dir='ltr'><strong>quam</strong></span> <span class='ocrx_word' id='word_1_129' title='bbox 1683 1399 1846 1462; x_wconf 90' lang='lat' dir='ltr'><strong>ipsam</strong></span> 
     </span>
     <span class='ocr_line' id='line_1_21' title="bbox 145 1472 1847 1534; baseline 0.001 -14"><span class='ocrx_word' id='word_1_130' title='bbox 145 1472 471 1534; x_wconf 84' lang='lat' dir='ltr'><strong>posteriorem</strong></span> <span class='ocrx_word' id='word_1_131' title='bbox 509 1473 650 1534; x_wconf 90' lang='lat' dir='ltr'><strong>fecit,</strong></span> <span class='ocrx_word' id='word_1_132' title='bbox 699 1474 758 1520; x_wconf 84' lang='lat' dir='ltr'><strong>ut</strong></span> <span class='ocrx_word' id='word_1_133' title='bbox 796 1472 1034 1521; x_wconf 87' lang='lat' dir='ltr'><strong>emineret</strong></span> <span class='ocrx_word' id='word_1_134' title='bbox 1070 1472 1145 1520; x_wconf 92' lang='lat' dir='ltr'><strong>fili</strong></span> <span class='ocrx_word' id='word_1_135' title='bbox 1185 1472 1420 1520; x_wconf 88' lang='lat' dir='ltr'><strong>meritum</strong></span> <span class='ocrx_word' id='word_1_136' title='bbox 1458 1475 1509 1521; x_wconf 91' lang='lat' dir='ltr'><strong>et</strong></span> <span class='ocrx_word' id='word_1_137' title='bbox 1544 1474 1722 1521; x_wconf 88' lang='lat' dir='ltr'><strong>matris</strong></span> <span class='ocrx_word' id='word_1_138' title='bbox 1762 1473 1847 1521; x_wconf 90' lang='lat' dir='ltr'><strong>ad·</strong></span> 
     </span>
     <span class='ocr_line' id='line_1_22' title="bbox 146 1546 1847 1610; baseline 0.002 -18"><span class='ocrx_word' id='word_1_139' title='bbox 146 1546 319 1595; x_wconf 81' lang='lat' dir='ltr'><strong>fectus,</strong></span> <span class='ocrx_word' id='word_1_140' title='bbox 371 1546 445 1595; x_wconf 84' lang='lat' dir='ltr'><strong>ait</strong></span> <span class='ocrx_word' id='word_1_141' title='bbox 482 1546 642 1610; x_wconf 85' lang='lat' dir='ltr'><strong>igitur</strong></span> <span class='ocrx_word' id='word_1_142' title='bbox 678 1547 759 1595; x_wconf 89' lang='lat' dir='ltr'><strong>hic</strong></span> <span class='ocrx_word' id='word_1_143' title='bbox 794 1547 963 1604; x_wconf 84' lang='lat' dir='ltr'><strong>Venus</strong></span> <span class='ocrx_word' id='word_1_144' title='bbox 1001 1546 1208 1610; x_wconf 90' lang='lat' dir='ltr'><strong>indigno</strong></span> <span class='ocrx_word' id='word_1_145' title='bbox 1246 1547 1355 1595; x_wconf 89' lang='lat' dir='ltr'><strong>nati</strong></span> <span class='ocrx_word' id='word_1_146' title='bbox 1393 1562 1631 1596; x_wconf 89' lang='lat' dir='ltr'><strong>concussa</strong></span> <span class='ocrx_word' id='word_1_147' title='bbox 1662 1546 1847 1609; x_wconf 87' lang='lat' dir='ltr'><strong>dolore,</strong></span> 
     </span>
     <span class='ocr_line' id='line_1_23' title="bbox 145 1620 1846 1685; baseline 0.002 -17"><span class='ocrx_word' id='word_1_148' title='bbox 145 1635 245 1668; x_wconf 91' lang='lat' dir='ltr'><strong>non</strong></span> <span class='ocrx_word' id='word_1_149' title='bbox 285 1636 383 1682; x_wconf 90' lang='lat' dir='ltr'><strong>quo</strong></span> <span class='ocrx_word' id='word_1_150' title='bbox 431 1621 499 1668; x_wconf 88' lang='lat' dir='ltr'><strong>sit</strong></span> <span class='ocrx_word' id='word_1_151' title='bbox 544 1620 729 1684; x_wconf 88' lang='lat' dir='ltr'><strong>aliquis</strong></span> <span class='ocrx_word' id='word_1_152' title='bbox 769 1621 910 1669; x_wconf 89' lang='lat' dir='ltr'><strong>dolor</strong></span> <span class='ocrx_word' id='word_1_153' title='bbox 956 1621 1137 1685; x_wconf 85' lang='lat' dir='ltr'><strong>dignus</strong></span> <span class='ocrx_word' id='word_1_154' title='bbox 1174 1621 1413 1682; x_wconf 80' lang='lat' dir='ltr'><strong>filiorum,</strong></span> <span class='ocrx_word' id='word_1_155' title='bbox 1464 1621 1551 1670; x_wconf 90' lang='lat' dir='ltr'><strong>sed</strong></span> <span class='ocrx_word' id='word_1_156' title='bbox 1597 1621 1718 1684; x_wconf 85' lang='lat' dir='ltr'><strong>quia</strong></span> <span class='ocrx_word' id='word_1_157' title='bbox 1755 1638 1846 1684; x_wconf 91' lang='lat' dir='ltr'><strong>pro</strong></span> 
     </span>
     <span class='ocr_line' id='line_1_24' title="bbox 147 1693 1847 1759; baseline 0.002 -17"><span class='ocrx_word' id='word_1_158' title='bbox 147 1693 312 1742; x_wconf 91' lang='lat' dir='ltr'><strong>animo</strong></span> <span class='ocrx_word' id='word_1_159' title='bbox 351 1697 617 1758; x_wconf 87' lang='lat' dir='ltr'><strong>parentum</strong></span> <span class='ocrx_word' id='word_1_160' title='bbox 654 1694 917 1759; x_wconf 87' lang='lat' dir='ltr'><strong>indignum</strong></span> <span class='ocrx_word' id='word_1_161' title='bbox 957 1698 1032 1744; x_wconf 89' lang='lat' dir='ltr'><strong>est</strong></span> <span class='ocrx_word' id='word_1_162' title='bbox 1063 1694 1302 1757; x_wconf 87' lang='lat' dir='ltr'><strong>quicquid</strong></span> <span class='ocrx_word' id='word_1_163' title='bbox 1339 1694 1432 1743; x_wconf 85' lang='lat' dir='ltr'><strong>fih&#39;i</strong></span> <span class='ocrx_word' id='word_1_164' title='bbox 1470 1695 1656 1744; x_wconf 86' lang='lat' dir='ltr'><strong>fuerint</strong></span> <span class='ocrx_word' id='word_1_165' title='bbox 1690 1697 1847 1759; x_wconf 88' lang='lat' dir='ltr'><strong>passi:</strong></span> 
     </span>
     <span class='ocr_line' id='line_1_25' title="bbox 146 1769 1848 1831; baseline 0.001 -15"><span class='ocrx_word' id='word_1_166' title='bbox 146 1785 245 1817; x_wconf 89' lang='lat' dir='ltr'><strong>non</strong></span> <span class='ocrx_word' id='word_1_167' title='bbox 283 1769 404 1817; x_wconf 87' lang='lat' dir='ltr'><strong>tulit</strong></span> <span class='ocrx_word' id='word_1_168' title='bbox 432 1769 555 1818; x_wconf 90' lang='lat' dir='ltr'><strong>haec</strong></span> <span class='ocrx_word' id='word_1_169' title='bbox 586 1785 791 1818; x_wconf 90' lang='lat' dir='ltr'><strong>causam</strong></span> <span class='ocrx_word' id='word_1_170' title='bbox 820 1769 894 1817; x_wconf 91' lang='lat' dir='ltr'><strong>fili</strong></span> <span class='ocrx_word' id='word_1_171' title='bbox 924 1769 995 1819; x_wconf 90' lang='lat' dir='ltr'><strong>sic</strong></span> <span class='ocrx_word' id='word_1_172' title='bbox 1029 1769 1353 1817; x_wconf 85' lang='lat' dir='ltr'><strong>inefficaciter</strong></span> <span class='ocrx_word' id='word_1_173' title='bbox 1382 1770 1539 1831; x_wconf 83' lang='lat' dir='ltr'><strong>trahi3</strong></span> <span class='ocrx_word' id='word_1_174' title='bbox 1578 1769 1848 1818; x_wconf 87' lang='lat' dir='ltr'><strong>admodum</strong></span> 
     </span>
     <span class='ocr_line' id='line_1_26' title="bbox 147 1842 1846 1908; baseline 0.002 -18"><span class='ocrx_word' id='word_1_175' title='bbox 147 1842 334 1905; x_wconf 85' lang='lat' dir='ltr'><strong>quippe</strong></span> <span class='ocrx_word' id='word_1_176' title='bbox 372 1842 638 1893; x_wconf 85' lang='lat' dir='ltr'><strong>videbatur</strong></span> <span class='ocrx_word' id='word_1_177' title='bbox 678 1843 1007 1908; x_wconf 86' lang='lat' dir='ltr'><strong>incongruum</strong></span> <span class='ocrx_word' id='word_1_178' title='bbox 1053 1846 1103 1892; x_wconf 89' lang='lat' dir='ltr'><strong>et</strong></span> <span class='ocrx_word' id='word_1_179' title='bbox 1139 1843 1285 1891; x_wconf 78' lang='lat' dir='ltr'><strong>ilium</strong></span> <span class='ocrx_word' id='word_1_180' title='bbox 1323 1842 1394 1892; x_wconf 91' lang='lat' dir='ltr'><strong>sic</strong></span> <span class='ocrx_word' id='word_1_181' title='bbox 1430 1843 1591 1892; x_wconf 89' lang='lat' dir='ltr'><strong>teneri</strong></span> <span class='ocrx_word' id='word_1_182' title='bbox 1627 1844 1846 1894; x_wconf 88' lang='lat' dir='ltr'><strong>vulneris</strong></span> 
     </span>
     <span class='ocr_line' id='line_1_27' title="bbox 147 1917 1848 1980; baseline 0.001 -16"><span class='ocrx_word' id='word_1_183' title='bbox 147 1931 297 1965; x_wconf 86' lang='lat' dir='ltr'><strong>causa</strong></span> <span class='ocrx_word' id='word_1_184' title='bbox 336 1918 387 1964; x_wconf 90' lang='lat' dir='ltr'><strong>et</strong></span> <span class='ocrx_word' id='word_1_185' title='bbox 431 1917 617 1979; x_wconf 90' lang='lat' dir='ltr'><strong>inpune</strong></span> <span class='ocrx_word' id='word_1_186' title='bbox 655 1918 934 1980; x_wconf 74' lang='lat' dir='ltr'><strong>periculum</strong></span> <span class='ocrx_word' id='word_1_187' title='bbox 973 1933 1201 1967; x_wconf 90' lang='lat' dir='ltr'><strong>crescere.</strong></span> <span class='ocrx_word' id='word_1_188' title='bbox 1255 1918 1426 1979; x_wconf 91' lang='lat' dir='ltr'><strong>itaque</strong></span> <span class='ocrx_word' id='word_1_189' title='bbox 1459 1934 1490 1967; x_wconf 89' lang='lat' dir='ltr'><strong>a</strong></span> <span class='ocrx_word' id='word_1_190' title='bbox 1522 1918 1733 1967; x_wconf 87' lang='lat' dir='ltr'><strong>Dictaea</strong></span> <span class='ocrx_word' id='word_1_191' title='bbox 1755 1917 1848 1967; x_wconf 87' lang='lat' dir='ltr'><strong>Ida</strong></span> 
     </span>
     <span class='ocr_line' id='line_1_28' title="bbox 147 1991 1846 2056; baseline 0.001 -18"><span class='ocrx_word' id='word_1_192' title='bbox 147 1991 352 2039; x_wconf 90' lang='lat' dir='ltr'><strong>sustulit</strong></span> <span class='ocrx_word' id='word_1_193' title='bbox 389 1991 490 2039; x_wconf 89' lang='lat' dir='ltr'><strong>suis</strong></span> <span class='ocrx_word' id='word_1_194' title='bbox 528 1991 759 2041; x_wconf 89' lang='lat' dir='ltr'><strong>manibus</strong></span> <span class='ocrx_word' id='word_1_195' title='bbox 799 1993 1003 2040; x_wconf 90' lang='lat' dir='ltr'><strong>caulem.</strong></span> <span class='ocrx_word' id='word_1_196' title='bbox 1057 1991 1264 2040; x_wconf 87' lang='lat' dir='ltr'><strong>Dictaea</strong></span> <span class='ocrx_word' id='word_1_197' title='bbox 1294 2007 1568 2056; x_wconf 88' lang='lat' dir='ltr'><strong>cognomen</strong></span> <span class='ocrx_word' id='word_1_198' title='bbox 1606 1995 1682 2041; x_wconf 86' lang='lat' dir='ltr'><strong>est</strong></span> <span class='ocrx_word' id='word_1_199' title='bbox 1711 1992 1846 2054; x_wconf 90' lang='lat' dir='ltr'><strong>Idae,</strong></span> 
     </span>
     <span class='ocr_line' id='line_1_29' title="bbox 146 2060 1846 2133; baseline 0.002 -21"><span class='ocrx_word' id='word_1_200' title='bbox 146 2067 204 2112; x_wconf 89' lang='lat' dir='ltr'><strong>ut</strong></span> <span class='ocrx_word' id='word_1_201' title='bbox 242 2064 341 2112; x_wconf 90' lang='lat' dir='ltr'><strong>alio</strong></span> <span class='ocrx_word' id='word_1_202' title='bbox 379 2065 488 2113; x_wconf 92' lang='lat' dir='ltr'><strong>loco</strong></span> <span class='ocrx_word' id='word_1_203' title='bbox 528 2063 603 2128; x_wconf 88' lang='lat'><strong>(3,</strong></span> <span class='ocrx_word' id='word_1_204' title='bbox 632 2060 762 2133; x_wconf 77' lang='lat'>171)</span> <span class='ocrx_word' id='word_1_205' title='bbox 801 2067 1049 2128; x_wconf 88' lang='lat' dir='ltr'><strong>„Dictaea</strong></span> <span class='ocrx_word' id='word_1_206' title='bbox 1086 2068 1240 2130; x_wconf 83' lang='lat' dir='ltr'><strong>negat</strong></span> <span class='ocrx_word' id='word_1_207' title='bbox 1274 2066 1371 2114; x_wconf 84' lang='lat' dir='ltr'><strong>tibi</strong></span> <span class='ocrx_word' id='word_1_208' title='bbox 1407 2066 1633 2130; x_wconf 88' lang='lat' dir='ltr'><strong>Iuppiter</strong></span> <span class='ocrx_word' id='word_1_209' title='bbox 1674 2066 1846 2116; x_wconf 85' lang='lat' dir='ltr'><strong>arva“.</strong></span> 
     </span>
     <span class='ocr_line' id='line_1_30' title="bbox 149 2139 1846 2203; baseline 0.001 -17"><span class='ocrx_word' id='word_1_210' title='bbox 149 2139 281 2201; x_wconf 91' lang='lat' dir='ltr'><strong>quod</strong></span> <span class='ocrx_word' id='word_1_211' title='bbox 327 2139 402 2187; x_wconf 91' lang='lat' dir='ltr'><strong>ait</strong></span> <span class='ocrx_word' id='word_1_212' title='bbox 444 2155 600 2188; x_wconf 92' lang='lat' dir='ltr'><strong>manu</strong></span> <span class='ocrx_word' id='word_1_213' title='bbox 649 2141 832 2203; x_wconf 91' lang='lat' dir='ltr'><strong>carpit,</strong></span> <span class='ocrx_word' id='word_1_214' title='bbox 887 2143 938 2188; x_wconf 91' lang='lat' dir='ltr'><strong>et</strong></span> <span class='ocrx_word' id='word_1_215' title='bbox 985 2141 1160 2188; x_wconf 85' lang='lat' dir='ltr'><strong>matris</strong></span> <span class='ocrx_word' id='word_1_216' title='bbox 1210 2139 1433 2189; x_wconf 88' lang='lat' dir='ltr'><strong>animum</strong></span> <span class='ocrx_word' id='word_1_217' title='bbox 1482 2142 1742 2203; x_wconf 84' lang='lat' dir='ltr'><strong>expressit,</strong></span> <span class='ocrx_word' id='word_1_218' title='bbox 1787 2144 1846 2189; x_wconf 88' lang='lat' dir='ltr'><strong>ut</strong></span> 
     </span>
     <span class='ocr_line' id='line_1_31' title="bbox 146 2212 1846 2278; baseline 0.001 -17"><span class='ocrx_word' id='word_1_219' title='bbox 146 2215 309 2276; x_wconf 88' lang='lat' dir='ltr'><strong>ipsam</strong></span> <span class='ocrx_word' id='word_1_220' title='bbox 360 2212 545 2262; x_wconf 87' lang='lat' dir='ltr'><strong>diceret</strong></span> <span class='ocrx_word' id='word_1_221' title='bbox 599 2230 751 2276; x_wconf 89' lang='lat' dir='ltr'><strong>opera</strong></span> <span class='ocrx_word' id='word_1_222' title='bbox 801 2231 893 2263; x_wconf 89' lang='lat' dir='ltr'><strong>sua</strong></span> <span class='ocrx_word' id='word_1_223' title='bbox 943 2230 1232 2276; x_wconf 90' lang='lat' dir='ltr'><strong>procurasse</strong></span> <span class='ocrx_word' id='word_1_224' title='bbox 1279 2215 1415 2278; x_wconf 91' lang='lat' dir='ltr'><strong>quod</strong></span> <span class='ocrx_word' id='word_1_225' title='bbox 1461 2231 1638 2264; x_wconf 87' lang='lat' dir='ltr'><strong>sanare</strong></span> <span class='ocrx_word' id='word_1_226' title='bbox 1687 2215 1846 2263; x_wconf 86' lang='lat' dir='ltr'><strong>filium</strong></span> 
     </span>
     <span class='ocr_line' id='line_1_32' title="bbox 147 2287 1844 2351; baseline 0.001 -17"><span class='ocrx_word' id='word_1_227' title='bbox 147 2287 393 2350; x_wconf 87' lang='lat' dir='ltr'><strong>potuisset</strong></span> <span class='ocrx_word' id='word_1_228' title='bbox 431 2290 482 2336; x_wconf 84' lang='lat' dir='ltr'><strong>et</strong></span> <span class='ocrx_word' id='word_1_229' title='bbox 519 2304 617 2336; x_wconf 90' lang='lat' dir='ltr'><strong>non</strong></span> <span class='ocrx_word' id='word_1_230' title='bbox 656 2289 809 2350; x_wconf 89' lang='lat' dir='ltr'><strong>ferro,</strong></span> <span class='ocrx_word' id='word_1_231' title='bbox 859 2290 1063 2351; x_wconf 80' lang='lat' dir='ltr'><strong>propter</strong></span> <span class='ocrx_word' id='word_1_232' title='bbox 1098 2288 1393 2351; x_wconf 88' lang='lat' dir='ltr'><strong>remedium,</strong></span> <span class='ocrx_word' id='word_1_233' title='bbox 1443 2289 1529 2338; x_wconf 89' lang='lat' dir='ltr'><strong>sed</strong></span> <span class='ocrx_word' id='word_1_234' title='bbox 1568 2305 1721 2337; x_wconf 88' lang='lat' dir='ltr'><strong>manu</strong></span> <span class='ocrx_word' id='word_1_235' title='bbox 1760 2289 1844 2337; x_wconf 92' lang='lat' dir='ltr'><strong>ad·</strong></span> 
     </span>
     <span class='ocr_line' id='line_1_33' title="bbox 148 2361 1844 2412; baseline 0.001 -3"><span class='ocrx_word' id='word_1_236' title='bbox 148 2363 334 2410; x_wconf 89' lang='lat' dir='ltr'><strong>sereret</strong></span> <span class='ocrx_word' id='word_1_237' title='bbox 370 2377 475 2410; x_wconf 89' lang='lat' dir='ltr'><strong>esse</strong></span> <span class='ocrx_word' id='word_1_238' title='bbox 522 2362 790 2411; x_wconf 90' lang='lat' dir='ltr'><strong>sublatum.</strong></span> <span class='ocrx_word' id='word_1_239' title='bbox 860 2361 1066 2410; x_wconf 91' lang='lat' dir='ltr'><strong>dubium</strong></span> <span class='ocrx_word' id='word_1_240' title='bbox 1103 2362 1235 2412; x_wconf 90' lang='lat' dir='ltr'><strong>enim</strong></span> <span class='ocrx_word' id='word_1_241' title='bbox 1271 2379 1370 2411; x_wconf 91' lang='lat' dir='ltr'><strong>non</strong></span> <span class='ocrx_word' id='word_1_242' title='bbox 1411 2366 1487 2412; x_wconf 89' lang='lat' dir='ltr'><strong>est</strong></span> <span class='ocrx_word' id='word_1_243' title='bbox 1524 2365 1658 2412; x_wconf 85' lang='lat' dir='ltr'><strong>certo</strong></span> <span class='ocrx_word' id='word_1_244' title='bbox 1696 2363 1844 2411; x_wconf 93' lang='lat' dir='ltr'><strong>modo</strong></span> 
     </span>
    </p>
   </div>
   <div class='ocr_carea' id='block_1_9' title="bbox 150 2455 506 2461">
    <p class='ocr_par' dir='ltr' id='par_1_10' title="bbox 150 2455 506 2461">
     <span class='ocr_line' id='line_1_34' title="bbox 150 2455 506 2461; baseline 0 0"><span class='ocrx_word' id='word_1_245' title='bbox 150 2455 506 2461; x_wconf 95' lang='lat' dir='ltr'><strong> </strong></span> 
     </span>
    </p>
   </div>
   <div class='ocr_carea' id='block_1_10' title="bbox 149 2502 1845 3079">
    <p class='ocr_par' dir='ltr' id='par_1_11' title="bbox 149 2502 1845 3079">
     <span class='ocr_line' id='line_1_35' title="bbox 269 2502 1843 2550; baseline 0.001 -4"><span class='ocrx_word' id='word_1_246' title='bbox 269 2507 292 2545; x_wconf 94' lang='lat'>1</span> <span class='ocrx_word' id='word_1_247' title='bbox 343 2503 538 2547; x_wconf 82' lang='lat' dir='ltr'><strong>aderant</strong></span> <span class='ocrx_word' id='word_1_248' title='bbox 575 2502 616 2546; x_wconf 94' lang='lat' dir='ltr'><strong>V</strong></span> <span class='ocrx_word' id='word_1_249' title='bbox 663 2509 795 2548; x_wconf 79' lang='lat' dir='ltr'><strong>erant</strong></span> <span class='ocrx_word' id='word_1_250' title='bbox 840 2504 914 2548; x_wconf 91' lang='lat' dir='ltr'><strong>ed.</strong></span> <span class='ocrx_word' id='word_1_251' title='bbox 1041 2509 1068 2547; x_wconf 87' lang='lat'>4</span> <span class='ocrx_word' id='word_1_252' title='bbox 1115 2505 1366 2550; x_wconf 78' lang='lat' dir='ltr'><strong>audiebant</strong></span> <span class='ocrx_word' id='word_1_253' title='bbox 1403 2504 1445 2547; x_wconf 92' lang='lat' dir='ltr'><strong>V</strong></span> <span class='ocrx_word' id='word_1_254' title='bbox 1487 2505 1684 2548; x_wconf 80' lang='lat' dir='ltr'><strong>-bantur</strong></span> <span class='ocrx_word' id='word_1_255' title='bbox 1726 2503 1843 2548; x_wconf 88' lang='lat' dir='ltr'><strong>edF.</strong></span> 
     </span>
     <span class='ocr_line' id='line_1_36' title="bbox 151 2561 1844 2621; baseline 0.001 -16"><span class='ocrx_word' id='word_1_256' title='bbox 151 2565 175 2604; x_wconf 83' lang='lat'>9</span> <span class='ocrx_word' id='word_1_257' title='bbox 216 2561 340 2605; x_wconf 85' lang='lat' dir='ltr'><strong>dicta</strong></span> <span class='ocrx_word' id='word_1_258' title='bbox 377 2576 566 2606; x_wconf 84' lang='lat' dir='ltr'><strong>manum</strong></span> <span class='ocrx_word' id='word_1_259' title='bbox 609 2562 655 2619; x_wconf 88' lang='lat' dir='ltr'><strong>(i.</strong></span> <span class='ocrx_word' id='word_1_260' title='bbox 682 2576 720 2606; x_wconf 90' lang='lat' dir='ltr'><strong>e.</strong></span> <span class='ocrx_word' id='word_1_261' title='bbox 753 2563 1049 2619; x_wconf 76' lang='lat' dir='ltr'><strong>dictamnum)</strong></span> <span class='ocrx_word' id='word_1_262' title='bbox 1087 2565 1291 2621; x_wconf 66' lang='lat' dir='ltr'><strong>genetrix</strong></span> <span class='ocrx_word' id='word_1_263' title='bbox 1324 2570 1470 2608; x_wconf 85' lang='lat' dir='ltr'><strong>cretea</strong></span> <span class='ocrx_word' id='word_1_264' title='bbox 1497 2563 1552 2616; x_wconf 89' lang='lat' dir='ltr'><strong>V,</strong></span> <span class='ocrx_word' id='word_1_265' title='bbox 1586 2563 1666 2607; x_wconf 89' lang='lat' dir='ltr'><strong>sed</strong></span> <span class='ocrx_word' id='word_1_266' title='bbox 1700 2576 1755 2607; x_wconf 87' lang='lat' dir='ltr'><strong>ex</strong></span> <span class='ocrx_word' id='word_1_267' title='bbox 1785 2562 1844 2606; x_wconf 90' lang='lat' dir='ltr'><strong>iis</strong></span> 
     </span>
     <span class='ocr_line' id='line_1_37' title="bbox 150 2622 1843 2678; baseline 0.002 -15"><span class='ocrx_word' id='word_1_268' title='bbox 150 2634 270 2676; x_wconf 88' lang='lat' dir='ltr'><strong>quae</strong></span> <span class='ocrx_word' id='word_1_269' title='bbox 314 2622 572 2676; x_wconf 85' lang='lat' dir='ltr'><strong>sequuntur</strong></span> <span class='ocrx_word' id='word_1_270' title='bbox 614 2624 813 2678; x_wconf 87' lang='lat' dir='ltr'><strong>apparet</strong></span> <span class='ocrx_word' id='word_1_271' title='bbox 850 2622 1085 2666; x_wconf 80' lang='lat' dir='ltr'><strong>Donatum</strong></span> <span class='ocrx_word' id='word_1_272' title='bbox 1127 2623 1250 2667; x_wconf 90' lang='lat' dir='ltr'><strong>hanc</strong></span> <span class='ocrx_word' id='word_1_273' title='bbox 1287 2623 1535 2667; x_wconf 88' lang='lat' dir='ltr'><strong>lectionem</strong></span> <span class='ocrx_word' id='word_1_274' title='bbox 1575 2636 1668 2666; x_wconf 93' lang='lat' dir='ltr'><strong>non</strong></span> <span class='ocrx_word' id='word_1_275' title='bbox 1706 2622 1843 2666; x_wconf 91' lang='lat' dir='ltr'><strong>modo</strong></span> 
     </span>
     <span class='ocr_line' id='line_1_38' title="bbox 149 2680 1844 2738; baseline 0.002 -15"><span class='ocrx_word' id='word_1_276' title='bbox 149 2693 243 2723; x_wconf 89' lang='lat' dir='ltr'><strong>non</strong></span> <span class='ocrx_word' id='word_1_277' title='bbox 283 2680 515 2735; x_wconf 88' lang='lat' dir='ltr'><strong>recepisse</strong></span> <span class='ocrx_word' id='word_1_278' title='bbox 557 2681 640 2724; x_wconf 89' lang='lat' dir='ltr'><strong>sed</strong></span> <span class='ocrx_word' id='word_1_279' title='bbox 681 2681 960 2725; x_wconf 89' lang='lat' dir='ltr'><strong>nominatim</strong></span> <span class='ocrx_word' id='word_1_280' title='bbox 998 2682 1287 2738; x_wconf 87' lang='lat' dir='ltr'><strong>improbasse</strong></span> <span class='ocrx_word' id='word_1_281' title='bbox 1325 2683 1572 2738; x_wconf 89' lang='lat' dir='ltr'><strong>ipsumque</strong></span> <span class='ocrx_word' id='word_1_282' title='bbox 1604 2681 1844 2737; x_wconf 83' lang='lat' dir='ltr'><strong>scripsisse</strong></span> 
     </span>
     <span class='ocr_line' id='line_1_39' title="bbox 149 2740 1844 2798; baseline 0 -15"><span class='ocrx_word' id='word_1_283' title='bbox 149 2741 253 2795; x_wconf 80' lang='lat' dir='ltr'><strong>ipsa</strong></span> <span class='ocrx_word' id='word_1_284' title='bbox 283 2754 426 2784; x_wconf 79' lang='lat' dir='ltr'><strong>manu</strong></span> <span class='ocrx_word' id='word_1_285' title='bbox 455 2741 660 2796; x_wconf 75' lang='lat' dir='ltr'><strong>yenetrix</strong></span> <span class='ocrx_word' id='word_1_286' title='bbox 682 2741 901 2785; x_wconf 82' lang='lat' dir='ltr'><strong>Dictaea.-</strong></span> <span class='ocrx_word' id='word_1_287' title='bbox 931 2740 1020 2785; x_wconf 91' lang='lat' dir='ltr'><strong>hoc</strong></span> <span class='ocrx_word' id='word_1_288' title='bbox 1051 2755 1162 2798; x_wconf 91' lang='lat' dir='ltr'><strong>ergo</strong></span> <span class='ocrx_word' id='word_1_289' title='bbox 1195 2741 1573 2785; x_wconf 84' lang='lat' dir='ltr'><strong>substituendum</strong></span> <span class='ocrx_word' id='word_1_290' title='bbox 1606 2743 1707 2784; x_wconf 90' lang='lat' dir='ltr'><strong>erat</strong></span> <span class='ocrx_word' id='word_1_291' title='bbox 1739 2754 1844 2784; x_wconf 90' lang='lat' dir='ltr'><strong>cum</strong></span> 
     </span>
     <span class='ocr_line' id='line_1_40' title="bbox 150 2797 1845 2857; baseline 0 -15"><span class='ocrx_word' id='word_1_292' title='bbox 150 2798 238 2852; x_wconf 88' lang='lat' dir='ltr'><strong>ed.‚</strong></span> <span class='ocrx_word' id='word_1_293' title='bbox 278 2797 370 2842; x_wconf 87' lang='lat' dir='ltr'><strong>nisi</strong></span> <span class='ocrx_word' id='word_1_294' title='bbox 413 2798 540 2854; x_wconf 89' lang='lat' dir='ltr'><strong>quod</strong></span> <span class='ocrx_word' id='word_1_295' title='bbox 580 2799 699 2843; x_wconf 87' lang='lat' dir='ltr'><strong>haec</strong></span> <span class='ocrx_word' id='word_1_296' title='bbox 738 2799 927 2844; x_wconf 82' lang='lat' dir='ltr'><strong>Cretaea</strong></span> <span class='ocrx_word' id='word_1_297' title='bbox 968 2800 1127 2857; x_wconf 83' lang='lat' dir='ltr'><strong>inepte</strong></span> <span class='ocrx_word' id='word_1_298' title='bbox 1167 2800 1380 2844; x_wconf 85' lang='lat' dir='ltr'><strong>servavit.</strong></span> <span class='ocrx_word' id='word_1_299' title='bbox 1502 2804 1558 2843; x_wconf 87' lang='grc'><strong>16</strong></span> <span class='ocrx_word' id='word_1_300' title='bbox 1590 2801 1772 2854; x_wconf 79' lang='lat' dir='ltr'><strong>effeetus</strong></span> <span class='ocrx_word' id='word_1_301' title='bbox 1802 2798 1845 2842; x_wconf 88' lang='lat' dir='ltr'><strong>V</strong></span> 
     </span>
     <span class='ocr_line' id='line_1_41' title="bbox 150 2857 1844 2915; baseline 0.001 -15"><span class='ocrx_word' id='word_1_302' title='bbox 150 2858 339 2911; x_wconf 77' lang='lat' dir='ltr'><strong>affectus</strong></span> <span class='ocrx_word' id='word_1_303' title='bbox 382 2857 453 2902; x_wconf 89' lang='lat' dir='ltr'><strong>ed.</strong></span> <span class='ocrx_word' id='word_1_304' title='bbox 578 2862 633 2901; x_wconf 89' lang='lat'><strong>18</strong></span> <span class='ocrx_word' id='word_1_305' title='bbox 671 2871 766 2903; x_wconf 89' lang='lat' dir='ltr'><strong>non</strong></span> <span class='ocrx_word' id='word_1_306' title='bbox 803 2872 890 2914; x_wconf 79' lang='lat' dir='ltr'><strong>quo</strong></span> <span class='ocrx_word' id='word_1_307' title='bbox 925 2859 980 2914; x_wconf 75' lang='lat' dir='ltr'><strong>fit</strong></span> <span class='ocrx_word' id='word_1_308' title='bbox 1008 2859 1049 2903; x_wconf 93' lang='lat' dir='ltr'><strong>V</strong></span> <span class='ocrx_word' id='word_1_309' title='bbox 1082 2875 1125 2903; x_wconf 88' lang='lat' dir='ltr'><strong>n.</strong></span> <span class='ocrx_word' id='word_1_310' title='bbox 1158 2860 1278 2915; x_wconf 78' lang='lat' dir='ltr'><strong>quod</strong></span> <span class='ocrx_word' id='word_1_311' title='bbox 1306 2861 1368 2904; x_wconf 80' lang='lat' dir='ltr'><strong>sit</strong></span> <span class='ocrx_word' id='word_1_312' title='bbox 1401 2859 1472 2914; x_wconf 85' lang='lat' dir='ltr'><strong>ed.</strong></span> <span class='ocrx_word' id='word_1_313' title='bbox 1596 2864 1652 2902; x_wconf 84' lang='lat'><strong>22</strong></span> <span class='ocrx_word' id='word_1_314' title='bbox 1691 2860 1844 2914; x_wconf 79' lang='lat' dir='ltr'><strong>itaque</strong></span> 
     </span>
     <span class='ocr_line' id='line_1_42' title="bbox 151 2916 1842 2976; baseline 0.002 -17"><span class='ocrx_word' id='word_1_315' title='bbox 151 2931 181 2959; x_wconf 87' lang='lat' dir='ltr'><strong>a</strong></span> <span class='ocrx_word' id='word_1_316' title='bbox 226 2917 374 2961; x_wconf 82' lang='lat' dir='ltr'><strong>diecta</strong></span> <span class='ocrx_word' id='word_1_317' title='bbox 412 2916 467 2959; x_wconf 91' lang='lat' dir='ltr'><strong>V.</strong></span> <span class='ocrx_word' id='word_1_318' title='bbox 612 2921 668 2960; x_wconf 82' lang='lat'><strong>23</strong></span> <span class='ocrx_word' id='word_1_319' title='bbox 722 2917 847 2962; x_wconf 81' lang='lat' dir='ltr'><strong>dieta</strong></span> <span class='ocrx_word' id='word_1_320' title='bbox 901 2931 1143 2976; x_wconf 75' lang='lat' dir='ltr'><strong>coynomen</strong></span> <span class='ocrx_word' id='word_1_321' title='bbox 1189 2918 1231 2962; x_wconf 92' lang='lat' dir='ltr'><strong>V</strong></span> <span class='ocrx_word' id='word_1_322' title='bbox 1270 2918 1358 2962; x_wconf 90' lang='lat' dir='ltr'><strong>edI</strong></span> <span class='ocrx_word' id='word_1_323' title='bbox 1419 2919 1592 2962; x_wconf 75' lang='lat' dir='ltr'><strong>dictum</strong></span> <span class='ocrx_word' id='word_1_324' title='bbox 1640 2932 1677 2962; x_wconf 87' lang='lat' dir='ltr'><strong>c.</strong></span> <span class='ocrx_word' id='word_1_325' title='bbox 1724 2918 1842 2962; x_wconf 88' lang='lat' dir='ltr'><strong>edF.</strong></span> 
     </span>
     <span class='ocr_line' id='line_1_43' title="bbox 151 2975 1843 3078; baseline 0.002 -59"><span class='ocrx_word' id='word_1_326' title='bbox 151 2979 208 3077; x_wconf 65' lang='lat' dir='ltr'><strong>Z24</strong></span> <span class='ocrx_word' id='word_1_327' title='bbox 239 2975 459 3078; x_wconf 58' lang='lat' dir='ltr'><strong>locovdigi</strong></span> <span class='ocrx_word' id='word_1_328' title='bbox 488 2989 542 3020; x_wconf 92' lang='lat' dir='ltr'><strong>ea</strong></span> <span class='ocrx_word' id='word_1_329' title='bbox 565 2975 606 3019; x_wconf 93' lang='lat' dir='ltr'><strong>V</strong></span> <span class='ocrx_word' id='word_1_330' title='bbox 638 2977 666 3021; x_wconf 80' lang='lat' dir='ltr'><strong>l.</strong></span> <span class='ocrx_word' id='word_1_331' title='bbox 699 2977 814 3022; x_wconf 81' lang='lat' dir='ltr'><strong>dicit</strong></span> <span class='ocrx_word' id='word_1_332' title='bbox 834 2977 1031 3022; x_wconf 81' lang='lat' dir='ltr'><strong>Dictaea</strong></span> <span class='ocrx_word' id='word_1_333' title='bbox 1054 2978 1126 3022; x_wconf 89' lang='lat' dir='ltr'><strong>ed.</strong></span> <span class='ocrx_word' id='word_1_334' title='bbox 1248 2981 1304 3021; x_wconf 81' lang='lat'><strong>28</strong></span> <span class='ocrx_word' id='word_1_335' title='bbox 1337 2991 1428 3022; x_wconf 83' lang='lat' dir='ltr'><strong>esse</strong></span> <span class='ocrx_word' id='word_1_336' title='bbox 1459 2991 1547 3021; x_wconf 90' lang='lat' dir='ltr'><strong>om.</strong></span> <span class='ocrx_word' id='word_1_337' title='bbox 1573 2976 1644 3021; x_wconf 89' lang='lat' dir='ltr'><strong>ed.</strong></span> <span class='ocrx_word' id='word_1_338' title='bbox 1686 2978 1690 3034; x_wconf 81' lang='grc' dir='ltr'>Ι</span> <span class='ocrx_word' id='word_1_339' title='bbox 1740 2978 1843 3022; x_wconf 79' lang='lat' dir='ltr'><strong>sub-</strong></span> 
     </span>
     <span class='ocr_line' id='line_1_44' title="bbox 168 3038 453 3079; baseline 0.004 -2"><span class='ocrx_word' id='word_1_340' title='bbox 168 3038 293 3079; x_wconf 82' lang='lat' dir='ltr'><strong>atam</strong></span> <span class='ocrx_word' id='word_1_341' title='bbox 383 3047 408 3078; x_wconf 87' lang='lat' dir='ltr'><strong>e</strong></span> <span class='ocrx_word' id='word_1_342' title='bbox 445 3070 453 3078; x_wconf 91' lang='lat'>.</span> 
     </span>
    </p>
   </div>
  </div>
 </body>
</html>
