2050 3226
110 1020 152 1054 10

110 1392 152 1426 15

108 1765 151 1798 20

109 2136 151 2170 2⁵

828 195 1133 240 AENEIDos
1164 195 1229 240 IX
1768 199 1875 252 267

184 337 548 402 proscindimus
601 338 808 397 terram,
860 336 1009 384 hasta
1061 336 1298 384 iuvencus
1353 334 1572 397 ducitur,
1626 337 1772 385 hasta
1824 339 1878 386 in

185 428 310 476 opus
349 413 577 477 urgetur,
626 425 729 458 una
776 412 928 473 atque
967 410 1142 459 eadem
1178 410 1364 473 species
1404 412 1454 458 et
1491 409 1598 457 ruri
1635 412 1792 460 servit
1830 415 1880 461 et

183 488 328 537 bello.
415 485 649 548 vertitur,
698 486 758 532 ut
797 485 999 533 ‘hostem
1048 485 1211 546 necet,
1267 483 1502 545 vertitur,
1552 487 1612 532 ut
1655 485 1881 550 exagitet

184 562 381 611 bovem:
421 576 614 622 semper
645 558 779 622 apud
809 574 899 607 nos
933 559 1125 607 militat
1153 557 1369 607 rusticus
1400 559 1472 620 et,
1509 574 1571 606 ne
1611 558 1880 622 quisquam

184 636 466 699 inprovisus
504 634 698 696 inruat,
749 648 945 696 semper
984 635 1205 682 armatus
1245 635 1322 682 est
1369 648 1459 681 nec
1506 634 1630 681 tunc
1680 649 1879 683 securus

184 727 296 760 cum
345 707 608 759 classicum
657 709 803 757 tacet.
880 724 1023 757 omne
1077 723 1254 757 aevum
1306 707 1436 756 ferro
1485 708 1687 756 teritur:
1740 709 1881 757 nulla

184 787 321 834 aetas
371 785 544 834 nostra
594 783 670 832 est
717 798 845 846 quae
891 781 1083 831 nesciat
1127 782 1327 832 ferrum.
1405 780 1524 844 quia
1570 781 1698 830 dixit
1736 798 1880 832 omne

183 875 385 921 aevum,
417 857 611 906 addidit
641 858 859 905 aetatem
888 872 1083 918 senum,
1115 871 1314 905 sensum
1344 858 1404 904 ut
1434 856 1705 919 confirmet,
1738 874 1881 906 omne

183 949 361 982 aevum
409 933 540 981 ferro
596 932 806 980 conteri:
858 945 946 979 nec
998 931 1146 979 tarda
1197 934 1414 979 senectus
1467 931 1686 980 debilitat
1735 932 1882 980 viris:

181 1007 380 1056 tardam
411 1007 713 1056 senectutem
745 1006 891 1067 dixit,
929 1021 1029 1054 non
1061 1005 1195 1068 quod
1224 1005 1368 1054 tarde
1398 1004 1590 1067 veniat,
1628 1006 1715 1055 sed
1747 1007 1882 1069 quod

182 1083 337 1132 faciat
374 1082 598 1131 homines
636 1080 808 1130 tardos
847 1081 940 1129 hoc
980 1082 1056 1129 est
1100 1081 1264 1144 segnis
1306 1079 1370 1128 ad
1407 1079 1629 1128 laborem
1669 1080 1880 1130 subeun-

184 1157 316 1205 dum.
377 1171 467 1205 nec
496 1156 630 1219 ipsa,
670 1156 764 1217 ait,
805 1157 1032 1204 senectus
1063 1153 1184 1203 viris
1216 1155 1414 1203 nostras
1452 1154 1687 1219 infringit
1725 1156 1882 1204 animi

182 1233 428 1291 mutatque
465 1231 697 1292 viqorem,
746 1230 838 1278 hoc
884 1231 962 1278 est
999 1228 1159 1279 dicere
1198 1229 1467 1277 senectutis
1508 1229 1752 1279 adventus
1791 1245 1881 1279 nec

183 1307 408 1370 vigorem
454 1304 609 1354 animi
653 1305 840 1352 minuit
885 1319 975 1352 nec
1022 1304 1081 1351 de
1120 1302 1400 1352 subtilitate
1440 1303 1660 1366 corporis
1700 1304 1879 1354 abolet.

183 1380 408 1428 canitiem
449 1379 594 1440 yalea
631 1379 928 1438 premimus:
976 1380 1177 1426 tantum
1222 1379 1389 1441 potest
1436 1377 1697 1426 laborandi
1745 1394 1882 1440 uSUS‚

183 1457 240 1503 ut
277 1470 366 1502 nec
403 1453 502 1516 ipsi
533 1453 778 1502 senectuti
808 1468 1088 1516 parcamus.
1150 1451 1340 1516 tegitur
1378 1453 1585 1501 canities
1617 1453 1762 1517 galea
1792 1469 1882 1502 nec

181 1531 302 1577 tunc
347 1528 549 1576 inmune
588 1527 820 1590 periculis
859 1529 1015 1591 caput
1053 1528 1130 1576 est
1167 1542 1280 1575 cum
1319 1527 1491 1575 debuit
1530 1529 1754 1576 excusari
1794 1544 1883 1592 per

182 1602 388 1652 senium.
472 1616 752 1662 semperque
801 1602 1004 1650 recentis
1050 1604 1333 1662 comportare
1385 1602 1525 1649 iuvat
1567 1603 1790 1661 praedas
1840 1606 1884 1651 et

180 1678 340 1725 vivere
375 1680 542 1736 rapto:
580 1692 773 1740 semper
809 1677 1000 1739 inquit3
1039 1691 1139 1724 non
1178 1676 1311 1723 enim
1340 1691 1581 1740 magnum
1616 1677 1692 1725 est
1728 1677 1880 1725 inter-

182 1751 301 1800 dum
340 1751 535 1814 aliquid
567 1767 713 1815 agere
743 1750 1063 1802 laboriosum.
1124 1750 1240 1799 inde
1281 1751 1356 1798 est
1387 1751 1519 1813 quod
1559 1750 1633 1799 ait
1669 1750 1879 1800 recentis

182 1825 415 1889 praedas3
469 1827 558 1888 qui
611 1828 743 1874 enim
796 1841 990 1888 semper
1041 1826 1256 1873 venatur
1310 1826 1398 1873 aut
1445 1827 1641 1889 pugnat
1689 1841 1882 1888 semper

182 1901 375 1962 potitur
434 1900 735 1963 praedarum
796 1901 1033 1949 novitate.
1126 1901 1176 1947 et
1230 1899 1352 1962 quia
1413 1902 1532 1947 sunt
1594 1899 1681 1962 qui
1732 1899 1882 1948 inviti

183 1974 402 2023 laborem
441 1974 673 2036 subeant,
712 1974 895 2023 adiecit
930 1974 1075 2023 iuvat
1112 1973 1279 2023 vivere
1318 1976 1478 2036 rapto.
1541 1974 1631 2022 illa
1670 1976 1768 2036 est,
1806 1974 1880 2022 in-

183 2049 316 2111 quit,
356 2049 491 2111 apud
528 2064 619 2097 nos
657 2048 787 2097 ratio
826 2049 1004 2097 melior
1041 2047 1197 2109 vitae,
1237 2049 1281 2096 si
1318 2049 1505 2096 recenti
1543 2048 1729 2110 praeda
1767 2064 1880 2112 pas-

184 2139 356 2172 camur
405 2126 456 2172 et
502 2123 678 2172 alienis
725 2123 902 2186 opibus
950 2123 1110 2185 captis
1157 2122 1398 2171 ducamus
1446 2122 1708 2172 continuos
1760 2124 1880 2172 dies.

183 2197 417 2246 canitiem
442 2197 588 2262 galea
611 2197 903 2260 premimus:
935 2199 1108 2246 tantus
1138 2196 1191 2245 in
1223 2196 1366 2246 nobis
1399 2213 1539 2246 amor
1569 2200 1645 2246 est
1675 2198 1880 2262 gloriae,

303 2315 328 2354 3
382 2312 490 2366 post
546 2310 658 2354 bello
712 2323 818 2353 cum
868 2309 1014 2366 signis
1065 2309 1327 2353 omissionis
1375 2310 1566 2354 vertitur
1614 2314 1667 2354 ut
1714 2310 1880 2354 hostem

182 2384 332 2415 necem
354 2370 404 2414 in
427 2369 640 2426 margine
663 2368 810 2412 habet
832 2368 888 2423 V,
914 2370 1070 2413 cetera
1092 2369 1143 2413 in
1167 2369 1388 2413 contextu
1412 2370 1689 2424 sequuntur:
1723 2368 1880 2411 omnia

182 2431 357 2473 temere
398 2431 500 2473 mut
550 2429 621 2473 ed.
745 2433 772 2472 5
811 2442 867 2472 ‘ne
898 2427 940 2472 V
972 2428 1042 2472 ed.
1079 2442 1162 2473 nec
1191 2442 1288 2472 nos.
1413 2433 1439 2471 6
1477 2442 1580 2473 cum
1611 2429 1749 2472 classi
1778 2441 1880 2472 cum

182 2491 300 2534 iacet
321 2488 364 2532 V
394 2490 542 2533 animi
572 2502 711 2545 quam
740 2489 772 2532 i.
805 2487 876 2532 ed.
994 2492 1018 2530 7
1051 2489 1133 2544 qai
1162 2488 1286 2532 dixit
1306 2486 1349 2531 V
1379 2488 1491 2544 quia
1521 2501 1605 2531 nos
1637 2501 1775 2543 quum
1806 2486 1877 2530 ed.

184 2552 210 2591 8
256 2554 448 2593 aetatem
492 2562 624 2592 suam
669 2561 849 2592 sensam
887 2546 929 2589 V
981 2561 1113 2592 suam
1165 2560 1309 2590 manu
1361 2547 1618 2591 recentiore
1673 2546 1879 2590 deletum

181 2606 356 2651 lineola
392 2607 669 2651 transducta
706 2606 766 2663 (V
796 2606 984 2662 punctis
1016 2606 1323 2662 superpositis
1355 2606 1510 2650 delere
1542 2605 1676 2661 solet)
1716 2606 1881 2650 aetatis

182 2681 363 2711 sensum
394 2667 465 2710 ed.
498 2681 656 2711 senum
681 2680 766 2722 pro
798 2680 929 2710 suam
961 2679 1058 2710 nos,
1162 2670 1187 2709 9
1218 2667 1333 2710 viris
1363 2665 1596 2709 lemmatis
1629 2665 1733 2707 finis
1764 2665 1814 2707 in
1838 2663 1880 2707 V

183 2727 607 2783 animi—vigorem
638 2726 746 2769 add.
777 2725 864 2778 ed.,
898 2725 979 2768 sed
1011 2725 1099 2769 hoc
1129 2724 1253 2768 infra
1284 2739 1368 2780 pro
1400 2725 1620 2768 lemmate
1652 2724 1878 2779 scriptum

183 2785 232 2828 in
260 2785 315 2829 V.
432 2791 486 2829 14
518 2787 676 2830 molem
699 2785 740 2828 V
772 2785 918 2829 abolet
948 2798 1032 2828 nos
1064 2798 1152 2829 om.
1178 2784 1294 2828 edF.
1414 2788 1467 2827 16
1499 2797 1555 2828 ne
1578 2783 1621 2826 V
1651 2797 1732 2827 nec
1763 2797 1876 2827 corr.

184 2844 256 2888 ed.
289 2845 364 2901 (cf.
391 2848 509 2900 609).
605 2849 657 2887 17
690 2858 777 2900 quo
801 2844 842 2887 V
868 2843 938 2887 ed.
972 2858 1074 2888 cum
1104 2858 1188 2888 nos
1221 2844 1276 2887 cf.
1304 2847 1403 2887 315.
1452 2843 1456 2900 Ι
1504 2856 1587 2898 per
1618 2842 1659 2885 V
1691 2847 1880 2898 propter

185 2903 256 2948 ed.
378 2908 435 2948 20
466 2904 521 2948 de
552 2904 829 2949 laboriosum
853 2902 894 2946 V
926 2903 980 2947 de
1012 2902 1100 2946 del.
1127 2903 1198 2948 ed.
1321 2907 1375 2946 23
1408 2903 1530 2956 facto
1554 2900 1596 2943 V
1626 2907 1757 2957 rapto
1790 2901 1877 2956 ed.‚

185 2963 309 3017 quod
351 2963 401 3006 in
443 2962 664 3007 lemmate
707 2965 848 3007 extat.
971 2966 1027 3006 26
1067 2976 1262 3007 amorem
1298 2963 1471 3019 yloriae
1494 2960 1536 3003 V
1567 2974 1694 3005 amor
1725 2966 1788 3006 est
1816 2962 1876 3019 91.

185 3035 267 3065 nos
301 3021 357 3066 cf.
385 3026 469 3067 588
502 3036 630 3067 amor
659 3023 719 3079 ql.
745 3027 810 3067 est
839 3021 908 3066 ed.
