2050 3226
230 128 298 180 72
700 124 931 170 DONATI
959 124 1239 169 INTERPR.
1265 124 1450 170 vnn&

225 265 316 314 bus
357 264 691 314 saevientibus
721 265 882 327 fieret,
921 264 1123 314 odorem
1154 263 1288 313 cervi
1318 264 1382 312 ad
1420 280 1592 314 eorum
1633 266 1768 315 naris
1806 283 1916 329 per·

225 340 394 388 venire
447 338 586 400 fecit,
647 341 707 387 ut
757 339 1040 388 invenirent
1091 339 1191 401 ipsi
1245 354 1391 400 quem
1445 338 1659 388 forsitan
1711 343 1915 389 eventus

225 413 390 462 fuerat
427 415 726 462 servaturus,
803 427 925 474 quae
956 413 1125 472 prima
1168 413 1390 460 laborwm
1434 427 1587 462 cansa
1630 415 1750 474 fuit:
1794 415 1916 462 haec

226 487 417 536 occasio
462 487 906 550 praetermittenda
951 503 1052 535 non
1097 487 1218 547 fuit,
1266 503 1392 549 quae
1437 486 1617 535 idonea
1655 487 1917 536 videbatur

224 564 285 610 ut
327 561 474 610 initio
527 561 648 608 belli
691 561 904 623 primam
949 561 1135 608 faceret
1180 576 1393 610 causam.
1471 562 1680 622 belloque
1726 563 1916 610 animos
1970 574 1990 606 5

226 636 443 683 accendit
479 636 707 696 aqrestis:
744 651 844 683 non
881 634 1098 683 inaniter
1127 635 1298 696 posuit
1329 634 1518 684 animos
1552 637 1785 700 agrestis,
1822 637 1917 684 hoc

156 728 160 731 Α
226 711 302 758 est
332 725 533 772 asperos
559 711 609 757 et
631 710 873 772 inperitos
900 710 1106 769 animos,
1129 708 1347 771 primum
1370 710 1611 758 excitatos
1630 711 1684 757 in
1707 709 1915 771 bellum3

225 783 393 832 nullus
433 785 565 831 enim
603 783 798 845 sapiens
847 784 917 831 sic
962 784 1150 830 moveri
1195 784 1441 845 potuisset
1484 785 1543 830 ut
1587 784 1667 832 illi
1711 785 1917 832 excitati

225 858 364 918 sunt,
408 859 468 905 ut
504 859 709 920 propter
745 856 976 906 vilissimi
1013 856 1243 905 animalis
1289 857 1522 906 iniuriam
1560 858 1741 919 levem,
1789 874 1916 921 quae

223 931 544 994 inprudentia
596 931 741 994 pueri
796 932 1025 979 venantis
1088 930 1285 979 defendi
1344 933 1597 994 potuerat,
1657 933 1915 995 proprium
1949 945 1991 978 ιο

225 1005 520 1069 sanguinem
573 1005 728 1053 daret.
804 1006 953 1053 huius
1017 1006 1147 1053 cervi
1200 1006 1439 1068 quoniam
1498 1008 1707 1054 noverat
1766 1008 1916 1069 poeta

225 1080 419 1127 nullum
455 1080 692 1127 meritum
729 1079 882 1128 fuisse
928 1080 1008 1127 vel
1053 1078 1290 1141 pretium,
1338 1096 1396 1127 ex
1436 1079 1548 1128 aliis
1595 1080 1917 1143 prosequitur

224 1154 445 1214 laudem,
494 1156 555 1202 ut
602 1154 701 1215 ipsi
751 1169 949 1216 quoque
1002 1155 1219 1217 agrestes
1271 1169 1361 1215 pro
1412 1153 1632 1201 naturali
1679 1154 1916 1216 inperitia

225 1228 364 1276 velut
415 1227 546 1275 iuste
600 1228 837 1276 exarsisse
891 1227 1166 1275 videantur.
1244 1228 1505 1289 exequitur
1549 1228 1704 1291 igitur
1751 1228 1914 1290 qualis

223 1302 310 1349 ille
350 1301 504 1349 fuerit
542 1317 714 1349 cervus
754 1303 804 1349 et
837 1301 983 1349 huius
1015 1302 1242 1362 formam,
1272 1317 1431 1350 mores
1462 1302 1914 1350 mansuetudinem·
1948 1314 1989 1346 15

226 1392 320 1438 que
360 1375 684 1424 commendat.
754 1389 921 1422 cervas
960 1379 1064 1423 erat
1100 1378 1263 1435 forma
1294 1377 1571 1435 praestanti
1610 1379 1653 1423 et
1690 1377 1915 1424 cornibus

223 1451 417 1510 inqens:
464 1449 562 1497 duo
601 1449 778 1497 habuit
816 1464 1029 1510 summa,
1075 1450 1286 1496 formam
1326 1451 1545 1512 corporis
1586 1451 1636 1497 et
1673 1465 1915 1498 cornuum

223 1524 642 1587 magnitudinem,
683 1538 781 1585 qua
821 1523 1080 1572 sublimior
1111 1523 1429 1571 efficiebatur.
1493 1539 1601 1571 ecce
1632 1539 1732 1571 non
1754 1523 1913 1586 ipsius

224 1597 417 1661 generis
451 1597 709 1659 exequitur
734 1598 981 1657 meritum,
1014 1598 1149 1659 quod
1180 1598 1374 1644 nullum
1405 1598 1583 1658 fuerat,
1607 1597 1692 1645 sed
1722 1600 1913 1662 magni·

222 1671 449 1719 tudinem
487 1671 591 1719 eius
625 1673 675 1719 et
706 1671 1126 1733 pulchritudinem
1160 1672 1390 1733 praefert.
1458 1672 1552 1720 hoc
1591 1688 1708 1735 ergo
1748 1672 1915 1720 fuerat
1946 1684 1990 1716 20

224 1747 464 1807 primum,
520 1745 655 1807 quod
709 1746 916 1807 pulcher
969 1748 1018 1793 et
1062 1761 1273 1809 magnus
1322 1745 1553 1808 quodque
1593 1747 1796 1794 ornatus
1838 1762 1913 1794 ar-

222 1819 384 1867 boreis
425 1818 668 1867 cornibus.
747 1819 1018 1879 Tyrrhidae
1054 1821 1203 1878 pueri
1248 1834 1387 1878 quem
1434 1820 1608 1867 matris
1658 1821 1719 1868 ab
1770 1821 1914 1868 ubere

121 1902 206 1942 485
222 1896 420 1952 raptum
457 1894 711 1940 nutribant
750 1893 1059 1953 Tyrrhusque
1091 1897 1258 1953 pater:
1299 1894 1380 1941 hic
1417 1909 1587 1942 versus
1626 1893 1777 1942 habet
1814 1910 1913 1942 non

223 1983 432 2029 parvam
487 1966 847 2027 confusionem,
903 1968 947 2014 si
993 1983 1316 2029 personarum
1368 1967 1498 2015 ratio
1545 1968 1715 2017 lateat.
1792 1983 1912 2015 non-

223 2041 352 2088 nulli
398 2041 530 2088 enim
577 2040 647 2088 sic
692 2042 1041 2102 pronuntiant,
1091 2043 1150 2089 ut
1188 2041 1358 2089 dicant
1396 2057 1566 2090 cervus
1607 2045 1716 2090 erat
1753 2042 1913 2090 forma
1944 2056 1987 2089 25

222 2115 500 2176 praestanti
531 2117 581 2162 et
612 2114 839 2163 cornibus
871 2114 1044 2178 ingens
1078 2115 1353 2176 Tyrrhidae
1382 2115 1538 2177 pueri.
1602 2116 1736 2178 quod
1767 2117 1810 2164 si
1839 2116 1913 2164 ita

223 2188 516 2237 remanserit
553 2189 820 2251 reliquum,
859 2204 958 2235 non
994 2188 1305 2250 apparebunt
1344 2190 1429 2251 qui
1469 2206 1582 2237 eum
1618 2190 1914 2238 retraxerint

222 2262 454 2310 uberibus
492 2262 680 2311 matris.
751 2262 956 2324 proinde
996 2278 1233 2324 personae
1274 2263 1646 2311 constituendae
1678 2266 1816 2323 sunt,
1855 2267 1913 2311 ut

222 2336 505 2384 intellectus
545 2336 635 2384 fiat
671 2335 929 2383 illustrior.
1000 2336 1210 2384 dicimus
1242 2337 1491 2398 Tyrrhum
1521 2337 1648 2384 filios
1682 2337 1911 2385 habuisse

222 2411 352 2458 inter
406 2411 591 2458 ceteros
646 2409 941 2472 Tyrrhidem
1002 2412 1051 2456 et
1106 2409 1336 2470 Silviam,
1397 2411 1680 2458 inventores
1743 2412 1910 2458 autem
1942 2426 1986 2457 30

223 2485 356 2532 cervi
389 2484 540 2532 fuisse
579 2499 756 2545 pueros
789 2483 1061 2545 Tyrrhidae
1086 2480 1124 2547 ’ξ-
1149 2499 1266 2547 ergo
1306 2501 1403 2545 em,
1443 2485 1536 2532 hoc
1575 2486 1650 2532 est
1687 2484 1909 2533 homines

223 2558 519 2620 Tyrrhidae:
580 2573 669 2605 nec
721 2558 956 2604 miremur
1008 2573 1189 2619 pueros
1243 2557 1423 2617 dictos,
1485 2573 1596 2605 cum
1650 2558 1746 2606 alio
1801 2559 1909 2607 loco

343 2704 368 2742 2
408 2698 602 2754 perfecit
631 2697 674 2741 V
706 2697 777 2741 ed.
827 2711 909 2753 per
956 2697 1105 2741 delevi
1151 2700 1204 2741 ut
1251 2697 1599 2754 dittographon.
1743 2703 1772 2742 4
1818 2713 1910 2742 non

225 2772 312 2800 om.
354 2758 423 2801 ed.
474 2771 553 2802 nec
596 2770 681 2812 pro
727 2758 837 2800 haec
883 2756 955 2800 ed.
993 2758 1112 2811 post.
1245 2761 1269 2799 6
1309 2759 1673 2813 non—agrestis
1715 2772 1803 2801 om.
1837 2757 1907 2800 ed.

226 2821 281 2859 20
307 2818 522 2872 praeffieri
545 2816 632 2860 VH
657 2815 861 2872 praefert
883 2829 967 2858 nos
992 2817 1306 2870 praestantiae
1330 2814 1366 2859 Ο
1385 2815 1455 2858 ed.
1483 2821 1594 2859 -tem
1617 2815 1673 2859 U.
1758 2821 1811 2859 21
1839 2830 1907 2860 or-

224 2876 413 2919 dinatus
443 2875 484 2918 V
525 2880 715 2920 ornatus
753 2874 824 2918 ed.
947 2879 1002 2917 27
1036 2875 1323 2930 apparebunt
1351 2873 1394 2915 V
1427 2876 1669 2930 apparebit
1700 2875 1770 2919 ed.
1805 2889 1909 2918 cum

225 2933 317 2976 alia
357 2934 667 2978 distinctione.
791 2938 843 2976 31
886 2946 988 2990 erqo
1020 2947 1086 2977 em
1118 2932 1158 2975 V
1197 2938 1239 2977 et
1266 2938 1439 2990 gentem
1471 2933 1540 2976 ed.
1574 2947 1675 2990 erqo
1705 2939 1908 2990 centem?
