2050 3226
235 194 344 247 438
712 191 946 236 DONATI
975 190 1255 236 INTERPR.
1265 196 1267 198 ’
1279 190 1446 238 VERG

132 341 218 381 215
236 331 401 380 luctus
441 331 521 380 vel
558 347 647 395 per
685 347 808 395 quas
847 346 1083 394 personas
1123 330 1436 380 cucurrisset.
1488 331 1566 380 hic
1597 334 1798 388 matreS,
1839 331 1929 380 sci-

235 405 352 454 licet
398 421 525 469 quae
570 405 891 467 perdiderant
935 405 1085 466 filios,
1139 405 1438 465 miseraeque
1484 420 1663 462 nuruS,
1721 420 1931 469 quarum

235 479 408 527 mariti
457 480 756 540 ceciderant,
809 480 887 526 hic
939 493 1058 527 cara
1102 492 1324 527 sororum
1363 482 1559 540 pectora
1615 483 1929 536 maerentum,

238 569 365 616 quae
390 554 655 618 gemebant
690 552 947 601 interitum
970 553 1206 614 fratrum,
1236 554 1474 614 puerique
1495 554 1787 614 parentibus
1810 554 1929 610 orbi,

236 627 290 676 id
341 630 417 676 est
463 627 551 690 qui
596 626 916 690 perdiderant
967 629 1158 689 patreS,
1213 627 1376 675 dirwn
1426 631 1711 676 execrantur
1757 627 1933 676 bellum

239 702 490 762 Turnique
534 702 845 761 hymenaeos:
899 716 1067 749 omnes
1121 701 1173 748 in
1223 717 1324 750 una
1377 701 1624 750 sententia
1671 700 1934 750 constituti

158 839 161 841 -
239 775 597 824 execrabantur
642 774 763 822 belli
809 774 1131 823 acerbitatem
1177 776 1228 823 et
1273 775 1472 838 nuptias
1519 775 1695 838 Turni,
1745 775 1933 823 bellum

239 851 423 913 quippe
462 849 658 896 nullum
709 847 960 910 existeret,
1007 849 1051 897 si
1089 849 1247 897 Turni
1283 865 1374 911 pro
1420 850 1609 912 nuptiis
1655 849 1933 912 inprobitas

240 922 521 986 quievisset.
585 922 850 985 descriptio
882 922 1079 971 inbellis
1113 938 1256 972 sexus
1289 925 1340 971 et
1377 924 1557 972 aetatis
1587 925 1788 972 tantum
1812 939 1934 986 pon-

239 998 369 1046 deris
394 996 547 1045 habet
578 996 643 1045 ad
674 996 1044 1060 exprimendam
1067 999 1263 1060 partem
1285 997 1449 1046 luctus
1474 998 1621 1062 longe
1651 997 1934 1059 maximam,

238 1073 297 1119 ut
336 1071 628 1119 ostendatur
665 1071 885 1120 extincta
931 1071 1067 1119 omni
1110 1071 1368 1120 iuventute
1414 1072 1544 1120 solos
1593 1073 1681 1134 qui
1726 1071 1934 1121 concilio

238 1147 513 1195 intererant
551 1147 602 1193 et
638 1145 868 1194 mulieres
907 1147 1106 1194 tantum
1145 1161 1202 1194 ac
1233 1161 1413 1208 pueros
1451 1161 1719 1209 superesse.
1772 1147 1936 1205 ipsmn

239 1220 394 1268 armis
430 1219 685 1280 ipsumque
721 1220 887 1268 iubent
923 1220 1173 1268 decernere
1209 1220 1363 1280 ferre,
1403 1221 1487 1280 qui
1523 1234 1727 1281 reynum
1755 1220 1937 1268 Italiae

240 1297 283 1342 et
298 1294 488 1354 primos
511 1294 606 1341 sibi
624 1298 795 1354 poscat
816 1294 1044 1342 honores:
1082 1309 1249 1343 omnes
1281 1293 1427 1342 iustis
1457 1293 1660 1343 vocibus
1693 1294 1935 1343 exclama-

239 1369 384 1429 bant,
431 1370 491 1416 ut
539 1369 592 1415 in
631 1383 782 1417 causa
821 1383 911 1416 sua
948 1367 1055 1431 ipse
1087 1369 1166 1417 vel
1204 1368 1336 1417 ferro
1376 1367 1710 1417 dimicationis
1749 1367 1938 1417 subiret

137 1453 223 1493 220
239 1442 507 1503 incertum,
539 1441 627 1504 qui
653 1443 924 1504 primatum
949 1442 1045 1490 sibi
1075 1441 1352 1491 vindicaret
1376 1445 1426 1491 et
1447 1459 1670 1507 regnum.
1709 1443 1939 1503 inyravat

240 1517 357 1564 haec
394 1530 570 1564 saevus
607 1517 858 1565 Drances:
902 1516 1009 1580 ipse
1056 1518 1131 1565 est
1170 1516 1259 1578 qui
1303 1510 1462 1582 (128)
1501 1516 1698 1564 Aeneae
1745 1516 1938 1565 dixerat

242 1593 323 1652 „et
353 1592 425 1651 te,
458 1591 502 1640 si
533 1606 632 1652 qua
662 1590 798 1639 viam
829 1590 1021 1639 dederit
1051 1590 1276 1651 fortuna,
1308 1590 1490 1639 Latino
1522 1591 1783 1654 iungemus
1814 1591 1937 1653 regi,

243 1666 451 1727 quaerat
496 1664 591 1713 sibi
636 1664 836 1713 foedera
885 1665 1082 1713 Turnus
1094 1663 1134 1712 “.
1206 1680 1313 1712 ecce
1359 1664 1552 1714 invenit
1603 1665 1740 1713 viam
1787 1680 1936 1726 quam

243 1738 380 1787 dedit
411 1739 632 1801 cupienti
664 1739 888 1801 fortuna3
927 1739 1210 1787 nociturum
1244 1739 1428 1801 quippe
1458 1738 1670 1802 urgebat
1691 1738 1936 1787 naturalis

243 1812 438 1875 feritas,
485 1813 621 1861 iusta
669 1829 868 1876 quoque
909 1828 1079 1874 causa,
1127 1812 1318 1861 occasio
1363 1813 1601 1876 temporis
1648 1815 1698 1861 et
1742 1813 1937 1861 univer-

244 1902 412 1934 sorum
443 1903 571 1935 unus
603 1887 831 1949 idemque
868 1902 1131 1936 consensus
1165 1886 1437 1935 adiuvabat
1467 1886 1736 1935 ardentem.
1790 1886 1937 1935 facile

243 1961 377 2007 enim
413 1963 614 2022 poterat
653 1962 874 2010 obtinere
914 1961 1068 2023 quod,
1107 1960 1152 2009 si
1190 1963 1305 2009 ante
1345 1962 1566 2023 cuperet,
1612 1961 1801 2023 inplere
1838 1976 1938 2008 non

244 2035 426 2096 posset.
488 2036 687 2097 quando
721 2035 851 2083 enim
883 2035 1203 2098 persuaderet
1231 2034 1439 2084 invitis?
1493 2051 1594 2097 qua
1632 2037 1738 2083 arte
1778 2050 1938 2096 quove

246 2123 468 2156 sermone
516 2108 828 2173 singulorum
883 2109 1072 2159 animos
1120 2109 1391 2158 concitaret
1437 2109 1490 2157 in
1537 2109 1705 2157 odium
1750 2107 1937 2157 Turni?

246 2197 355 2230 ecce
395 2183 563 2231 omnia
603 2183 878 2245 conpendio
916 2183 1080 2232 tenuit
1117 2199 1487 2246 properansque
1515 2183 1759 2247 gravabat
1795 2183 1937 2230 fomi-

245 2256 381 2304 tibus
423 2255 546 2318 odii,
597 2274 657 2304 ne
699 2274 797 2319 quo
845 2273 964 2306 casu
1008 2257 1199 2306 invidia
1243 2258 1374 2306 tanti
1411 2257 1636 2306 fremitus
1677 2255 1940 2304 debilitata

246 2331 599 2394 languesceret.
647 2331 893 2390 solumque
930 2333 1095 2379 vocari
1133 2335 1355 2388 testatur,
1395 2332 1551 2379 solum
1574 2331 1712 2391 posci
1749 2331 1804 2377 in
1843 2345 1939 2378 cer-

247 2405 438 2452 tamina
455 2405 706 2452 Turnum:
727 2405 971 2468 gravabat
986 2421 1186 2454 causam
1205 2406 1361 2453 Turni
1377 2404 1725 2454 consentiendo
1743 2404 1938 2452 ceteris:

248 2480 465 2526 ceterum
502 2494 592 2540 pro
640 2480 756 2526 voto
805 2494 893 2526 suo
942 2480 1113 2527 eadem
1164 2479 1359 2528 dicebat
1404 2494 1507 2528 esse
1546 2479 1774 2526 facienda
1813 2493 1939 2542 quae

249 2568 307 2598 ex
344 2552 448 2600 illis
488 2552 726 2600 audierat.
789 2552 1034 2616 gravabat
1072 2570 1189 2616 ergo
1234 2553 1566 2601 confirmando
1607 2552 1741 2614 quod
1779 2567 1938 2600 sense-

248 2629 363 2674 rant
409 2625 510 2674 alii.
571 2626 726 2674 multa
771 2627 918 2673 simul
972 2630 1138 2674 contra
1183 2628 1338 2675 variis
1383 2627 1617 2674 sententia
1667 2626 1807 2673 dictis
1844 2640 1939 2685 pro

252 2700 418 2747 Turno
459 2703 501 2747 et
545 2715 777 2760 maynum
814 2701 1010 2760 rcyinae
1056 2715 1229 2748 nomen
1267 2701 1540 2757 obumbrat,
1586 2700 1741 2747 multa
1779 2700 1940 2747 virum

370 2829 394 2868 9
427 2840 561 2871 sea-us
591 2827 755 2871 aetatis
778 2825 820 2869 V
852 2831 894 2870 et
923 2828 1047 2870 recte
1087 2827 1307 2882 interpos.
1341 2826 1455 2871 edF.
1584 2830 1635 2868 11
1677 2826 1867 2869 concilio
1897 2824 1939 2867 V

251 2887 408 2940 (supra
447 2889 547 2939 437,
582 2890 636 2928 16
677 2885 937 2939 consilium,
970 2885 1094 2940 quod
1127 2885 1304 2929 correxi
1343 2885 1399 2929 cf.
1433 2887 1549 2938 234).
1674 2888 1726 2927 17
1760 2885 1940 2927 Aeneae

251 2958 338 2986 om.
373 2943 489 2988 edF.
612 2948 667 2988 18
698 2945 931 3001 iunyimus
962 2946 1030 3001 (ut
1062 2958 1203 3000 supra
1237 2946 1337 3001 129)
1370 2943 1425 2989 V.
1548 2947 1602 2987 26
1633 2942 1868 2997 fomitibus
1897 2941 1939 2985 V

250 3003 468 3047 tonitibus
501 3002 572 3047 ed.

1966 1009 2009 1042 10

1968 1378 2010 1412 15

1969 1753 2012 1786 20

1969 2122 2011 2156 25

1970 2491 2013 2523 30
