2050 3226
250 212 358 265 246
725 208 959 254 DONATI
989 208 1270 253 INTERPR.
1295 208 1474 255 VERG.

248 350 460 409 ferrum,
508 347 564 411 [o
603 347 835 411 Rutulis]
896 348 1170 398 deficientis
1215 365 1313 397 vox
1350 349 1450 397 fuit
1486 366 1575 412 per
1612 349 1822 398 nimium
1859 349 1942 398 do-

249 424 419 472 lorem.
496 423 707 485 denique
759 422 891 485 quod
942 424 1136 471 animus
1186 422 1389 471 tenebat
1437 439 1538 472 non
1583 425 1750 487 potuit
1795 424 1944 472 semel

249 497 512 546 effundere.
590 500 664 546 ait
710 513 826 561 ergo
865 513 944 545 me
983 500 1054 558 et,
1102 512 1214 545 cum
1259 496 1450 546 deesset
1489 497 1797 547 continuatio
1837 514 1943 547 ver-

249 572 426 620 borum
481 571 816 635 sequentium,
880 572 952 620 ait
1003 573 1187 619 iterum
1241 588 1341 633 me,
1402 571 1574 634 tertio,
1635 572 1724 620 ubi
1784 572 1945 635 coepit

249 646 497 709 paulatim
544 661 649 694 sese
689 645 942 709 colligere,
991 644 1221 693 adiunxit
1260 646 1435 694 adsum
1474 646 1563 709 qui
1600 646 1716 707 feci,
1765 649 1944 709 quarto
1997 656 2018 693 5

247 721 301 768 in
338 737 416 768 me
457 721 727 769 convertite
767 720 966 767 ferrum.
1029 735 1140 767 cum
1186 720 1343 783 igitur
1381 720 1502 768 haec
1540 720 1946 783 pronuntiantur,

248 795 526 857 separanda
563 796 700 855 sunt,
739 809 800 841 ne
839 793 1104 843 coniuncta
1141 795 1371 842 minuant
1414 793 1726 842 intellectum
1762 810 1947 858 magna

249 867 529 917 subtilitate
576 868 889 930 dispositum.
967 868 1102 929 quod
1151 871 1319 916 autem
1368 867 1679 930 duplicatum
1730 870 1804 917 est
1852 885 1945 930 me,

247 943 378 990 infra
418 942 703 1004 conpletum
742 944 818 990 est
858 941 1133 990 adiectione
1173 942 1309 990 facta
1347 943 1610 990 verborum
1650 959 1777 1006 quae
1815 942 1947 991 inter

246 1017 392 1064 initia
441 1018 613 1065 secuta
661 1032 761 1065 non
799 1016 1012 1064 fuerant.
1091 1015 1154 1076 si,
1203 1017 1390 1078 inquit,
1439 1033 1579 1064 reum
1626 1015 1679 1064 in
1725 1032 1812 1066 vos
1861 1017 1944 1065 ad·
1977 1027 2020 1062 10

247 1090 388 1139 missi
435 1091 700 1154 quaeritis,
747 1091 950 1151 Rutuli,
997 1091 1196 1153 praesto
1237 1106 1369 1151 sum,
1421 1090 1591 1139 audite
1630 1090 1945 1139 confitentem

248 1167 299 1213 et
347 1165 534 1212 ferrum
589 1167 871 1227 retorquete
922 1165 975 1212 in
1032 1181 1110 1213 me
1170 1164 1231 1213 ab
1283 1164 1433 1212 exitio
1484 1164 1776 1214 innocentis.
1867 1181 1945 1213 me

246 1240 508 1301 percutite,
539 1255 617 1286 me
645 1239 816 1301 poenis
843 1239 1021 1301 quibus
1045 1240 1305 1288 volueritis
1340 1239 1596 1287 absumite.
1658 1255 1736 1287 me
1761 1240 1945 1302 quippe

249 1316 450 1362 auctore
502 1315 553 1361 et
600 1315 857 1361 inventore
907 1313 1095 1361 factum
1147 1315 1344 1361 constat
1398 1312 1635 1376 quicquid
1681 1313 1820 1362 vobis
1871 1315 1945 1360 in-

247 1387 437 1435 flictum
477 1390 564 1435 est.
624 1401 734 1435 mea
770 1388 917 1447 fraus
948 1388 1132 1435 omnis:
1168 1387 1482 1436 inventiones
1513 1386 1706 1436 fraudis
1744 1388 1798 1436 in
1836 1403 1944 1450 per·
1977 1397 2018 1430 15

247 1461 428 1510 niciem
452 1464 668 1510 vestram
699 1464 965 1524 conceptae
997 1461 1119 1509 meis
1151 1461 1369 1510 consiliis
1402 1464 1762 1524 processerunt.
1822 1461 1946 1509 nihil

246 1537 335 1584 isle
384 1550 470 1583 nec
521 1550 675 1583 ausus
723 1550 810 1583 nec
856 1537 1035 1596 potuit:
1086 1535 1394 1584 considerate
1435 1538 1541 1584 eius
1582 1537 1820 1597 aetatem,
1870 1536 1942 1583 in-

247 1609 454 1658 venietis
519 1625 634 1658 eum
694 1625 783 1657 nec
837 1609 1030 1671 aliquid
1092 1609 1273 1657 audere
1335 1611 1556 1672 potuisse
1619 1625 1709 1657 nec
1768 1609 1943 1658 facere.

247 1683 490 1747 probatur
528 1699 636 1732 ecce
683 1683 827 1732 istius
869 1683 1108 1745 amentia,
1157 1684 1273 1731 dum
1312 1686 1460 1746 putat
1497 1685 1656 1732 hostis
1694 1684 1943 1732 iusiuran-

249 1758 365 1805 dum
403 1757 593 1806 inimici
638 1757 691 1805 in
738 1759 893 1806 tantis
933 1757 1178 1822 augustiis
1226 1760 1482 1820 acceptare
1521 1773 1689 1820 posse:
1743 1758 1942 1814 caelum,
1976 1767 2039 1800 20·

247 1831 433 1894 inquit,
483 1833 569 1880 hoc
619 1835 663 1880 et
712 1833 904 1880 conscia
953 1833 1118 1880 sidera
1168 1835 1322 1880 testor.
1399 1833 1480 1880 hic
1528 1831 1646 1894 quia
1691 1834 1860 1894 potuit
1899 1832 1944 1879 ei

248 1905 369 1967 dici,
417 1908 460 1954 si
505 1907 683 1954 horum
731 1907 955 1955 conscius
1003 1922 1102 1954 non
1149 1907 1245 1967 est,
1294 1905 1414 1968 quid
1459 1906 1540 1954 hic
1578 1906 1703 1954 facit
1740 1906 1819 1955 vel
1858 1922 1944 1954 cur

145 1985 230 2026 430
246 1982 410 2028 tecum
451 1979 557 2028 est?
602 1981 815 2028 occurrit
852 1981 986 2028 ultro
1027 1982 1076 2027 et
1115 1981 1186 2028 ait
1232 1983 1422 2028 tantum
1458 1981 1701 2040 infelicem
1737 1981 1944 2028 nimium

247 2054 414 2101 dilexit
452 2055 676 2102 amicusm.
755 2054 888 2116 quod
937 2055 1007 2102 ait
1045 2056 1266 2115 tantum,
1314 2053 1496 2116 corripi
1543 2053 1687 2102 debet
1732 2055 1786 2102 in
1830 2070 1942 2116 pro-

246 2128 581 2189 nuntiatione,
621 2143 719 2175 non
758 2127 987 2190 produci,
1026 2131 1084 2177 ut
1122 2129 1188 2177 sit
1225 2130 1318 2176 hoc
1357 2129 1518 2177 solum
1557 2128 1784 2190 deliquit,
1826 2128 1943 2190 quia
1975 2135 2018 2169 25

246 2202 385 2251 venit
431 2202 526 2250 huc
572 2218 765 2250 mecum
812 2202 1035 2250 amicitia
1084 2202 1299 2251 infelicis
1339 2203 1552 2251 hominis
1594 2202 1793 2263 ductus,
1843 2217 1943 2249 non

248 2276 361 2324 odio
408 2278 588 2324 vestro.
667 2279 834 2324 errant
883 2279 1049 2325 autem
1089 2277 1178 2340 qui
1226 2277 1510 2340 producunt
1546 2277 1747 2324 tantum
1786 2277 1835 2324 et
1873 2275 1943 2324 sic

246 2350 566 2414 intellegunt,
616 2352 760 2412 quasi
798 2351 950 2398 Nisus
999 2350 1180 2399 dixerit
1216 2354 1414 2399 tantum
1452 2367 1530 2397 me
1570 2349 1761 2398 amavit
1800 2351 1944 2412 quasi

246 2424 460 2472 multum
497 2439 588 2471 me.
659 2424 836 2486 quodsi
885 2425 1046 2473 solum
1087 2428 1182 2487 est,
1232 2426 1364 2473 hunc
1408 2425 1568 2487 inplet
1615 2424 1942 2485 intellectum,

370 2556 392 2594 1
427 2565 452 2596 ο
484 2551 652 2596 Rutuli
690 2550 822 2594 deest
852 2550 902 2594 in
926 2550 981 2605 V,
1018 2551 1099 2595 sed
1133 2551 1402 2607 explicatur.
1451 2550 1455 2608 Ι
1505 2564 1605 2594 mea
1617 2551 1836 2605 ——potuit
1871 2550 1941 2593 in—

249 2623 388 2665 super
434 2609 540 2653 add.
582 2609 653 2654 ed.
703 2623 822 2664 quae
869 2624 953 2665 pro
1000 2610 1234 2654 lemmatis
1277 2610 1453 2665 scripta
1494 2609 1617 2652 infra
1659 2608 1802 2652 habet
1842 2608 1942 2710 V'}

239 2683 326 2725 per
361 2668 403 2711 V
439 2674 626 2725 propter
669 2669 739 2712 ed.
865 2674 889 2711 2
931 2671 1114 2714 animus
1144 2669 1187 2712 V
1226 2670 1378 2713 animo
1418 2668 1489 2712 ed.
1543 2669 1547 2727 Ι
1604 2668 1735 2712 semel
1773 2667 1816 2711 V
1855 2667 1912 2711 ed

247 2734 381 2772 semet
412 2728 545 2772 edFI
575 2729 759 2783 ipsemet
789 2727 859 2771 ed.
884 2730 1004 2783 post.
1125 2733 1180 2772 10
1210 2742 1336 2773 reum
1366 2729 1418 2771 in
1448 2741 1525 2772 vos
1556 2728 1724 2771 admisi
1746 2726 1789 2770 V
1819 2726 1940 2771 male

247 2789 360 2830 mut.
395 2787 467 2831 ed.
590 2791 645 2830 15
684 2788 961 2831 inventionis
991 2786 1046 2831 V.
1172 2792 1225 2831 17
1258 2800 1339 2831 nec
1369 2800 1511 2831 ausus
1540 2800 1596 2830 ne
1620 2785 1662 2829 V
1691 2799 1773 2830 'nec
1803 2800 1846 2830 a.
1879 2791 1942 2830 est

246 2860 327 2890 ‘nec
360 2846 430 2889 ed.
554 2850 608 2888 19
641 2859 735 2890 ecce
768 2859 854 2889 om.
883 2846 952 2889 ed.
1077 2851 1130 2890 21
1163 2847 1245 2891 hoc
1276 2860 1363 2889 om.
1389 2844 1443 2888 V.
1559 2849 1614 2888 22
1646 2845 1805 2889 horum
1836 2858 1940 2889 con-

246 2907 367 2949 scius
390 2905 431 2948 V
462 2907 637 2949 temere
668 2906 782 2948 mut.
817 2904 887 2948 ed.
1010 2909 1065 2948 29
1105 2907 1296 2950 multum
1333 2918 1401 2948 me
1431 2903 1473 2948 V
1512 2905 1683 2948 amavit
1714 2903 1939 2948 excidisse

247 2966 360 3018 puto
393 2978 461 3008 me
493 2978 579 3008 om.
607 2963 677 3007 ed.
721 2964 724 3021 Ι
767 2977 861 3008 non
890 2965 1034 3019 inplet
1057 2964 1098 3007 V
1122 2964 1192 3009 ed.
1226 2978 1318 3008 ‘non
1348 2963 1726 3019 interpretationi
1758 2964 1939 3006 contra-

248 3023 368 3065 rium
401 3036 498 3067 esse
530 3024 684 3078 patet,
719 3036 862 3078 quare
892 3023 1012 3067 hunc
1045 3023 1300 3067 emendavi.
