2050 3226
74 969 116 1002 10

74 1338 116 1371 15

71 1709 116 1742 20

71 2079 115 2112 25

786 147 1091 193 AENEmos
1115 147 1203 192 vn
1771 150 1843 205 85

149 289 371 338 laborum
410 291 499 345 est,
538 289 651 348 ipsa
687 302 879 349 reyam:
924 290 975 336 et
1012 287 1057 336 si
1094 287 1245 349 forte,
1283 287 1470 350 inquit,
1509 287 1717 350 aliquis,
1763 303 1843 337 su·
1861 298 1948 339 560

147 365 314 426 perest
361 362 524 423 labor,
574 365 775 427 regetur
824 377 975 425 opera
1016 377 1141 410 mea.
1217 362 1332 410 talis
1370 361 1569 410 dederat
1604 361 1844 411 Saturnia

146 451 307 486 voees:
350 437 474 485 haec
511 437 681 485 locuta.
720 439 796 486 est
824 437 967 485 Iuno.
1043 436 1134 484 illa
1172 439 1334 484 autem
1380 436 1554 484 attollit
1595 436 1844 498 stridentis

148 511 393 573 anquibus
431 511 542 559 alas
575 509 828 572 Cocytique
855 510 973 570 petit
1001 510 1162 558 sedem
1190 524 1373 570 supera
1403 510 1568 558 ardua
1600 510 1846 570 linquens:

146 585 252 647 illa,
282 585 376 634 hoc
407 586 484 634 est
498 585 709 647 Allecto,
734 584 919 634 auditis
945 600 1072 647 quae
1095 583 1372 633 necessario
1396 584 1525 632 Iuno
1550 584 1846 647 protulerat,

146 659 333 708 relictis
379 659 506 707 caeli
549 658 835 724 regionibus
883 659 976 707 alis
1024 658 1231 722 delapsa
1278 660 1354 707 est
1392 658 1457 707 ad
1495 674 1605 706 eam
1650 660 1847 722 partem

147 749 250 796 qua
286 749 506 782 remeare
545 733 609 782 ad
646 733 832 782 inferos
862 735 1046 795 posset.
1113 732 1294 795 incipit
1330 733 1428 782 loci
1460 732 1725 796 descriptio
1757 748 1847 796 per

147 823 296 870 quem
333 808 406 856 ire
443 807 612 871 potuit
650 808 715 856 ad
750 807 1024 856 infernumt
1064 811 1133 855 est
1170 807 1301 855 loeus
1340 807 1523 855 Italiae
1559 807 1716 855 medio
1754 807 1845 855 sub

144 883 389 930 montibus
435 883 569 939 altis,
617 882 795 930 nobilis
842 885 886 930 et
920 884 1063 942 fama
1099 881 1267 929 multis
1303 884 1599 930 memoratus
1636 882 1692 929 in
1730 882 1844 937 oriS,

145 954 438 1016 Ampsancti
470 956 647 1004 valles:
686 955 814 1004 dixit
846 958 1099 1020 regionem
1128 956 1182 1003 in
1221 971 1324 1018 qua
1362 958 1492 1004 esset
1528 955 1666 1004 locus
1705 958 1756 1004 et
1793 956 1847 1003 in
1865 964 1949 1005 565

147 1046 248 1092 qua
278 1031 384 1079 eius
414 1032 581 1093 parte,
620 1030 748 1078 dixit
785 1030 938 1079 etiam
968 1046 1150 1078 nomen
1179 1029 1476 1092 Ampsancti
1506 1046 1537 1078 a
1566 1030 1675 1078 fani
1700 1044 1845 1078 voca-

145 1104 263 1153 bulo
311 1120 369 1153 ac
414 1105 652 1166 nemoris,
703 1104 830 1153 dixit
874 1105 1048 1166 situm,
1099 1104 1235 1166 quod
1282 1103 1336 1151 in
1386 1104 1517 1153 valle
1566 1103 1846 1152 haberetur.

146 1179 311 1227 densis
348 1179 477 1227 hunc
512 1179 773 1238 frondibus
812 1182 977 1227 atrum
1012 1181 1151 1239 uryet
1178 1178 1420 1237 utrimque
1451 1179 1581 1226 latus
1611 1179 1847 1226 nemoris:

148 1253 390 1314 densitaS,
427 1252 616 1315 inquit,
654 1252 869 1301 nemoris
907 1253 1039 1301 hunc
1079 1253 1268 1300 fecerat
1309 1252 1648 1313 tenebrosum,
1687 1252 1847 1300 latera

146 1343 263 1375 vero
303 1327 408 1375 eius
446 1328 500 1375 in
532 1328 793 1390 angustias
823 1330 1007 1376 natura
1035 1325 1350 1389 perduxerat.
1403 1326 1652 1386 medioque
1681 1327 1847 1388 frayo-

145 1416 232 1450 sus
263 1401 349 1449 dat
385 1402 597 1449 sonitum
635 1402 773 1450 saxis
812 1405 856 1449 et
892 1405 1011 1449 torto
1049 1402 1223 1449 vertice
1262 1404 1473 1450 torrens:
1512 1400 1847 1463 conpendiosa

146 1474 435 1538 descriptio,
474 1477 533 1523 ut
571 1491 767 1524 amnem
805 1475 956 1524 simu]
995 1476 1045 1524 et
1081 1478 1278 1538 partem
1317 1491 1375 1523 ex
1415 1491 1515 1538 qua
1546 1474 1848 1523 fundebatur

145 1551 196 1598 et
245 1564 422 1598 sonum
473 1549 694 1598 cadentis
746 1566 907 1612 aquae
957 1551 1007 1598 et
1057 1565 1261 1598 causam
1300 1564 1426 1612 quae
1466 1565 1642 1598 sonum
1680 1549 1846 1612 ipsum

144 1624 332 1672 faceret
365 1623 622 1672 indicaret.
683 1625 981 1673 nascebatur
1012 1626 1180 1672 autem
1216 1623 1381 1672 medio
1414 1623 1519 1673 eius
1550 1623 1649 1672 loci
1680 1624 1845 1686 copio-

146 1713 228 1746 sus
277 1698 461 1759 amniS,
512 1698 701 1747 dabant
744 1698 908 1746 undae
955 1699 1175 1747 sonitum
1220 1699 1353 1746 saxis
1398 1697 1574 1747 inlisae
1621 1699 1671 1745 et
1715 1698 1848 1746 inter

146 1788 266 1821 saxa
316 1772 489 1820 eadem
538 1772 806 1821 verticibus
856 1772 1045 1835 rapidis
1095 1772 1472 1836 torquebantur.
1547 1773 1624 1820 hic
1676 1786 1847 1832 specus

144 1847 440 1894 horrendum
490 1850 532 1894 et
580 1848 716 1895 saevi
761 1847 1015 1907 spiracula
1051 1847 1187 1894 Ditis
1231 1849 1568 1895 monstrantur
1612 1849 1846 1906 ruptoque

145 1921 316 1981 inyens
353 1919 621 1969 Acheronte
658 1935 836 1982 vorayo
866 1922 1134 1981 pestiferas
1172 1922 1331 1981 aperit
1365 1922 1556 1980 fauceS,
1598 1922 1706 1980 quis
1738 1935 1847 1969 con-
1864 1933 1950 1973 570

146 1994 251 2042 dita
280 1994 491 2056 ErinyS,
523 1995 740 2043 invisum
769 2009 971 2051 numen,
1013 1998 1170 2043 terras
1201 1995 1479 2054 caelumque
1511 1995 1725 2043 levabat:
1766 1995 1847 2043 vel

148 2067 392 2117 densitate
430 2084 688 2117 nemorum
719 2070 800 2118 vel
838 2085 960 2118 sono
990 2069 1226 2118 torrentis
1258 2069 1340 2118 vel
1376 2069 1552 2117 umbra
1586 2068 1844 2118 foraminis

146 2142 395 2191 tenebrosi
424 2143 505 2191 vel
538 2143 654 2191 inde
683 2143 844 2207 magis
875 2143 1201 2205 horrendum,
1241 2145 1361 2206 quia
1390 2143 1660 2191 inferorum
1693 2144 1846 2191 ianua

146 2216 248 2264 fuit
278 2218 329 2264 et
359 2217 424 2264 ad
454 2216 622 2265 Ditem
659 2220 855 2279 patrem
887 2218 976 2280 qui
1005 2219 1235 2266 miserere
1267 2218 1480 2266 nesciret
1509 2217 1607 2265 iter
1635 2217 1845 2265 infelici·

145 2290 237 2339 bus
286 2291 462 2352 dabat,
508 2293 560 2339 et
604 2294 757 2354 rupta
802 2292 952 2340 humo
998 2308 1157 2354 usque
1200 2291 1264 2340 ad
1309 2293 1477 2354 ipsum
1515 2291 1846 2339 Acherontem

146 2364 393 2428 profunda
424 2364 681 2427 demersio,
706 2382 858 2428 quam
889 2365 1148 2414 obsidebat
1171 2366 1350 2429 Erinys
1375 2362 1413 2430 †
1437 2366 1596 2415 solam
1624 2365 1844 2428 patentis

267 2554 293 2594 5
318 2552 601 2607 praetulerat
625 2551 695 2595 ed.
783 2555 809 2595 8
841 2551 986 2595 medio
1011 2550 1049 2593 V
1075 2553 1127 2596 in
1149 2552 1296 2596 medio
1321 2552 1392 2595 ed.
1480 2556 1532 2595 11
1560 2551 1783 2607 ampsaeit
1800 2550 1844 2593 V

148 2610 215 2665 (in
238 2609 456 2653 lemmate
481 2612 635 2666 recte).
727 2615 780 2654 17
806 2611 1290 2668 descriptiosltamnem
1314 2610 1491 2667 (littera
1516 2613 1622 2654 ante
1647 2616 1844 2654 tamnem

147 2669 361 2724 evanida)
387 2683 478 2724 qua
501 2683 678 2714 amnem
702 2670 773 2713 ed.
837 2674 891 2712 21
918 2671 1211 2726 torquebatur
1226 2669 1282 2714 V.
1311 2671 1315 2727 }
1343 2670 1515 2714 lemma
1540 2669 1746 2724 corrupit
1770 2668 1841 2712 ed.

149 2732 204 2770 27
236 2730 441 2772 miserere
470 2728 513 2772 V
543 2730 733 2773 mulceri
767 2728 838 2772 ed.
961 2733 1016 2772 29
1055 2730 1198 2774 solam
1224 2735 1434 2785 patentes
1462 2730 1611 2772 hiatos
1640 2733 1707 2772 tre
1737 2741 1839 2772 eon·

147 2788 344 2842 spiciens
374 2787 667 2832 altitudinem
690 2787 744 2831 V:
776 2801 862 2831 nec
892 2789 1035 2832 solam
1065 2802 1150 2832 nec
1174 2790 1455 2844 conspiciens
1478 2787 1591 2842 quid
1617 2786 1707 2830 sibi
1730 2786 1843 2830 velit

148 2845 304 2899 video,
343 2846 541 2890 fortasse
579 2848 676 2891 sola
713 2848 765 2891 in
798 2848 1001 2902 patentis
1029 2848 1184 2892 hiatus
1214 2853 1358 2892 terrae
1389 2847 1655 2903 consuo-iens
1685 2846 1841 2891 altitu-

149 2903 300 2949 dinem
339 2906 458 2959 (sola
496 2905 556 2948 ad
596 2905 922 2962 explicandum
961 2907 1086 2961 quod
1126 2908 1197 2950 est
1235 2907 1455 2960 condita),
1494 2905 1575 2948 sed
1612 2905 1842 2962 corrigere

150 2975 243 3006 non
274 2978 412 3007 ausus
444 2977 627 3009 crucem
660 2965 858 3020 adposui
889 2964 1081 3009 lectioni
1113 2965 1345 3009 editionis
