<?xml version="1.0" encoding="UTF-8"?>
<!DOCTYPE html PUBLIC "-//W3C//DTD XHTML 1.0 Transitional//EN"
    "http://www.w3.org/TR/xhtml1/DTD/xhtml1-transitional.dtd">
<html xmlns="http://www.w3.org/1999/xhtml" xml:lang="en" lang="en">
 <head>
  <title>
</title>
<meta http-equiv="Content-Type" content="text/html;charset=utf-8" />
  <meta name='ocr-system' content='tesseract 3.04.00' />
  <meta name='ocr-capabilities' content='ocr_page ocr_carea ocr_par ocr_line ocrx_word'/>
</head>
<body>
  <div class='ocr_page' id='page_1' title='image "./interpretationes02donauoft_0595.png"; bbox 0 0 2078 3260; ppageno 0'>
   <div class='ocr_carea' id='block_1_1' title="bbox 102 1023 144 1055">
    <p class='ocr_par' dir='ltr' id='par_1_1' title="bbox 102 1023 144 1055">
     <span class='ocr_line' id='line_1_1' title="bbox 102 1023 144 1055; baseline 0.024 -1"><span class='ocrx_word' id='word_1_1' title='bbox 102 1023 144 1055; x_wconf 88' lang='lat'><em>10</em></span> 
     </span>
    </p>
   </div>
   <div class='ocr_carea' id='block_1_2' title="bbox 99 1394 142 1427">
    <p class='ocr_par' dir='ltr' id='par_1_2' title="bbox 99 1394 142 1427">
     <span class='ocr_line' id='line_1_2' title="bbox 99 1394 142 1427; baseline 0.023 -1"><span class='ocrx_word' id='word_1_2' title='bbox 99 1394 142 1427; x_wconf 82' lang='lat'><em>15</em></span> 
     </span>
    </p>
   </div>
   <div class='ocr_carea' id='block_1_3' title="bbox 97 1767 140 1799">
    <p class='ocr_par' dir='ltr' id='par_1_3' title="bbox 97 1767 140 1799">
     <span class='ocr_line' id='line_1_3' title="bbox 97 1767 140 1799; baseline 0 0"><span class='ocrx_word' id='word_1_3' title='bbox 97 1767 140 1799; x_wconf 79' lang='lat'><em>20</em></span> 
     </span>
    </p>
   </div>
   <div class='ocr_carea' id='block_1_4' title="bbox 95 2137 139 2170">
    <p class='ocr_par' dir='ltr' id='par_1_4' title="bbox 95 2137 139 2170">
     <span class='ocr_line' id='line_1_4' title="bbox 95 2137 139 2170; baseline 0.023 -1"><span class='ocrx_word' id='word_1_4' title='bbox 95 2137 139 2170; x_wconf 75' lang='lat'><em>25</em></span> 
     </span>
    </p>
   </div>
   <div class='ocr_carea' id='block_1_5' title="bbox 94 2507 137 2539">
    <p class='ocr_par' dir='ltr' id='par_1_5' title="bbox 94 2507 137 2539">
     <span class='ocr_line' id='line_1_5' title="bbox 94 2507 137 2539; baseline 0 0"><span class='ocrx_word' id='word_1_5' title='bbox 94 2507 137 2539; x_wconf 78' lang='lat'><em>80</em></span> 
     </span>
    </p>
   </div>
   <div class='ocr_carea' id='block_1_6' title="bbox 816 200 1871 260">
    <p class='ocr_par' dir='ltr' id='par_1_6' title="bbox 816 200 1871 260">
     <span class='ocr_line' id='line_1_6' title="bbox 816 200 1871 260; baseline -0.001 -13"><span class='ocrx_word' id='word_1_6' title='bbox 816 201 1121 250; x_wconf 72' lang='lat' dir='ltr'><em>Annnmos</em></span> <span class='ocrx_word' id='word_1_7' title='bbox 1151 200 1238 246; x_wconf 79' lang='grc' dir='ltr'><em>ΧΠ</em></span> <span class='ocrx_word' id='word_1_8' title='bbox 1767 205 1871 260; x_wconf 86' lang='lat'><em>591</em></span> 
     </span>
    </p>
   </div>
   <div class='ocr_carea' id='block_1_7' title="bbox 175 341 1877 852">
    <p class='ocr_par' dir='ltr' id='par_1_7' title="bbox 175 341 1877 852">
     <span class='ocr_line' id='line_1_7' title="bbox 181 341 1877 408; baseline 0.001 -17"><span class='ocrx_word' id='word_1_9' title='bbox 181 343 461 403; x_wconf 80' lang='lat' dir='ltr'><em>quisquam:</em></span> <span class='ocrx_word' id='word_1_10' title='bbox 490 358 645 406; x_wconf 90' lang='lat' dir='ltr'><em>prope</em></span> <span class='ocrx_word' id='word_1_11' title='bbox 669 343 844 391; x_wconf 87' lang='lat' dir='ltr'><em>aderat</em></span> <span class='ocrx_word' id='word_1_12' title='bbox 873 345 933 391; x_wconf 88' lang='lat' dir='ltr'><em>ut</em></span> <span class='ocrx_word' id='word_1_13' title='bbox 955 343 1230 406; x_wconf 74' lang='lat' dir='ltr'><strong>inpleretur</strong></span> <span class='ocrx_word' id='word_1_14' title='bbox 1251 341 1456 390; x_wconf 91' lang='lat' dir='ltr'><em>Iunonis</em></span> <span class='ocrx_word' id='word_1_15' title='bbox 1482 341 1693 408; x_wconf 74' lang='lat' dir='ltr'><em>dictum,</em></span> <span class='ocrx_word' id='word_1_16' title='bbox 1726 359 1877 407; x_wconf 87' lang='lat' dir='ltr'><em>supra</em></span> 
     </span>
     <span class='ocr_line' id='line_1_8' title="bbox 179 410 1876 483; baseline 0.001 -18"><span class='ocrx_word' id='word_1_17' title='bbox 179 417 311 465; x_wconf 89' lang='lat' dir='ltr'><em>enim</em></span> <span class='ocrx_word' id='word_1_18' title='bbox 349 416 423 466; x_wconf 88' lang='lat' dir='ltr'><em>ait</em></span> <span class='ocrx_word' id='word_1_19' title='bbox 461 410 618 483; x_wconf 86' lang='lat'>(153)</span> <span class='ocrx_word' id='word_1_20' title='bbox 660 417 864 478; x_wconf 80' lang='lat' dir='ltr'><strong>„forsan</strong></span> <span class='ocrx_word' id='word_1_21' title='bbox 902 418 1107 466; x_wconf 88' lang='lat' dir='ltr'><em>miseros</em></span> <span class='ocrx_word' id='word_1_22' title='bbox 1145 416 1355 465; x_wconf 89' lang='lat' dir='ltr'><em>meliora</em></span> <span class='ocrx_word' id='word_1_23' title='bbox 1392 416 1713 479; x_wconf 90' lang='lat' dir='ltr'><em>sequentur“.</em></span> <span class='ocrx_word' id='word_1_24' title='bbox 1767 433 1876 466; x_wconf 87' lang='lat' dir='ltr'><em>ecce</em></span> 
     </span>
     <span class='ocr_line' id='line_1_9' title="bbox 177 490 1876 554; baseline -0.001 -14"><span class='ocrx_word' id='word_1_25' title='bbox 177 490 437 540; x_wconf 88' lang='lat' dir='ltr'><em>interierat</em></span> <span class='ocrx_word' id='word_1_26' title='bbox 472 490 689 553; x_wconf 75' lang='lat' dir='ltr'><em>Aeneae,</em></span> <span class='ocrx_word' id='word_1_27' title='bbox 728 507 829 540; x_wconf 92' lang='lat' dir='ltr'><em>non</em></span> <span class='ocrx_word' id='word_1_28' title='bbox 874 490 1154 554; x_wconf 88' lang='lat' dir='ltr'><em>cuiuspiam</em></span> <span class='ocrx_word' id='word_1_29' title='bbox 1198 490 1406 552; x_wconf 82' lang='lat' dir='ltr'><em>virtute,</em></span> <span class='ocrx_word' id='word_1_30' title='bbox 1445 490 1530 539; x_wconf 90' lang='lat' dir='ltr'><em>sed</em></span> <span class='ocrx_word' id='word_1_31' title='bbox 1571 506 1710 554; x_wconf 70' lang='lat' dir='ltr'><em>casu,</em></span> <span class='ocrx_word' id='word_1_32' title='bbox 1759 507 1876 540; x_wconf 91' lang='lat' dir='ltr'><em>nam</em></span> 
     </span>
     <span class='ocr_line' id='line_1_10' title="bbox 179 563 1874 628; baseline -0.001 -15"><span class='ocrx_word' id='word_1_33' title='bbox 179 566 296 615; x_wconf 90' lang='lat' dir='ltr'><em>dum</em></span> <span class='ocrx_word' id='word_1_34' title='bbox 342 580 373 613; x_wconf 90' lang='lat' dir='ltr'><em>a</em></span> <span class='ocrx_word' id='word_1_35' title='bbox 419 566 687 614; x_wconf 88' lang='lat' dir='ltr'><em>certamine</em></span> <span class='ocrx_word' id='word_1_36' title='bbox 731 567 935 615; x_wconf 87' lang='lat' dir='ltr'><em>revocat</em></span> <span class='ocrx_word' id='word_1_37' title='bbox 979 580 1116 626; x_wconf 77' lang='lat' dir='ltr'><em>suoS,</em></span> <span class='ocrx_word' id='word_1_38' title='bbox 1168 565 1286 613; x_wconf 92' lang='lat' dir='ltr'><em>dum</em></span> <span class='ocrx_word' id='word_1_39' title='bbox 1330 563 1465 613; x_wconf 92' lang='lat' dir='ltr'><em>nudo</em></span> <span class='ocrx_word' id='word_1_40' title='bbox 1516 566 1679 628; x_wconf 89' lang='lat' dir='ltr'><em>capite</em></span> <span class='ocrx_word' id='word_1_41' title='bbox 1725 567 1874 628; x_wconf 87' lang='lat' dir='ltr'><em>atque</em></span> 
     </span>
     <span class='ocr_line' id='line_1_11' title="bbox 175 639 1876 702; baseline -0.001 -14"><span class='ocrx_word' id='word_1_42' title='bbox 175 640 354 688; x_wconf 91' lang='lat' dir='ltr'><em>inermi</em></span> <span class='ocrx_word' id='word_1_43' title='bbox 400 639 578 688; x_wconf 86' lang='lat' dir='ltr'><em>dextra</em></span> <span class='ocrx_word' id='word_1_44' title='bbox 620 640 863 702; x_wconf 86' lang='lat' dir='ltr'><em>loquitur,</em></span> <span class='ocrx_word' id='word_1_45' title='bbox 911 639 1157 688; x_wconf 89' lang='lat' dir='ltr'><em>incertum</em></span> <span class='ocrx_word' id='word_1_46' title='bbox 1202 639 1343 688; x_wconf 89' lang='lat' dir='ltr'><em>cuius</em></span> <span class='ocrx_word' id='word_1_47' title='bbox 1389 639 1619 701; x_wconf 75' lang='lat' dir='ltr'><strong>captatus</strong></span> <span class='ocrx_word' id='word_1_48' title='bbox 1664 639 1876 700; x_wconf 84' lang='lat' dir='ltr'>insidiis,</span> 
     </span>
     <span class='ocr_line' id='line_1_12' title="bbox 177 713 1877 778; baseline -0.001 -15"><span class='ocrx_word' id='word_1_49' title='bbox 177 715 364 778; x_wconf 86' lang='lat' dir='ltr'><em>sagitta</em></span> <span class='ocrx_word' id='word_1_50' title='bbox 408 729 670 776; x_wconf 88' lang='lat' dir='ltr'><em>percussus</em></span> <span class='ocrx_word' id='word_1_51' title='bbox 716 715 811 775; x_wconf 90' lang='lat' dir='ltr'><em>est,</em></span> <span class='ocrx_word' id='word_1_52' title='bbox 861 714 1008 762; x_wconf 90' lang='lat' dir='ltr'><em>huius</em></span> <span class='ocrx_word' id='word_1_53' title='bbox 1055 715 1224 762; x_wconf 88' lang='lat' dir='ltr'><em>autem</em></span> <span class='ocrx_word' id='word_1_54' title='bbox 1272 714 1429 762; x_wconf 88' lang='lat' dir='ltr'><em>latere</em></span> <span class='ocrx_word' id='word_1_55' title='bbox 1475 715 1652 762; x_wconf 77' lang='lat' dir='ltr'>auctor</span> <span class='ocrx_word' id='word_1_56' title='bbox 1694 713 1877 763; x_wconf 88' lang='lat' dir='ltr'><em>maluit</em></span> 
     </span>
     <span class='ocr_line' id='line_1_13' title="bbox 177 787 1423 852; baseline 0 -16"><span class='ocrx_word' id='word_1_57' title='bbox 177 804 328 852; x_wconf 90' lang='lat' dir='ltr'><em>quam</em></span> <span class='ocrx_word' id='word_1_58' title='bbox 366 803 472 836; x_wconf 88' lang='lat' dir='ltr'><em>sese</em></span> <span class='ocrx_word' id='word_1_59' title='bbox 513 788 571 836; x_wconf 92' lang='lat' dir='ltr'><em>de</em></span> <span class='ocrx_word' id='word_1_60' title='bbox 609 788 739 837; x_wconf 85' lang='lat' dir='ltr'><em>tanti</em></span> <span class='ocrx_word' id='word_1_61' title='bbox 774 788 938 838; x_wconf 85' lang='lat' dir='ltr'>herois</span> <span class='ocrx_word' id='word_1_62' title='bbox 977 787 1184 837; x_wconf 87' lang='lat' dir='ltr'><em>adverso</em></span> <span class='ocrx_word' id='word_1_63' title='bbox 1223 789 1423 836; x_wconf 84' lang='lat' dir='ltr'><em>iactare.</em></span> 
     </span>
    </p>
   </div>
   <div class='ocr_carea' id='block_1_8' title="bbox 296 860 1977 923">
    <p class='ocr_par' dir='ltr' id='par_1_8' title="bbox 296 860 1977 923">
     <span class='ocr_line' id='line_1_14' title="bbox 296 860 1977 923; baseline 0.001 -13"><span class='ocrx_word' id='word_1_64' title='bbox 296 863 498 910; x_wconf 82' lang='lat' dir='ltr'><em>Turnus</em></span> <span class='ocrx_word' id='word_1_65' title='bbox 535 866 588 911; x_wconf 89' lang='lat' dir='ltr'><em>ut</em></span> <span class='ocrx_word' id='word_1_66' title='bbox 617 860 823 910; x_wconf 79' lang='lat' dir='ltr'><em>Aenean</em></span> <span class='ocrx_word' id='word_1_67' title='bbox 866 863 1103 911; x_wconf 77' lang='lat' dir='ltr'><em>cedentem</em></span> <span class='ocrx_word' id='word_1_68' title='bbox 1149 877 1205 910; x_wconf 77' lang='lat' dir='ltr'><em>ex</em></span> <span class='ocrx_word' id='word_1_69' title='bbox 1251 863 1444 923; x_wconf 75' lang='lat' dir='ltr'><em>aymine</em></span> <span class='ocrx_word' id='word_1_70' title='bbox 1479 863 1603 911; x_wconf 77' lang='lat' dir='ltr'><em>vidit</em></span> <span class='ocrx_word' id='word_1_71' title='bbox 1638 863 1876 911; x_wconf 71' lang='lat' dir='ltr'><em>turbatos·</em></span> <span class='ocrx_word' id='word_1_72' title='bbox 1893 872 1977 912; x_wconf 83' lang='lat'><em>325</em></span> 
     </span>
    </p>
   </div>
   <div class='ocr_carea' id='block_1_9' title="bbox 170 935 1876 2037">
    <p class='ocr_par' dir='ltr' id='par_1_9' title="bbox 170 935 1876 2037">
     <span class='ocr_line' id='line_1_15' title="bbox 176 935 1876 999; baseline 0 -15"><span class='ocrx_word' id='word_1_73' title='bbox 176 950 266 996; x_wconf 81' lang='lat' dir='ltr'><em>que</em></span> <span class='ocrx_word' id='word_1_74' title='bbox 303 937 476 985; x_wconf 85' lang='lat' dir='ltr'><em>duces:</em></span> <span class='ocrx_word' id='word_1_75' title='bbox 524 936 653 986; x_wconf 85' lang='lat' dir='ltr'><em>vidit</em></span> <span class='ocrx_word' id='word_1_76' title='bbox 689 952 786 984; x_wconf 93' lang='lat' dir='ltr'><em>non</em></span> <span class='ocrx_word' id='word_1_77' title='bbox 828 937 979 985; x_wconf 88' lang='lat' dir='ltr'><em>semel</em></span> <span class='ocrx_word' id='word_1_78' title='bbox 1025 935 1367 999; x_wconf 89' lang='lat' dir='ltr'><em>accipiendum</em></span> <span class='ocrx_word' id='word_1_79' title='bbox 1405 939 1502 998; x_wconf 88' lang='lat' dir='ltr'><em>est,</em></span> <span class='ocrx_word' id='word_1_80' title='bbox 1547 939 1607 985; x_wconf 91' lang='lat' dir='ltr'><em>ut</em></span> <span class='ocrx_word' id='word_1_81' title='bbox 1643 938 1712 986; x_wconf 89' lang='lat' dir='ltr'><em>sit</em></span> <span class='ocrx_word' id='word_1_82' title='bbox 1748 936 1876 985; x_wconf 86' lang='lat' dir='ltr'><em>vidit</em></span> 
     </span>
     <span class='ocr_line' id='line_1_16' title="bbox 174 1010 1874 1073; baseline 0.001 -15"><span class='ocrx_word' id='word_1_83' title='bbox 174 1010 379 1059; x_wconf 79' lang='lat' dir='ltr'><em>Aenean</em></span> <span class='ocrx_word' id='word_1_84' title='bbox 419 1010 694 1072; x_wconf 77' lang='lat' dir='ltr'><em>cedentem,</em></span> <span class='ocrx_word' id='word_1_85' title='bbox 732 1010 862 1060; x_wconf 87' lang='lat' dir='ltr'><em>vidit</em></span> <span class='ocrx_word' id='word_1_86' title='bbox 897 1010 1125 1060; x_wconf 89' lang='lat' dir='ltr'><em>turbatos</em></span> <span class='ocrx_word' id='word_1_87' title='bbox 1165 1011 1326 1059; x_wconf 91' lang='lat' dir='ltr'><em>duces.</em></span> <span class='ocrx_word' id='word_1_88' title='bbox 1393 1011 1724 1073; x_wconf 81' lang='lat' dir='ltr'><em>conpendiosa</em></span> <span class='ocrx_word' id='word_1_89' title='bbox 1762 1028 1874 1060; x_wconf 91' lang='lat' dir='ltr'><em>nar-</em></span> 
     </span>
     <span class='ocr_line' id='line_1_17' title="bbox 173 1084 1876 1150; baseline 0 -17"><span class='ocrx_word' id='word_1_90' title='bbox 173 1085 327 1146; x_wconf 90' lang='lat' dir='ltr'><em>rati0,</em></span> <span class='ocrx_word' id='word_1_91' title='bbox 364 1084 419 1132; x_wconf 93' lang='lat' dir='ltr'><em>in</em></span> <span class='ocrx_word' id='word_1_92' title='bbox 457 1101 560 1148; x_wconf 88' lang='lat' dir='ltr'><em>qua</em></span> <span class='ocrx_word' id='word_1_93' title='bbox 598 1086 749 1134; x_wconf 89' lang='lat' dir='ltr'><em>etiam</em></span> <span class='ocrx_word' id='word_1_94' title='bbox 786 1101 886 1134; x_wconf 92' lang='lat' dir='ltr'><em>non</em></span> <span class='ocrx_word' id='word_1_95' title='bbox 922 1084 1057 1133; x_wconf 91' lang='lat' dir='ltr'><em>dicta</em></span> <span class='ocrx_word' id='word_1_96' title='bbox 1087 1086 1291 1147; x_wconf 76' lang='lat' dir='ltr'><em>possent</em></span> <span class='ocrx_word' id='word_1_97' title='bbox 1319 1084 1567 1150; x_wconf 83' lang='lat' dir='ltr'><em>intellegi3</em></span> <span class='ocrx_word' id='word_1_98' title='bbox 1604 1101 1705 1134; x_wconf 92' lang='lat' dir='ltr'><em>non</em></span> <span class='ocrx_word' id='word_1_99' title='bbox 1744 1085 1876 1133; x_wconf 91' lang='lat' dir='ltr'><em>enim</em></span> 
     </span>
     <span class='ocr_line' id='line_1_18' title="bbox 175 1158 1874 1223; baseline 0.001 -17"><span class='ocrx_word' id='word_1_100' title='bbox 175 1158 439 1222; x_wconf 87' lang='lat' dir='ltr'><em>descripsit</em></span> <span class='ocrx_word' id='word_1_101' title='bbox 468 1160 673 1208; x_wconf 84' lang='lat' dir='ltr'><em>Aenean</em></span> <span class='ocrx_word' id='word_1_102' title='bbox 712 1158 967 1208; x_wconf 77' lang='lat' dir='ltr'><em>cedentem</em></span> <span class='ocrx_word' id='word_1_103' title='bbox 1005 1176 1064 1207; x_wconf 90' lang='lat' dir='ltr'><em>ex</em></span> <span class='ocrx_word' id='word_1_104' title='bbox 1096 1159 1292 1223; x_wconf 83' lang='lat' dir='ltr'><em>agmine</em></span> <span class='ocrx_word' id='word_1_105' title='bbox 1332 1162 1420 1208; x_wconf 90' lang='lat' dir='ltr'><em>aut</em></span> <span class='ocrx_word' id='word_1_106' title='bbox 1451 1159 1598 1208; x_wconf 86' lang='lat' dir='ltr'><em>duces</em></span> <span class='ocrx_word' id='word_1_107' title='bbox 1629 1158 1874 1221; x_wconf 85' lang='lat' dir='ltr'><em>turbatos,</em></span> 
     </span>
     <span class='ocr_line' id='line_1_19' title="bbox 174 1233 1874 1296; baseline 0 -14"><span class='ocrx_word' id='word_1_108' title='bbox 174 1233 261 1282; x_wconf 90' lang='lat' dir='ltr'><em>sed</em></span> <span class='ocrx_word' id='word_1_109' title='bbox 300 1234 445 1296; x_wconf 84' lang='lat' dir='ltr'><em>quasi</em></span> <span class='ocrx_word' id='word_1_110' title='bbox 481 1235 585 1282; x_wconf 91' lang='lat' dir='ltr'><em>iam</em></span> <span class='ocrx_word' id='word_1_111' title='bbox 622 1234 849 1295; x_wconf 87' lang='lat' dir='ltr'><em>dixisset,</em></span> <span class='ocrx_word' id='word_1_112' title='bbox 889 1234 960 1282; x_wconf 90' lang='lat' dir='ltr'><em>sic</em></span> <span class='ocrx_word' id='word_1_113' title='bbox 992 1233 1217 1281; x_wconf 84' lang='lat' dir='ltr'><em>Turnum</em></span> <span class='ocrx_word' id='word_1_114' title='bbox 1255 1233 1478 1282; x_wconf 85' lang='lat' dir='ltr'><em>adseruit</em></span> <span class='ocrx_word' id='word_1_115' title='bbox 1513 1234 1636 1282; x_wconf 91' lang='lat' dir='ltr'><em>haec</em></span> <span class='ocrx_word' id='word_1_116' title='bbox 1674 1234 1874 1283; x_wconf 84' lang='lat' dir='ltr'><em>vidisse.</em></span> 
     </span>
     <span class='ocr_line' id='line_1_20' title="bbox 173 1307 1875 1368; baseline 0.001 -13"><span class='ocrx_word' id='word_1_117' title='bbox 173 1308 336 1356; x_wconf 86' lang='lat' dir='ltr'><em>subita</em></span> <span class='ocrx_word' id='word_1_118' title='bbox 374 1322 459 1368; x_wconf 79' lang='lat' dir='ltr'><em>spe</em></span> <span class='ocrx_word' id='word_1_119' title='bbox 495 1307 717 1367; x_wconf 82' lang='lat' dir='ltr'><em>fervidus</em></span> <span class='ocrx_word' id='word_1_120' title='bbox 755 1308 914 1364; x_wconf 86' lang='lat' dir='ltr'><em>ardet,</em></span> <span class='ocrx_word' id='word_1_121' title='bbox 957 1309 1118 1367; x_wconf 76' lang='lat' dir='ltr'><em>poscit</em></span> <span class='ocrx_word' id='word_1_122' title='bbox 1161 1321 1304 1368; x_wconf 81' lang='lat' dir='ltr'><em>equos</em></span> <span class='ocrx_word' id='word_1_123' title='bbox 1343 1311 1485 1367; x_wconf 78' lang='lat' dir='ltr'><em>atque</em></span> <span class='ocrx_word' id='word_1_124' title='bbox 1523 1323 1667 1356; x_wconf 85' lang='lat' dir='ltr'><em>arma</em></span> <span class='ocrx_word' id='word_1_125' title='bbox 1704 1308 1852 1356; x_wconf 84' lang='lat' dir='ltr'><em>simul</em></span> <span class='ocrx_word' id='word_1_126' title='bbox 1859 1326 1875 1355; x_wconf 95' lang='lat'><em>.·</em></span> 
     </span>
     <span class='ocr_line' id='line_1_21' title="bbox 172 1381 1872 1444; baseline 0 -15"><span class='ocrx_word' id='word_1_127' title='bbox 172 1381 321 1430; x_wconf 84' lang='lat' dir='ltr'><em>huius</em></span> <span class='ocrx_word' id='word_1_128' title='bbox 353 1381 476 1429; x_wconf 92' lang='lat' dir='ltr'><em>mali</em></span> <span class='ocrx_word' id='word_1_129' title='bbox 507 1381 762 1431; x_wconf 82' lang='lat' dir='ltr'><em>occasione</em></span> <span class='ocrx_word' id='word_1_130' title='bbox 788 1382 987 1430; x_wconf 88' lang='lat' dir='ltr'><em>Turnus</em></span> <span class='ocrx_word' id='word_1_131' title='bbox 1021 1384 1220 1444; x_wconf 90' lang='lat' dir='ltr'><em>arrepta</em></span> <span class='ocrx_word' id='word_1_132' title='bbox 1252 1381 1423 1430; x_wconf 89' lang='lat' dir='ltr'><em>ardere</em></span> <span class='ocrx_word' id='word_1_133' title='bbox 1457 1383 1640 1444; x_wconf 92' lang='lat' dir='ltr'><em>coepit,</em></span> <span class='ocrx_word' id='word_1_134' title='bbox 1677 1384 1736 1430; x_wconf 90' lang='lat' dir='ltr'><em>ut</em></span> <span class='ocrx_word' id='word_1_135' title='bbox 1767 1382 1872 1431; x_wconf 84' lang='lat' dir='ltr'><em>vul-</em></span> 
     </span>
     <span class='ocr_line' id='line_1_22' title="bbox 172 1455 1873 1520; baseline 0.001 -17"><span class='ocrx_word' id='word_1_136' title='bbox 172 1459 348 1504; x_wconf 89' lang='lat' dir='ltr'><em>nerato</em></span> <span class='ocrx_word' id='word_1_137' title='bbox 385 1457 641 1505; x_wconf 87' lang='lat' dir='ltr'><em>insisteret</em></span> <span class='ocrx_word' id='word_1_138' title='bbox 679 1457 769 1518; x_wconf 89' lang='lat' dir='ltr'><em>qui</em></span> <span class='ocrx_word' id='word_1_139' title='bbox 806 1456 1039 1520; x_wconf 86' lang='lat' dir='ltr'><em>congredi</em></span> <span class='ocrx_word' id='word_1_140' title='bbox 1078 1458 1193 1505; x_wconf 87' lang='lat' dir='ltr'><em>ante</em></span> <span class='ocrx_word' id='word_1_141' title='bbox 1231 1471 1331 1504; x_wconf 92' lang='lat' dir='ltr'><em>non</em></span> <span class='ocrx_word' id='word_1_142' title='bbox 1370 1455 1598 1505; x_wconf 86' lang='lat' dir='ltr'><em>audebat.</em></span> <span class='ocrx_word' id='word_1_143' title='bbox 1674 1471 1873 1519; x_wconf 89' lang='lat' dir='ltr'><em>poscere</em></span> 
     </span>
     <span class='ocr_line' id='line_1_23' title="bbox 170 1530 1873 1594; baseline 0 -16"><span class='ocrx_word' id='word_1_144' title='bbox 170 1530 329 1594; x_wconf 88' lang='lat' dir='ltr'><em>igitur</em></span> <span class='ocrx_word' id='word_1_145' title='bbox 359 1546 512 1592; x_wconf 91' lang='lat' dir='ltr'><em>equos</em></span> <span class='ocrx_word' id='word_1_146' title='bbox 544 1531 708 1593; x_wconf 89' lang='lat' dir='ltr'><em>coepit</em></span> <span class='ocrx_word' id='word_1_147' title='bbox 738 1532 891 1593; x_wconf 90' lang='lat' dir='ltr'><em>atque</em></span> <span class='ocrx_word' id='word_1_148' title='bbox 922 1545 1061 1578; x_wconf 91' lang='lat' dir='ltr'><em>arma</em></span> <span class='ocrx_word' id='word_1_149' title='bbox 1092 1532 1142 1578; x_wconf 91' lang='lat' dir='ltr'><em>et</em></span> <span class='ocrx_word' id='word_1_150' title='bbox 1173 1530 1507 1578; x_wconf 88' lang='lat' dir='ltr'><em>exultantium</em></span> <span class='ocrx_word' id='word_1_151' title='bbox 1536 1547 1694 1590; x_wconf 92' lang='lat' dir='ltr'><em>more,</em></span> <span class='ocrx_word' id='word_1_152' title='bbox 1728 1532 1873 1594; x_wconf 88' lang='lat' dir='ltr'><em>quasi</em></span> 
     </span>
     <span class='ocr_line' id='line_1_24' title="bbox 172 1604 1872 1668; baseline 0.001 -16"><span class='ocrx_word' id='word_1_153' title='bbox 172 1606 399 1667; x_wconf 82' lang='lat' dir='ltr'><em>superior</em></span> <span class='ocrx_word' id='word_1_154' title='bbox 453 1606 581 1654; x_wconf 91' lang='lat' dir='ltr'><em>esset</em></span> <span class='ocrx_word' id='word_1_155' title='bbox 634 1605 858 1666; x_wconf 80' lang='lat' dir='ltr'><em>effectuS,</em></span> <span class='ocrx_word' id='word_1_156' title='bbox 920 1604 1271 1668; x_wconf 88' lang='lat' dir='ltr'><em>gratulabatur</em></span> <span class='ocrx_word' id='word_1_157' title='bbox 1317 1604 1377 1652; x_wconf 89' lang='lat' dir='ltr'><em>de</em></span> <span class='ocrx_word' id='word_1_158' title='bbox 1430 1605 1587 1654; x_wconf 91' lang='lat' dir='ltr'><em>hostis</em></span> <span class='ocrx_word' id='word_1_159' title='bbox 1642 1604 1872 1654; x_wconf 83' lang='lat' dir='ltr'><em>adverso:</em></span> 
     </span>
     <span class='ocr_line' id='line_1_25' title="bbox 170 1676 1874 1740; baseline 0 -13"><span class='ocrx_word' id='word_1_160' title='bbox 170 1676 423 1740; x_wconf 78' lang='lat' dir='ltr'><em>[saltuque</em></span> <span class='ocrx_word' id='word_1_161' title='bbox 459 1677 727 1740; x_wconf 75' lang='lat' dir='ltr'><em>superbus]</em></span> <span class='ocrx_word' id='word_1_162' title='bbox 765 1679 936 1727; x_wconf 86' lang='lat' dir='ltr'><em>emieat</em></span> <span class='ocrx_word' id='word_1_163' title='bbox 972 1679 1026 1726; x_wconf 91' lang='lat' dir='ltr'><em>in</em></span> <span class='ocrx_word' id='word_1_164' title='bbox 1065 1693 1264 1727; x_wconf 85' lang='lat' dir='ltr'><em>currum</em></span> <span class='ocrx_word' id='word_1_165' title='bbox 1309 1682 1352 1727; x_wconf 89' lang='lat' dir='ltr'><em>et</em></span> <span class='ocrx_word' id='word_1_166' title='bbox 1399 1680 1630 1727; x_wconf 75' lang='lat' dir='ltr'><em>‘manibus</em></span> <span class='ocrx_word' id='word_1_167' title='bbox 1677 1679 1874 1727; x_wconf 75' lang='lat' dir='ltr'><em>molitur</em></span> 
     </span>
     <span class='ocr_line' id='line_1_26' title="bbox 170 1752 1873 1814; baseline 0.001 -13"><span class='ocrx_word' id='word_1_168' title='bbox 170 1753 400 1801; x_wconf 80' lang='lat' dir='ltr'><em>habenas.</em></span> <span class='ocrx_word' id='word_1_169' title='bbox 456 1753 635 1802; x_wconf 91' lang='lat' dir='ltr'><em>emicat</em></span> <span class='ocrx_word' id='word_1_170' title='bbox 671 1753 725 1800; x_wconf 92' lang='lat' dir='ltr'><em>in</em></span> <span class='ocrx_word' id='word_1_171' title='bbox 765 1769 984 1814; x_wconf 89' lang='lat' dir='ltr'><em>currum,</em></span> <span class='ocrx_word' id='word_1_172' title='bbox 1030 1754 1123 1801; x_wconf 91' lang='lat' dir='ltr'><em>hoc</em></span> <span class='ocrx_word' id='word_1_173' title='bbox 1162 1755 1237 1801; x_wconf 88' lang='lat' dir='ltr'><em>est</em></span> <span class='ocrx_word' id='word_1_174' title='bbox 1275 1752 1394 1800; x_wconf 93' lang='lat' dir='ltr'><em>dum</em></span> <span class='ocrx_word' id='word_1_175' title='bbox 1432 1768 1483 1801; x_wconf 91' lang='grc'>36</span> <span class='ocrx_word' id='word_1_176' title='bbox 1521 1754 1699 1814; x_wconf 91' lang='lat' dir='ltr'><em>iactat,</em></span> <span class='ocrx_word' id='word_1_177' title='bbox 1737 1754 1873 1802; x_wconf 87' lang='lat' dir='ltr'><em>tran-</em></span> 
     </span>
     <span class='ocr_line' id='line_1_27' title="bbox 172 1827 1870 1890; baseline 0.001 -15"><span class='ocrx_word' id='word_1_178' title='bbox 172 1827 362 1875; x_wconf 90' lang='lat' dir='ltr'><em>scendit</em></span> <span class='ocrx_word' id='word_1_179' title='bbox 398 1827 452 1874; x_wconf 91' lang='lat' dir='ltr'><em>in</em></span> <span class='ocrx_word' id='word_1_180' title='bbox 491 1843 690 1876; x_wconf 89' lang='lat' dir='ltr'><em>currum</em></span> <span class='ocrx_word' id='word_1_181' title='bbox 727 1827 986 1876; x_wconf 85' lang='lat' dir='ltr'><em>luxurians</em></span> <span class='ocrx_word' id='word_1_182' title='bbox 1027 1830 1076 1876; x_wconf 90' lang='lat' dir='ltr'><em>et</em></span> <span class='ocrx_word' id='word_1_183' title='bbox 1106 1827 1324 1876; x_wconf 89' lang='lat' dir='ltr'><em>habenas</em></span> <span class='ocrx_word' id='word_1_184' title='bbox 1357 1843 1597 1890; x_wconf 89' lang='lat' dir='ltr'><em>equorum</em></span> <span class='ocrx_word' id='word_1_185' title='bbox 1628 1830 1870 1890; x_wconf 91' lang='lat' dir='ltr'><em>tempera-</em></span> 
     </span>
     <span class='ocr_line' id='line_1_28' title="bbox 170 1900 1872 1965; baseline 0.001 -17"><span class='ocrx_word' id='word_1_186' title='bbox 170 1900 260 1949; x_wconf 92' lang='lat' dir='ltr'><em>bat</em></span> <span class='ocrx_word' id='word_1_187' title='bbox 303 1901 533 1950; x_wconf 91' lang='lat' dir='ltr'><em>manibus</em></span> <span class='ocrx_word' id='word_1_188' title='bbox 588 1901 688 1950; x_wconf 91' lang='lat' dir='ltr'><em>suis</em></span> <span class='ocrx_word' id='word_1_189' title='bbox 740 1903 968 1965; x_wconf 90' lang='lat' dir='ltr'><em>suscepto</em></span> <span class='ocrx_word' id='word_1_190' title='bbox 1017 1902 1221 1950; x_wconf 89' lang='lat' dir='ltr'><em>rectoris</em></span> <span class='ocrx_word' id='word_1_191' title='bbox 1272 1901 1449 1950; x_wconf 90' lang='lat' dir='ltr'><em>officio.</em></span> <span class='ocrx_word' id='word_1_192' title='bbox 1509 1902 1666 1950; x_wconf 74' lang='lat' dir='ltr'><em>‘multa</em></span> <span class='ocrx_word' id='word_1_193' title='bbox 1709 1902 1872 1949; x_wconf 80' lang='lat' dir='ltr'><em>virum</em></span> 
     </span>
     <span class='ocr_line' id='line_1_29' title="bbox 170 1975 1872 2037; baseline 0.001 -15"><span class='ocrx_word' id='word_1_194' title='bbox 170 1975 380 2023; x_wconf 81' lang='lat' dir='ltr'><em>volitans</em></span> <span class='ocrx_word' id='word_1_195' title='bbox 422 1975 508 2023; x_wconf 85' lang='lat' dir='ltr'><em>dat</em></span> <span class='ocrx_word' id='word_1_196' title='bbox 542 1976 694 2035; x_wconf 82' lang='lat' dir='ltr'><em>fortia</em></span> <span class='ocrx_word' id='word_1_197' title='bbox 732 1990 937 2037; x_wconf 78' lang='lat' dir='ltr'><em>corpora</em></span> <span class='ocrx_word' id='word_1_198' title='bbox 968 1976 1076 2032; x_wconf 80' lang='lat' dir='ltr'><em>lete,</em></span> <span class='ocrx_word' id='word_1_199' title='bbox 1116 1977 1374 2024; x_wconf 79' lang='lat' dir='ltr'><em>semineces</em></span> <span class='ocrx_word' id='word_1_200' title='bbox 1403 1976 1551 2024; x_wconf 82' lang='lat' dir='ltr'><em>volvit</em></span> <span class='ocrx_word' id='word_1_201' title='bbox 1578 1976 1754 2024; x_wconf 84' lang='lat' dir='ltr'><em>multos</em></span> <span class='ocrx_word' id='word_1_202' title='bbox 1786 1980 1872 2024; x_wconf 88' lang='lat' dir='ltr'><em>aut</em></span> 
     </span>
    </p>
   </div>
   <div class='ocr_carea' id='block_1_10' title="bbox 171 2050 1972 2110">
    <p class='ocr_par' dir='ltr' id='par_1_10' title="bbox 171 2050 1972 2110">
     <span class='ocr_line' id='line_1_30' title="bbox 171 2050 1972 2110; baseline 0 -13"><span class='ocrx_word' id='word_1_203' title='bbox 171 2050 372 2110; x_wconf 78' lang='lat' dir='ltr'><em>aymina</em></span> <span class='ocrx_word' id='word_1_204' title='bbox 410 2064 559 2098; x_wconf 86' lang='lat' dir='ltr'><em>curru</em></span> <span class='ocrx_word' id='word_1_205' title='bbox 583 2051 788 2110; x_wconf 73' lang='lat' dir='ltr'><em>proterit</em></span> <span class='ocrx_word' id='word_1_206' title='bbox 825 2053 912 2098; x_wconf 85' lang='lat' dir='ltr'><em>aut</em></span> <span class='ocrx_word' id='word_1_207' title='bbox 944 2053 1116 2110; x_wconf 65' lang='lat' dir='ltr'><em>raptas</em></span> <span class='ocrx_word' id='word_1_208' title='bbox 1146 2050 1444 2110; x_wconf 73' lang='lat' dir='ltr'><em>fuyientibus</em></span> <span class='ocrx_word' id='word_1_209' title='bbox 1473 2051 1650 2110; x_wconf 74' lang='lat' dir='ltr'><em>inyerit</em></span> <span class='ocrx_word' id='word_1_210' title='bbox 1678 2051 1871 2098; x_wconf 78' lang='lat' dir='ltr'><em>hastas:</em></span> <span class='ocrx_word' id='word_1_211' title='bbox 1887 2057 1972 2097; x_wconf 84' lang='lat'><em>330</em></span> 
     </span>
    </p>
   </div>
   <div class='ocr_carea' id='block_1_11' title="bbox 167 2123 1869 2633">
    <p class='ocr_par' dir='ltr' id='par_1_11' title="bbox 167 2123 1869 2633">
     <span class='ocr_line' id='line_1_31' title="bbox 171 2123 1867 2186; baseline 0.001 -15"><span class='ocrx_word' id='word_1_212' title='bbox 171 2124 438 2172; x_wconf 89' lang='lat' dir='ltr'><em>aestimans</em></span> <span class='ocrx_word' id='word_1_213' title='bbox 470 2123 669 2172; x_wconf 89' lang='lat' dir='ltr'><em>Turnus</em></span> <span class='ocrx_word' id='word_1_214' title='bbox 700 2124 842 2172; x_wconf 87' lang='lat' dir='ltr'><em>letali</em></span> <span class='ocrx_word' id='word_1_215' title='bbox 872 2125 1076 2173; x_wconf 85' lang='lat' dir='ltr'><em>vulnere</em></span> <span class='ocrx_word' id='word_1_216' title='bbox 1100 2123 1303 2172; x_wconf 89' lang='lat' dir='ltr'><em>Aenean</em></span> <span class='ocrx_word' id='word_1_217' title='bbox 1335 2139 1439 2173; x_wconf 88' lang='lat' dir='ltr'><em>esse</em></span> <span class='ocrx_word' id='word_1_218' title='bbox 1470 2139 1757 2186; x_wconf 90' lang='lat' dir='ltr'><em>percussum</em></span> <span class='ocrx_word' id='word_1_219' title='bbox 1794 2125 1867 2172; x_wconf 94' lang='lat' dir='ltr'><em>in-</em></span> 
     </span>
     <span class='ocr_line' id='line_1_32' title="bbox 170 2197 1869 2260; baseline 0 -15"><span class='ocrx_word' id='word_1_220' title='bbox 170 2198 309 2260; x_wconf 92' lang='lat' dir='ltr'><em>genti</em></span> <span class='ocrx_word' id='word_1_221' title='bbox 347 2197 544 2246; x_wconf 89' lang='lat' dir='ltr'><em>laetitia</em></span> <span class='ocrx_word' id='word_1_222' title='bbox 582 2197 856 2258; x_wconf 86' lang='lat' dir='ltr'><em>ferebatur,</em></span> <span class='ocrx_word' id='word_1_223' title='bbox 903 2213 1062 2260; x_wconf 90' lang='lat' dir='ltr'><em>usque</em></span> <span class='ocrx_word' id='word_1_224' title='bbox 1101 2197 1224 2246; x_wconf 90' lang='lat' dir='ltr'><em>adeo</em></span> <span class='ocrx_word' id='word_1_225' title='bbox 1263 2200 1322 2246; x_wconf 91' lang='lat' dir='ltr'><em>ut</em></span> <span class='ocrx_word' id='word_1_226' title='bbox 1358 2199 1412 2246; x_wconf 92' lang='lat' dir='ltr'><em>in</em></span> <span class='ocrx_word' id='word_1_227' title='bbox 1451 2198 1662 2247; x_wconf 88' lang='lat' dir='ltr'><em>aliorum</em></span> <span class='ocrx_word' id='word_1_228' title='bbox 1700 2214 1869 2246; x_wconf 91' lang='lat' dir='ltr'><em>necem</em></span> 
     </span>
     <span class='ocr_line' id='line_1_33' title="bbox 169 2272 1868 2334; baseline 0.001 -15"><span class='ocrx_word' id='word_1_229' title='bbox 169 2272 269 2320; x_wconf 89' lang='lat' dir='ltr'><em>iam</em></span> <span class='ocrx_word' id='word_1_230' title='bbox 307 2272 404 2319; x_wconf 84' lang='lat' dir='ltr'><em>iret</em></span> <span class='ocrx_word' id='word_1_231' title='bbox 442 2273 586 2334; x_wconf 92' lang='lat' dir='ltr'><em>quasi</em></span> <span class='ocrx_word' id='word_1_232' title='bbox 617 2273 676 2320; x_wconf 90' lang='lat' dir='ltr'><em>de</em></span> <span class='ocrx_word' id='word_1_233' title='bbox 716 2273 939 2320; x_wconf 90' lang='lat' dir='ltr'><em>confecto</em></span> <span class='ocrx_word' id='word_1_234' title='bbox 970 2273 1164 2334; x_wconf 87' lang='lat' dir='ltr'><em>potiore</em></span> <span class='ocrx_word' id='word_1_235' title='bbox 1196 2287 1417 2321; x_wconf 86' lang='lat' dir='ltr'><em>securus:</em></span> <span class='ocrx_word' id='word_1_236' title='bbox 1455 2273 1642 2321; x_wconf 92' lang='lat' dir='ltr'><em>multos</em></span> <span class='ocrx_word' id='word_1_237' title='bbox 1678 2273 1868 2321; x_wconf 87' lang='lat' dir='ltr'><em>interea</em></span> 
     </span>
     <span class='ocr_line' id='line_1_34' title="bbox 168 2345 1868 2409; baseline 0 -15"><span class='ocrx_word' id='word_1_238' title='bbox 168 2346 312 2395; x_wconf 74' lang='lat' dir='ltr'><em>fortis</em></span> <span class='ocrx_word' id='word_1_239' title='bbox 344 2345 478 2394; x_wconf 89' lang='lat' dir='ltr'><em>viros</em></span> <span class='ocrx_word' id='word_1_240' title='bbox 510 2348 777 2408; x_wconf 86' lang='lat' dir='ltr'><em>straverat,</em></span> <span class='ocrx_word' id='word_1_241' title='bbox 808 2346 994 2395; x_wconf 91' lang='lat' dir='ltr'><em>multos</em></span> <span class='ocrx_word' id='word_1_242' title='bbox 1027 2346 1312 2395; x_wconf 83' lang='lat' dir='ltr'><em>dimittebat</em></span> <span class='ocrx_word' id='word_1_243' title='bbox 1338 2347 1620 2408; x_wconf 88' lang='lat' dir='ltr'><em>semineces,</em></span> <span class='ocrx_word' id='word_1_244' title='bbox 1651 2348 1868 2409; x_wconf 91' lang='lat' dir='ltr'><em>protere-</em></span> 
     </span>
     <span class='ocr_line' id='line_1_35' title="bbox 167 2419 1865 2484; baseline 0.001 -17"><span class='ocrx_word' id='word_1_245' title='bbox 167 2420 258 2468; x_wconf 88' lang='lat' dir='ltr'><em>bat</em></span> <span class='ocrx_word' id='word_1_246' title='bbox 296 2420 421 2468; x_wconf 92' lang='lat' dir='ltr'><em>alios</em></span> <span class='ocrx_word' id='word_1_247' title='bbox 461 2435 630 2481; x_wconf 90' lang='lat' dir='ltr'><em>curru,</em></span> <span class='ocrx_word' id='word_1_248' title='bbox 682 2437 921 2483; x_wconf 91' lang='lat' dir='ltr'><em>equorum</em></span> <span class='ocrx_word' id='word_1_249' title='bbox 967 2420 1157 2469; x_wconf 85' lang='lat' dir='ltr'><em>scilicet</em></span> <span class='ocrx_word' id='word_1_250' title='bbox 1194 2420 1403 2484; x_wconf 90' lang='lat' dir='ltr'><em>pedibus</em></span> <span class='ocrx_word' id='word_1_251' title='bbox 1443 2423 1494 2468; x_wconf 93' lang='lat' dir='ltr'><em>et</em></span> <span class='ocrx_word' id='word_1_252' title='bbox 1531 2422 1753 2469; x_wconf 90' lang='lat' dir='ltr'><em>rotarum</em></span> <span class='ocrx_word' id='word_1_253' title='bbox 1792 2419 1865 2468; x_wconf 92' lang='lat' dir='ltr'><em>in-</em></span> 
     </span>
     <span class='ocr_line' id='line_1_36' title="bbox 167 2494 1864 2559; baseline 0.001 -18"><span class='ocrx_word' id='word_1_254' title='bbox 167 2495 338 2556; x_wconf 92' lang='lat' dir='ltr'><em>pulsu,</em></span> <span class='ocrx_word' id='word_1_255' title='bbox 378 2495 653 2556; x_wconf 89' lang='lat' dir='ltr'><em>nonnullis,</em></span> <span class='ocrx_word' id='word_1_256' title='bbox 694 2511 803 2542; x_wconf 92' lang='lat' dir='ltr'><em>cum</em></span> <span class='ocrx_word' id='word_1_257' title='bbox 836 2494 1084 2558; x_wconf 81' lang='lat' dir='ltr'><em>fugerent,</em></span> <span class='ocrx_word' id='word_1_258' title='bbox 1123 2495 1294 2544; x_wconf 91' lang='lat' dir='ltr'><em>hastas</em></span> <span class='ocrx_word' id='word_1_259' title='bbox 1332 2495 1613 2559; x_wconf 87' lang='lat' dir='ltr'><em>ingerebat:</em></span> <span class='ocrx_word' id='word_1_260' title='bbox 1655 2510 1718 2542; x_wconf 95' lang='lat' dir='ltr'><em>an</em></span> <span class='ocrx_word' id='word_1_261' title='bbox 1750 2509 1864 2542; x_wconf 88' lang='lat' dir='ltr'><em>suas</em></span> 
     </span>
     <span class='ocr_line' id='line_1_37' title="bbox 167 2568 1867 2633; baseline -0.001 -17"><span class='ocrx_word' id='word_1_262' title='bbox 167 2570 339 2631; x_wconf 89' lang='lat' dir='ltr'><em>raptas</em></span> <span class='ocrx_word' id='word_1_263' title='bbox 371 2568 540 2616; x_wconf 87' lang='lat' dir='ltr'><em>hastas</em></span> <span class='ocrx_word' id='word_1_264' title='bbox 569 2569 831 2633; x_wconf 89' lang='lat' dir='ltr'><em>ingesserit</em></span> <span class='ocrx_word' id='word_1_265' title='bbox 860 2568 1109 2631; x_wconf 88' lang='lat' dir='ltr'><em>hostibus,</em></span> <span class='ocrx_word' id='word_1_266' title='bbox 1149 2586 1213 2618; x_wconf 93' lang='lat' dir='ltr'><em>an</em></span> <span class='ocrx_word' id='word_1_267' title='bbox 1245 2569 1469 2618; x_wconf 89' lang='lat' dir='ltr'><em>hostibus</em></span> <span class='ocrx_word' id='word_1_268' title='bbox 1506 2571 1676 2632; x_wconf 86' lang='lat' dir='ltr'><em>raptas</em></span> <span class='ocrx_word' id='word_1_269' title='bbox 1708 2568 1761 2615; x_wconf 93' lang='lat' dir='ltr'><em>id</em></span> <span class='ocrx_word' id='word_1_270' title='bbox 1792 2571 1867 2617; x_wconf 89' lang='lat' dir='ltr'><em>est</em></span> 
     </span>
    </p>
   </div>
   <div class='ocr_carea' id='block_1_12' title="bbox 173 2660 528 2670">
    <p class='ocr_par' dir='ltr' id='par_1_12' title="bbox 173 2660 528 2670">
     <span class='ocr_line' id='line_1_38' title="bbox 173 2660 528 2670; baseline 0 0"><span class='ocrx_word' id='word_1_271' title='bbox 173 2660 528 2670; x_wconf 95' lang='lat' dir='ltr'><em> </em></span> 
     </span>
    </p>
   </div>
   <div class='ocr_carea' id='block_1_13' title="bbox 166 2723 1864 3065">
    <p class='ocr_par' dir='ltr' id='par_1_13' title="bbox 166 2723 1864 3065">
     <span class='ocr_line' id='line_1_39' title="bbox 287 2723 1862 2778; baseline -0.001 -10"><span class='ocrx_word' id='word_1_272' title='bbox 287 2729 311 2767; x_wconf 85' lang='lat'>2</span> <span class='ocrx_word' id='word_1_273' title='bbox 345 2724 537 2778; x_wconf 81' lang='lat' dir='ltr'><em>forsana</em></span> <span class='ocrx_word' id='word_1_274' title='bbox 560 2723 615 2768; x_wconf 92' lang='lat' dir='ltr'><em>V.</em></span> <span class='ocrx_word' id='word_1_275' title='bbox 708 2729 733 2767; x_wconf 87' lang='lat'><strong>3</strong></span> <span class='ocrx_word' id='word_1_276' title='bbox 766 2725 1003 2770; x_wconf 85' lang='lat' dir='ltr'><em>interierat</em></span> <span class='ocrx_word' id='word_1_277' title='bbox 1025 2724 1067 2768; x_wconf 92' lang='lat' dir='ltr'><strong>V</strong></span> <span class='ocrx_word' id='word_1_278' title='bbox 1097 2726 1315 2770; x_wconf 80' lang='lat' dir='ltr'><em>intererat</em></span> <span class='ocrx_word' id='word_1_279' title='bbox 1350 2724 1438 2768; x_wconf 90' lang='lat' dir='ltr'><em>edI</em></span> <span class='ocrx_word' id='word_1_280' title='bbox 1468 2726 1585 2768; x_wconf 82' lang='lat' dir='ltr'><em>ictus</em></span> <span class='ocrx_word' id='word_1_281' title='bbox 1616 2730 1714 2768; x_wconf 86' lang='lat' dir='ltr'><em>erat</em></span> <span class='ocrx_word' id='word_1_282' title='bbox 1744 2724 1862 2767; x_wconf 85' lang='lat' dir='ltr'><em>edF.</em></span> 
     </span>
     <span class='ocr_line' id='line_1_40' title="bbox 169 2783 1861 2840; baseline 0 -14"><span class='ocrx_word' id='word_1_283' title='bbox 169 2787 221 2826; x_wconf 91' lang='lat'><em>11</em></span> <span class='ocrx_word' id='word_1_284' title='bbox 252 2789 445 2840; x_wconf 80' lang='lat' dir='ltr'><em>possunt</em></span> <span class='ocrx_word' id='word_1_285' title='bbox 475 2783 547 2828; x_wconf 90' lang='lat' dir='ltr'><em>ed.</em></span> <span class='ocrx_word' id='word_1_286' title='bbox 671 2788 725 2827; x_wconf 83' lang='lat'><em>14</em></span> <span class='ocrx_word' id='word_1_287' title='bbox 756 2784 931 2828; x_wconf 87' lang='lat' dir='ltr'><em>subitas</em></span> <span class='ocrx_word' id='word_1_288' title='bbox 955 2785 1245 2840; x_wconf 79' lang='lat' dir='ltr'><em>perfervidus</em></span> <span class='ocrx_word' id='word_1_289' title='bbox 1268 2784 1322 2827; x_wconf 92' lang='lat' dir='ltr'><em>V.</em></span> <span class='ocrx_word' id='word_1_290' title='bbox 1449 2788 1502 2827; x_wconf 87' lang='lat'><em>15</em></span> <span class='ocrx_word' id='word_1_291' title='bbox 1534 2784 1658 2827; x_wconf 83' lang='lat' dir='ltr'><em>mala</em></span> <span class='ocrx_word' id='word_1_292' title='bbox 1683 2783 1724 2826; x_wconf 95' lang='lat' dir='ltr'><strong>V</strong></span> <span class='ocrx_word' id='word_1_293' title='bbox 1749 2796 1861 2827; x_wconf 87' lang='lat' dir='ltr'><em>corr.</em></span> 
     </span>
     <span class='ocr_line' id='line_1_41' title="bbox 168 2841 1864 2898; baseline -0.001 -12"><span class='ocrx_word' id='word_1_294' title='bbox 168 2842 239 2886; x_wconf 90' lang='lat' dir='ltr'><em>ed.</em></span> <span class='ocrx_word' id='word_1_295' title='bbox 343 2843 503 2887; x_wconf 86' lang='lat' dir='ltr'><em>ardere</em></span> <span class='ocrx_word' id='word_1_296' title='bbox 526 2841 567 2884; x_wconf 92' lang='lat' dir='ltr'><strong>V</strong></span> <span class='ocrx_word' id='word_1_297' title='bbox 592 2842 679 2885; x_wconf 88' lang='lat' dir='ltr'><em>edI</em></span> <span class='ocrx_word' id='word_1_298' title='bbox 711 2843 879 2887; x_wconf 85' lang='lat' dir='ltr'><em>audere</em></span> <span class='ocrx_word' id='word_1_299' title='bbox 910 2842 1026 2887; x_wconf 86' lang='lat' dir='ltr'><em>edF.</em></span> <span class='ocrx_word' id='word_1_300' title='bbox 1158 2848 1212 2886; x_wconf 87' lang='lat'><em>19</em></span> <span class='ocrx_word' id='word_1_301' title='bbox 1244 2843 1453 2898; x_wconf 77' lang='lat' dir='ltr'><em>saltuque</em></span> <span class='ocrx_word' id='word_1_302' title='bbox 1483 2843 1702 2898; x_wconf 77' lang='lat' dir='ltr'><em>superbus</em></span> <span class='ocrx_word' id='word_1_303' title='bbox 1733 2842 1864 2886; x_wconf 81' lang='lat' dir='ltr'><em>deest</em></span> 
     </span>
     <span class='ocr_line' id='line_1_42' title="bbox 167 2900 1863 2958; baseline 0 -14"><span class='ocrx_word' id='word_1_304' title='bbox 167 2901 217 2944; x_wconf 90' lang='lat' dir='ltr'><em>in</em></span> <span class='ocrx_word' id='word_1_305' title='bbox 292 2937 303 2956; x_wconf 90' lang='lat'><em>,</em></span> <span class='ocrx_word' id='word_1_306' title='bbox 343 2902 425 2945; x_wconf 89' lang='lat' dir='ltr'><em>sed</em></span> <span class='ocrx_word' id='word_1_307' title='bbox 457 2900 609 2945; x_wconf 86' lang='lat' dir='ltr'><em>verbis</em></span> <span class='ocrx_word' id='word_1_308' title='bbox 642 2906 684 2946; x_wconf 89' lang='lat' dir='ltr'><em>et</em></span> <span class='ocrx_word' id='word_1_309' title='bbox 714 2903 1018 2947; x_wconf 78' lang='lat' dir='ltr'><em>exultantium</em></span> <span class='ocrx_word' id='word_1_310' title='bbox 1050 2904 1136 2946; x_wconf 89' lang='lat' dir='ltr'><em>etc.</em></span> <span class='ocrx_word' id='word_1_311' title='bbox 1170 2902 1449 2958; x_wconf 83' lang='lat' dir='ltr'><em>explicatur:</em></span> <span class='ocrx_word' id='word_1_312' title='bbox 1492 2901 1720 2957; x_wconf 85' lang='lat' dir='ltr'><em>superiori</em></span> <span class='ocrx_word' id='word_1_313' title='bbox 1751 2901 1863 2945; x_wconf 91' lang='lat' dir='ltr'><em>lem-</em></span> 
     </span>
     <span class='ocr_line' id='line_1_43' title="bbox 166 2960 1863 3018; baseline 0.001 -14"><span class='ocrx_word' id='word_1_314' title='bbox 166 2961 283 3004; x_wconf 86' lang='lat' dir='ltr'><em>mati</em></span> <span class='ocrx_word' id='word_1_315' title='bbox 315 2961 474 3017; x_wconf 91' lang='lat' dir='ltr'><em>inepte</em></span> <span class='ocrx_word' id='word_1_316' title='bbox 506 2961 614 3004; x_wconf 82' lang='lat' dir='ltr'><em>add.</em></span> <span class='ocrx_word' id='word_1_317' title='bbox 640 2960 711 3004; x_wconf 91' lang='lat' dir='ltr'><em>ed.</em></span> <span class='ocrx_word' id='word_1_318' title='bbox 833 2965 889 3005; x_wconf 78' lang='lat'><em>24</em></span> <span class='ocrx_word' id='word_1_319' title='bbox 919 2975 1007 3017; x_wconf 82' lang='lat' dir='ltr'><em>rap</em></span> <span class='ocrx_word' id='word_1_320' title='bbox 1037 2975 1121 3017; x_wconf 89' lang='lat' dir='ltr'><em>pro</em></span> <span class='ocrx_word' id='word_1_321' title='bbox 1153 2967 1314 3018; x_wconf 80' lang='lat' dir='ltr'><em>raptas</em></span> <span class='ocrx_word' id='word_1_322' title='bbox 1340 2961 1392 3004; x_wconf 92' lang='lat' dir='ltr'><em>V.</em></span> <span class='ocrx_word' id='word_1_323' title='bbox 1509 2965 1564 3005; x_wconf 82' lang='lat'><em>25</em></span> <span class='ocrx_word' id='word_1_324' title='bbox 1598 2962 1863 3005; x_wconf 78' lang='lat' dir='ltr'><em>existimans</em></span> 
     </span>
     <span class='ocr_line' id='line_1_44' title="bbox 169 3019 1216 3065; baseline 0.001 -3"><span class='ocrx_word' id='word_1_325' title='bbox 169 3019 240 3063; x_wconf 89' lang='lat' dir='ltr'><em>ed.</em></span> <span class='ocrx_word' id='word_1_326' title='bbox 365 3024 419 3063; x_wconf 86' lang='lat'><em>31</em></span> <span class='ocrx_word' id='word_1_327' title='bbox 452 3021 504 3064; x_wconf 90' lang='lat' dir='ltr'><em>in</em></span> <span class='ocrx_word' id='word_1_328' title='bbox 533 3021 733 3065; x_wconf 82' lang='lat' dir='ltr'><em>hostibus</em></span> <span class='ocrx_word' id='word_1_329' title='bbox 756 3019 798 3064; x_wconf 94' lang='lat' dir='ltr'><strong>V</strong></span> <span class='ocrx_word' id='word_1_330' title='bbox 830 3035 892 3065; x_wconf 90' lang='lat' dir='ltr'><em>an</em></span> <span class='ocrx_word' id='word_1_331' title='bbox 922 3021 964 3065; x_wconf 77' lang='lat' dir='ltr'><em>h.</em></span> <span class='ocrx_word' id='word_1_332' title='bbox 998 3034 1110 3065; x_wconf 89' lang='lat' dir='ltr'><em>corr.</em></span> <span class='ocrx_word' id='word_1_333' title='bbox 1147 3021 1216 3064; x_wconf 92' lang='lat' dir='ltr'><em>ed.</em></span> 
     </span>
    </p>
   </div>
  </div>
 </body>
</html>
