2050 3226
241 177 348 231 576
714 175 947 220 DONATI
976 174 1459 221 1NTERPR.VERG.

241 316 500 364 exacturus
540 314 638 364 fuit
675 315 734 362 de
766 317 906 378 parte
939 313 1133 363 diversa
1164 329 1304 362 suam
1335 314 1471 377 prior
1506 315 1677 364 debuit
1706 331 1928 364 suorum-

240 406 336 451 que
374 390 560 438 vincire
605 404 880 451 personam.
956 389 1009 435 in
1056 403 1111 436 eo
1157 390 1324 436 tamen
1371 391 1422 436 et
1466 391 1567 439 suis
1613 389 1842 453 providet
1879 393 1930 438 et

237 463 340 512 filio
380 479 492 525 suo,
530 479 591 511 ne
629 465 743 525 post
773 463 1036 510 adversum
1067 461 1275 510 forsitan
1308 464 1590 512 certaminis
1622 464 1807 512 exitum
1840 464 1928 512 ali-

239 538 362 600 quid
399 538 498 600 ipsi
535 553 734 599 quoque
772 537 1062 600 paterentur
1100 535 1308 585 adversi.
1370 537 1432 598 si,
1470 538 1659 600 inquit,
1705 539 1929 586 Turnum

238 614 407 660 secuta
445 612 745 674 prosperitas
784 610 954 669 fuerit,
1001 610 1206 658 redeant
1243 610 1459 660 Arcades
1499 612 1561 660 ad
1599 627 1710 675 sua,
1758 611 1930 660 redeat

236 685 368 734 filius
418 700 555 733 meus
605 685 747 733 istius
798 684 978 732 finibus
1024 686 1185 733 terrae
1232 701 1391 747 neque
1436 701 1675 748 umquam
1722 686 1928 735 Troiani

158 778 162 781 -
235 760 341 807 ullo
391 759 545 808 Italos
598 761 869 821 provocent
921 758 1067 806 bello.
1128 760 1208 807 sin
1252 762 1472 806 nostrum
1517 760 1746 808 adnuerit
1788 761 1928 808 nobis

235 835 437 881 victoria
459 834 699 889 Martem,
731 835 787 879 ut
807 833 975 892 potius
1003 847 1113 880 reor
1143 836 1186 880 et
1208 833 1374 892 potius
1401 833 1471 880 dii
1499 835 1699 882 numine
1719 835 1926 894 firment,

135 916 218 956 190
234 922 334 955 non
372 921 452 968 690
491 922 577 955 nec
606 907 817 954 Teucris
853 906 1010 954 Italos
1048 921 1227 966 parere
1271 907 1440 955 iubebo
1485 921 1571 956 nec
1613 908 1734 956 mihi
1776 923 1929 969 reyna

227 985 362 1042 peto:
401 982 612 1041 paribus
649 995 700 1028 se
739 981 921 1041 leyibus
968 983 1139 1029 ambae
1183 981 1391 1028 invictae
1432 985 1594 1042 gentes
1639 985 1837 1030 aeterna
1873 982 1929 1029 in

232 1055 430 1114 foedera
471 1056 674 1111 mittent,
722 1069 869 1103 saera
913 1055 1117 1114 deosque
1155 1055 1305 1103 dabo:
1340 1058 1487 1114 pater
1533 1070 1676 1104 arma
1713 1056 1928 1104 Latinus

232 1130 421 1186 habeto,
461 1130 721 1189 imperium
758 1129 984 1177 sollemne
1021 1143 1178 1177 socer:
1219 1129 1340 1176 mihi
1375 1130 1569 1178 moenia
1607 1130 1782 1177 Teucri
1821 1144 1929 1178 eon-

233 1204 429 1251 stituent
463 1204 667 1264 urbique
705 1203 842 1251 dabit
877 1203 1098 1251 Lavinia
1136 1217 1334 1251 nomen:
1385 1203 1522 1251 dedit
1571 1204 1930 1253 observandam

233 1279 393 1341 legem
415 1277 551 1340 parti
575 1277 798 1325 diversae
823 1278 874 1325 et
904 1292 955 1325 se
982 1277 1084 1325 alia
1114 1292 1330 1339 suosque
1362 1278 1669 1326 constrinxit.
1725 1277 1768 1326 si
1797 1293 1928 1339 vero,

234 1351 327 1413 ait,
357 1368 435 1399 me
467 1352 705 1401 victorem
736 1351 1018 1400 certaminis
1051 1353 1210 1400 exitus
1242 1352 1436 1411 fecerit,
1469 1351 1604 1414 quod
1630 1352 1790 1416 magis
1813 1352 1928 1401 volo

234 1428 284 1474 et
315 1426 460 1487 cupio
491 1426 751 1488 provenire
783 1428 930 1488 atque
959 1441 988 1474 a
1011 1425 1295 1474 numinibus
1320 1441 1492 1488 posco,
1523 1426 1679 1474 nolim
1711 1427 1930 1476 serviant

235 1499 462 1548 Troianis
493 1500 613 1548 Itali
643 1516 733 1548 nec
763 1499 907 1549 Italis
937 1500 1162 1560 Troiani,
1194 1499 1296 1548 sint
1325 1515 1492 1561 pares,
1524 1499 1625 1548 sint
1655 1500 1928 1560 unanimes,

234 1575 336 1622 sint
365 1590 467 1621 11113
500 1590 555 1622 30
586 1576 829 1636 perpetua
860 1575 1094 1622 societate
1120 1574 1397 1622 concordes.
1451 1589 1540 1622 nec
1570 1574 1694 1622 mihi
1721 1589 1929 1637 regnum

233 1647 495 1697 vindicabo
536 1649 670 1711 quod
709 1651 784 1696 est
821 1649 998 1697 soceri:
1041 1649 1134 1696 hoc
1173 1648 1335 1696 solum
1372 1647 1515 1696 Italis
1553 1647 1791 1710 inponam
1829 1663 1927 1710 quo

233 1724 482 1770 laetentur
528 1726 578 1770 et
617 1725 859 1784 crescant,
907 1721 1034 1770 dabo
1074 1722 1210 1783 deos,
1263 1722 1390 1770 dabo
1430 1737 1584 1770 sacra.
1663 1721 1785 1784 quid
1821 1723 1927 1769 tam

232 1795 529 1845 honestum?
586 1796 705 1858 quid
754 1799 860 1845 tam
906 1796 1216 1844 commodum
1263 1811 1413 1858 quam
1459 1795 1574 1844 deos
1628 1811 1827 1844 noscere
1879 1798 1929 1844 et

233 1870 420 1919 discere
444 1869 847 1919 venerationem?
902 1870 1063 1918 adhuc
1095 1871 1154 1917 de
1186 1869 1441 1918 commodo
1474 1885 1565 1918 suo
1598 1871 1649 1918 et
1679 1869 1738 1917 de
1762 1870 1928 1917 fructu

233 1944 470 1992 victoriae
501 1945 626 1991 nihil
658 1945 784 1993 dixit
810 1946 972 1992 totum
1001 1946 1130 2008 regi,
1161 1946 1327 1991 totum
1351 1943 1541 1992 civibus
1566 1959 1782 1992 servans.
1835 1944 1928 1992 hoc

233 2020 292 2065 ut
342 2018 572 2065 credibile
611 2019 772 2081 fieret,
817 2019 956 2068 venit
1002 2018 1064 2066 ad
1111 2018 1268 2081 partis
1316 2033 1446 2066 suas.
1524 2018 1703 2079 solam,
1747 2017 1928 2080 inquit,

233 2093 452 2154 palmam
492 2093 702 2156 gloriam
741 2108 942 2155 quaero.
1019 2094 1235 2140 ceterum
1281 2091 1596 2140 manentibus
1644 2093 1834 2140 cunctis
1873 2092 1926 2139 in

234 2181 322 2214 suo
363 2168 501 2214 statu
538 2167 635 2213 mei
673 2168 795 2214 mihi
834 2167 1087 2216 civitatem
1127 2165 1360 2227 condent,
1398 2181 1497 2213 non
1527 2166 1728 2214 trudam
1759 2182 1925 2227 quem-

236 2256 385 2302 quam
425 2239 620 2288 sedibus
662 2241 763 2288 suis
802 2257 889 2289 nec
930 2240 1082 2289 alieni
1116 2240 1240 2288 iuris
1272 2240 1410 2288 sedes
1439 2239 1695 2288 invadam:
1735 2239 1926 2288 civitati

234 2315 333 2376 ipsi
363 2330 542 2363 nomen
566 2313 777 2362 Lavinia
809 2314 961 2362 dabit.
1011 2315 1176 2363 nullus
1209 2330 1287 2362 me
1317 2313 1556 2363 victorem
1588 2314 1783 2373 sentiet,
1814 2328 1925 2360 cum

235 2390 394 2436 omnis
433 2387 556 2435 mihi
595 2389 662 2436 sit
699 2403 848 2436 causa
887 2405 1000 2436 cum
1039 2389 1221 2436 Turno.
1284 2403 1435 2450 quam
1473 2388 1684 2436 libenter
1722 2386 1923 2435 auditus

236 2465 333 2522 est,
372 2479 483 2510 cum
521 2478 621 2510 non
658 2464 854 2510 tantum
893 2462 946 2509 in
978 2477 1058 2510 eos
1090 2478 1189 2510 non
1221 2478 1272 2511 se
1304 2477 1534 2524 asperum
1565 2462 1788 2509 futurum
1818 2460 1923 2522 pol-

355 2637 380 2674 5
411 2633 565 2677 ‘redeat
587 2632 630 2676 V
661 2633 790 2677 cedat
821 2632 891 2676 ed.
1023 2637 1046 2674 7
1079 2634 1121 2676 si
1150 2647 1233 2688 pro
1265 2634 1340 2677 sin
1369 2632 1423 2676 V.
1553 2635 1580 2676 8
1617 2632 1811 2675 numina
1849 2630 1920 2673 ed.

238 2696 292 2734 10
323 2706 368 2736 se
392 2691 434 2735 V
465 2693 543 2736 sed
574 2692 646 2736 ed.
740 2697 791 2734 11
824 2692 1002 2735 mittent
1023 2691 1064 2734 V
1089 2692 1159 2735 ed.
1192 2693 1377 2736 mittant
1407 2691 1574 2747 optimi
1597 2689 1734 2746 Verg.
1759 2688 1879 2732 libri.
1914 2691 1917 2745 j

227 2756 364 2806 pater
387 2750 429 2794 V
459 2765 581 2795 socer
612 2751 683 2795 ed.
709 2753 756 2794 et
781 2764 938 2794 omnes
960 2750 1098 2806 Verg.
1125 2750 1256 2805 libri,
1282 2751 1363 2794 sed
1384 2756 1515 2806 pater
1537 2748 1920 2804 interpretatione

235 2810 459 2854 firmatur.
555 2815 608 2853 13
640 2811 804 2865 ubique
827 2809 881 2853 V.
970 2814 1024 2852 14
1055 2810 1269 2854 adversae
1301 2810 1370 2853 ed.
1462 2814 1515 2853 16
1540 2823 1570 2852 a
1591 2807 1856 2851 numinibus
1879 2806 1921 2848 V

235 2870 429 2913 numina
467 2869 538 2912 ed.
663 2874 715 2912 17
755 2871 849 2913 sint
879 2868 919 2911 V
958 2868 1035 2912 sed
1072 2883 1106 2912 s.
1147 2869 1217 2911 ed.
1341 2872 1397 2911 20
1436 2882 1550 2924 ayra
1587 2879 1671 2922 pro
1709 2879 1842 2910 sacra
1865 2865 1919 2909 V.

239 2933 291 2970 23
324 2929 516 2972 victoria
539 2928 581 2971 V
607 2942 719 2972 corr.
746 2928 817 2972 ed.
929 2931 983 2970 25
1016 2927 1207 2983 ylom'am
1230 2927 1272 2970 V
1304 2932 1344 2971 et
1373 2928 1430 2983 ql.
1466 2926 1537 2970 ed.
1652 2929 1706 2968 27
1739 2925 1857 2968 sedis
1880 2924 1920 2966 V

237 2987 341 3030 -des
372 2987 441 3029 ed.

1960 994 2003 1026 10

1961 1365 2002 1398 15

1959 1734 2004 1766 20

1958 2102 2000 2136 25

1953 2473 1997 2505 30
