2050 3226
39 959 82 992 10

39 1334 81 1366 15

37 1703 82 1736 20

39 2073 81 2106 25

749 134 1053 186 AENEIDos
1084 135 1172 179 xn
1699 139 1808 194 567
1876 195 1887 198 ³

114 275 267 326 variis
319 275 493 338 armiS,
544 274 665 339 quia
711 275 1018 325 diversarum
1054 278 1302 325 terrarum
1338 276 1435 325 viri
1479 293 1579 326 non
1629 276 1813 327 similia

116 367 255 400 arma.
283 350 567 414 portabant.
629 350 700 399 sic
731 351 900 399 autem
936 349 1168 399 instructi
1197 349 1493 414 pergebant,
1533 353 1677 413 quasi
1714 352 1814 415 ipsi

115 427 279 475 essent
309 424 543 474 continuo
567 424 862 489 pugnaturi,
901 426 1051 474 cauta
1080 423 1299 488 provisio
1331 426 1391 473 ut
1421 425 1550 473 ferro
1580 425 1815 475 instructi

114 500 399 564 pergerent,
446 515 508 547 ne
559 500 866 548 commutata
910 498 1005 547 fide
1054 498 1410 548 invaderentur
1459 499 1522 548 ab
1571 499 1813 549 hostibus,

113 588 201 622 nec
237 588 357 631 nou,
404 573 498 622 hoc
544 575 621 622 est
665 572 751 622 sed
797 575 868 634 et,
912 573 1088 621 mediis
1123 574 1179 621 in
1222 573 1422 622 milibus
1459 574 1557 633 ipsi
1594 574 1814 622 ductores

114 661 237 696 auro
259 647 464 696 volitant
492 651 712 707 ostroque
741 647 924 696 decori:
954 648 1074 710 quia
1097 648 1395 711 generaliter
1418 647 1646 696 ductores
1671 647 1815 710 dixit,

112 721 291 784 incipit
312 721 626 786 singulorum
647 722 852 770 nomina
874 737 1155 784 percurrere
1180 724 1230 771 et
1252 738 1422 771 eorum
1446 722 1610 770 cultus
1626 723 1814 785 specia-

112 796 230 845 liter
268 795 451 845 dicere:
506 799 550 844 et
582 810 737 857 glenus
774 793 1015 845 Assaraci
1051 796 1337 845 Mnestheus
1383 799 1428 846 et
1460 797 1604 856 fortis
1641 795 1816 845 Asilas

113 874 157 919 et
198 871 468 931 Messapus
518 885 691 930 eqwmn
741 870 959 927 domitor,
1012 870 1264 931 Neptunia
1308 871 1494 930 proles,
1547 872 1814 934 utriusque

112 946 355 994 exercitus
395 945 541 993 duces
581 943 896 1009 significavit.
947 947 1092 1005 utque
1122 945 1234 993 dato
1264 946 1403 1006 siyno
1433 946 1598 1006 spatia
1626 946 1682 993 in
1719 960 1814 994 sua

113 1019 313 1080 quisque
349 1020 562 1075 recessit,
603 1019 691 1067 ubi
728 1019 950 1081 separati
989 1020 1106 1067 sunt
1143 1021 1193 1067 et
1228 1019 1282 1066 in
1321 1035 1415 1068 sua
1452 1019 1620 1082 spatia
1657 1034 1813 1068 reces-

112 1095 305 1155 serunt,
344 1093 562 1155 defiyunt
597 1093 759 1141 telluri
787 1093 957 1141 hastas
995 1096 1039 1140 et
1074 1096 1213 1141 scuta
1249 1093 1514 1141 reclinant:
1550 1093 1644 1142 hoc
1681 1093 1815 1143 enim
1833 1101 1919 1142 130

112 1168 275 1216 facere
313 1167 588 1216 debuerant
637 1168 724 1230 qui
773 1183 873 1216 non
925 1165 988 1215 ad
1038 1166 1365 1231 pugnandum
1414 1170 1674 1229 venerant,
1729 1167 1815 1217 sed

112 1243 384 1306 pugnantis
432 1242 722 1305 spectaturi.
775 1244 878 1289 tum
914 1240 1074 1290 studio
1113 1242 1296 1301 effusae
1340 1245 1521 1290 matres
1560 1245 1603 1290 et
1639 1242 1816 1304 vulqus

111 1317 354 1364 inermum
383 1316 684 1377 invalidique
713 1330 851 1364 senes
881 1315 1034 1364 turris
1064 1319 1108 1363 et
1136 1319 1257 1364 tecta
1287 1315 1540 1364 domorum
1576 1317 1814 1374 obsedere,

113 1390 203 1439 alii
233 1391 393 1451 portis
439 1391 729 1439 sublimibus
775 1390 997 1438 adstant.-
1050 1405 1159 1438 ecce
1209 1391 1415 1438 ventum
1465 1392 1541 1439 est
1591 1390 1655 1438 ad
1705 1406 1815 1439 eam

111 1466 329 1527 partem,
374 1467 432 1512 ut
470 1465 763 1513 ostendatur
801 1481 903 1527 qua
941 1481 1000 1512 ex
1038 1479 1191 1512 eausa
1237 1479 1441 1527 campus
1481 1465 1708 1527 provisus
1748 1466 1818 1514 sit

112 1541 229 1588 ante
268 1538 526 1588 civitatem
564 1538 880 1588 constitutus.
936 1540 1095 1599 aetas,
1132 1537 1320 1601 inquit,
1358 1538 1558 1587 inbellis
1589 1542 1640 1588 et
1670 1554 1813 1587 sexus

112 1613 262 1662 simul
301 1613 456 1662 effusa
487 1616 625 1675 sunt,
664 1612 831 1661 studio
863 1613 1053 1662 scilicet
1083 1612 1254 1675 ducta,
1291 1613 1546 1674 muliereS,
1584 1628 1726 1662 senes
1765 1616 1817 1662 et

111 1688 266 1751 pueri.
318 1687 409 1736 alii
437 1703 628 1750 muros,
659 1690 830 1750 portas
863 1686 970 1748 alii,
1004 1686 1094 1735 3111
1122 1689 1386 1735 tenuerant
1407 1686 1559 1736 turris
1592 1703 1649 1736 ac
1679 1689 1814 1736 tecta

111 1761 271 1811 visuri
310 1761 370 1810 de
409 1777 599 1811 summo
640 1760 878 1810 certantis
918 1764 968 1810 et
1006 1764 1238 1811 eventum
1276 1760 1407 1809 circa
1446 1761 1658 1810 alterum
1699 1777 1815 1825 pro-

110 1835 282 1884 baturi
319 1836 563 1885 fortunae.
639 1837 734 1884 hoc
771 1838 847 1884 est
886 1835 1020 1898 quod
1058 1835 1245 1884 dictum
1292 1837 1367 1884 est
1405 1835 1571 1884 studio
1611 1836 1815 1898 effusos3

112 1909 349 1959 volebant
378 1910 508 1958 enim
539 1925 682 1960 nosse
715 1926 844 1973 quae
876 1911 1092 1959 diximus
1123 1911 1353 1958 manente
1385 1910 1555 1959 favore
1591 1926 1691 1973 quo
1724 1910 1813 1958 alii

112 1983 351 2033 favebant
387 1984 608 2046 Aeneae,
647 1984 737 2033 alii
775 1984 967 2047 Τ111·110;
1003 1984 1057 2032 111
1095 1984 1283 2047 populo
1324 1985 1507 2047 quippe
1546 1999 1645 2032 non
1684 1983 1811 2033 iudi-

114 2060 304 2107 ciorum
342 2074 519 2122 genere
558 2059 748 2124 agitur,
787 2059 874 2107 sed
912 2058 1118 2107 libidine
1159 2074 1276 2107 suae
1315 2059 1606 2108 voluntatis.

231 2131 302 2180 At
346 2133 477 2182 Iuno
524 2148 581 2182 ex
626 2148 814 2182 summo
859 2134 942 2193 qui
986 2147 1119 2181 nunc
1162 2131 1393 2181 Albanus
1436 2133 1640 2181 babetur
1689 2133 1811 2193 (tum
1830 2140 1916 2180 135

112 2220 264 2267 neque
302 2221 475 2256 nomeu
513 2211 619 2256 erat
646 2222 798 2267 neque
827 2207 977 2255 honos
1008 2210 1095 2255 aut
1120 2206 1280 2268 yloria
1308 2207 1483 2267 monti)
1507 2208 1813 2268 prospiciens

112 2282 296 2330 tumulo
336 2296 561 2341 campwm
599 2282 877 2342 aspectabat
915 2285 959 2330 et
995 2282 1168 2330 ambas
1197 2281 1507 2330 Laurentum
1540 2282 1814 2340 Troumque

234 2429 259 2467 2
291 2425 383 2480 ipsi
413 2437 501 2467 om.
528 2423 600 2467 ed.
692 2427 720 2466 4
751 2435 835 2467 co‘n
857 2427 987 2467 muta
1008 2421 1051 2465 V
1078 2427 1351 2468 commutata
1375 2422 1448 2466 ed.
1474 2435 1534 2465 an
1558 2426 1811 2466 commota?

115 2487 141 2526 8
171 2496 388 2527 asarracc
414 2481 465 2527 V.
559 2486 584 2526 9
613 2495 824 2538 mesapus
850 2480 901 2524 V.
995 2485 1047 2525 11
1074 2483 1126 2526 iri
1148 2495 1235 2526 sua
1257 2481 1301 2525 V
1325 2483 1439 2526 etin
1462 2495 1495 2526 s.
1523 2480 1593 2525 ed.
1620 2493 1681 2524 an
1704 2487 1813 2525 sunt

115 2541 364 2586 delendum
374 2546 394 2585 ⁶?
474 2545 616 2598 14pu
547 2546 807 2645 pudqnantes
823 2542 1103 2609 eapectatwri
1118 2540 1161 2584 V
1176 2542 1435 2609 puyuantis
1449 2541 1698 2595 spectaturi
1711 2553 1808 2583 nos.

114 2606 170 2645 15
195 2607 238 2646 et
262 2600 400 2657 (infra
423 2603 495 2656 ac)
510 2599 554 2644 V
570 2614 595 2645 e
668 2602 851 2644 mutare
874 2599 1147 2644 1101111.19
1171 2601 1303 2645 semel
1319 2599 1513 2644 szzul
1537 2599 1607 2642 ed.
1631 2599 1635 2657 Ι
1664 2600 1811 2654 effusa

112 2666 221 2706 swnt
243 2659 286 2704 V
316 2660 488 2715 effusus
516 2665 647 2704 est—
661 2660 800 2704 ducta
830 2659 925 2704 ed..
915 2663 925 2691 ⁸
1017 2663 1075 2703 24
1099 2660 1281 2704 Aeneae
1305 2664 1345 2703 et
1368 2660 1455 2703 alii
1482 2658 1552 2702 ed.
1599 2674 1602 2715 j
1649 2659 1702 2701 in
1725 2672 1810 2714 Ρο-

107 2719 223 2776 pulo
245 2718 287 2762 V
317 2725 371 2764 ut
398 2720 429 2764 i.
457 2732 505 2774 Ρ
532 2718 603 2763 ed.
644 2719 649 2777 Ι
692 2719 857 2775 quippe
879 2717 921 2762 V
945 2733 1017 2775 qu.
1043 2719 1351 2774 unusquisque
1374 2717 1446 2761 ed.
1487 2717 1491 2773 1
1534 2717 1811 2761 iudiciorum

113 2783 348 2883 ἥψω
381 2777 423 2822 v
444 2778 634 2881 imm
670 2782 896 2890 ⁹31⁷?st
933 2777 1810 2891 ³3⁶²²ff32²m3²²113f⁶s⁶220x⁹s²‘²5½223

116 2838 920 2940 gmissfflzmfiggffffgtmmento
959 2851 1184 2940 insgrtum
1217 2897 1289 2939 est
1319 2894 1368 2938 in
1392 2893 1447 2938 V.
1571 2898 1624 2937 27
1666 2895 1811 2938 honus

114 2957 227 3001 haut
249 2955 305 3001 V.
428 2959 483 2999 28
522 2955 817 3011 adspectabat
847 2957 912 3013 (et
941 2954 1083 3011 infra)
1107 2954 1163 3009 V,
1196 2954 1279 2998 sed
1313 2952 1428 2997 alibi
1460 2967 1555 3009 asp.
