2050 3226
226 179 333 232 218
700 177 931 222 ΒΟΝΑΤῙ
961 177 1243 222 INTERPR.
1267 177 1446 222 VERG.

224 316 445 365 laborem
494 333 594 365 non
641 302 819 367 saltem
864 317 1088 366 sedentes
1135 316 1442 379 tractabant,
1493 317 1578 366 sed
1628 320 1816 367 stantes
1867 321 1918 367 et

224 392 449 439 tenentes
496 393 637 440 scuta
675 393 724 440 et
760 391 923 456 longis
967 391 1126 440 hastis
1173 391 1354 440 adnixi.
1430 407 1539 441 ecce
1581 394 1631 440 et
1668 408 1917 441 armorum

225 466 440 529 gestatio
466 468 710 527 quantum
730 465 914 514 laboris
938 464 1211 528 inponebat
1233 465 1574 530 vigilantibus,
1606 482 1731 529 quos
1755 467 1918 515 solum

121 546 207 587 230
225 539 426 587 levabat
447 539 708 588 hastarum
731 539 967 588 auxilium
996 539 1175 601 quibus
1200 540 1359 587 innixi
1380 539 1699 589 iuvabantur.
1739 544 1916 589 castro-

223 628 335 660 rum
360 616 403 661 et
425 615 586 673 campi
605 614 787 661 medio:
816 613 977 661 medio
1001 613 1078 661 bis
1105 613 1447 677 accipiendum
1470 617 1559 676 est,
1583 617 1642 663 ut
1664 615 1732 663 sit
1753 614 1916 664 medio

225 689 499 735 castrorum
518 690 568 736 et
582 687 744 736 medio
763 688 940 750 campi.
972 702 1204 749 campum
1218 687 1300 736 hic
1317 687 1443 736 dixit
1457 704 1556 736 non
1571 689 1725 738 talem
1742 689 1916 752 quales

225 763 344 809 sunt
365 762 419 809 in
444 761 622 824 quibus
645 761 851 810 bellicae
876 761 1245 825 congressiones
1271 761 1550 826 agitantur,
1582 763 1668 811 sed
1699 763 1918 826 spatium

222 835 358 884 intra
389 838 554 884 castra
585 837 926 897 constitutum,
958 836 1169 898 denique
1198 835 1383 885 idcirco
1415 837 1611 884 addidit
1641 840 1916 886 castrorum

171 928 174 931 ⁴
223 909 403 970 medio,
433 911 491 956 ut
515 909 795 958 ostenderet
817 909 1033 972 spatium
1059 909 1193 971 quod
1216 912 1381 973 campi
1410 912 1609 959 nomine
1642 911 1918 974 appellavit

223 984 357 1031 intra
407 985 572 1032 castra
620 983 774 1033 fuisse
821 984 1161 1032 constitutum.
1238 1000 1470 1047 campum
1520 1001 1636 1049 ergo
1687 985 1916 1033 debemus

224 1057 443 1119 accipere
482 1057 704 1120 spatium
733 1057 867 1106 intra
905 1060 1069 1106 castra
1106 1058 1406 1108 tractatibus
1445 1058 1734 1108 necessariis
1767 1059 1917 1122 depu-

223 1133 402 1180 tatum.
470 1134 573 1180 tum
608 1132 766 1180 Nisus
805 1135 847 1180 et
883 1147 988 1180 una
1023 1132 1280 1193 Euryams
1319 1134 1569 1193 confestim
1606 1134 1794 1181 alacres
1832 1133 1918 1181 ad-

223 1206 400 1253 mittier
444 1209 610 1254 orant:
654 1208 786 1267 tum,
832 1206 1019 1268 inquit,
1065 1206 1158 1254 hoc
1204 1209 1280 1255 est
1325 1222 1381 1255 eo
1426 1209 1649 1270 tempore
1697 1223 1796 1269 quo
1842 1207 1919 1254 illi

224 1279 525 1344 vigilabant,
577 1296 674 1343 quo
726 1279 951 1341 stabant,
1006 1296 1104 1342 quo
1157 1280 1376 1329 aestibus
1426 1281 1764 1343 iactabantur,
1819 1297 1917 1344 quo

223 1353 522 1402 tractatibus
554 1354 764 1417 publicis
796 1370 896 1402 non
928 1355 1218 1403 occurrebat
1247 1356 1469 1416 effectuS‚
1502 1357 1744 1418 oportune
1774 1371 1917 1404 vene-

222 1430 338 1476 rant
375 1429 527 1476 simul
563 1428 715 1476 Nisus
755 1430 804 1476 et
843 1428 1117 1491 Euryalus,
1158 1429 1244 1491 qui
1293 1429 1480 1478 alacres
1532 1432 1732 1478 orarent
1776 1445 1827 1477 se
1865 1430 1916 1476 in

222 1501 350 1550 illud
388 1501 650 1550 consssium
689 1502 901 1550 admitti.
978 1503 1164 1551 alacres
1201 1504 1295 1552 hoc
1339 1504 1448 1552 loco
1494 1519 1594 1551 non
1632 1503 1917 1567 gaudentes,

225 1576 312 1625 sed
355 1576 648 1625 festinantes
696 1576 928 1624 debemus
969 1577 1201 1639 accipere.
1277 1593 1377 1625 non
1423 1577 1555 1625 enim
1594 1577 1918 1626 conveniebat

225 1650 466 1714 gaudium
509 1650 587 1698 illi
631 1650 844 1713 tempori
891 1653 981 1699 aut
1025 1650 1248 1713 personis
1288 1653 1378 1700 aut
1414 1652 1538 1700 locO.
1613 1652 1706 1699 hoc
1744 1667 1917 1700 verum

226 1739 330 1773 esse
369 1724 628 1786 sequentia
665 1724 901 1786 probant:
946 1739 1070 1781 rem,
1117 1719 1305 1788 inquit,
1349 1741 1582 1786 maynam
1610 1726 1917 1785 pretiumque

223 1813 389 1846 morae
425 1799 544 1858 fore.
628 1798 859 1847 dicebant
904 1798 1036 1846 enim
1080 1798 1157 1847 illi
1202 1814 1279 1847 res
1326 1815 1534 1863 magnas
1583 1814 1633 1847 se
1687 1800 1814 1848 ferre
1868 1801 1918 1848 et

226 1888 397 1920 earum
426 1872 791 1921 inaestimabile
822 1871 1135 1921 commodum
1174 1873 1277 1922 labi
1314 1889 1482 1936 posse,
1514 1874 1557 1922 si
1587 1874 1726 1922 fieret
1762 1889 1916 1921 mora.

226 1947 276 1993 et
324 1947 501 1995 merito
552 1947 715 1994 fuerat
764 1946 1151 2009 properandum,
1202 1947 1321 1997 dum
1370 1947 1423 1995 in
1469 1947 1697 1996 hostibus
1746 1948 1917 1996 vinum

225 2019 325 2068 fuit
375 2022 425 2068 et
474 2035 674 2069 somnus
729 2023 779 2068 et
829 2021 944 2068 dum
999 2024 1202 2083 paratas
1251 2021 1451 2070 fraudes
1505 2023 1666 2070 noctis
1719 2024 1915 2084 tempus

225 2095 424 2156 poterat
462 2094 713 2143 adiuvare.
788 2095 1006 2157 pretium
1053 2096 1333 2159 significare
1371 2095 1644 2144 utilitatem
1681 2098 1732 2143 et
1768 2096 1917 2144 multi

226 2170 452 2216 auctores
499 2167 732 2217 dixerunt
777 2171 828 2217 et
874 2185 932 2215 ex
978 2185 1035 2216 eo
1082 2170 1139 2217 fit
1183 2170 1520 2230 manifestius,
1571 2171 1692 2231 quia
1738 2185 1916 2232 operae

225 2243 445 2304 pretium
477 2242 682 2304 dicitur,
719 2258 832 2290 cum
864 2259 922 2290 ex
954 2242 1122 2305 aliquo
1156 2245 1270 2292 actu
1303 2245 1560 2306 quaeritur
1591 2243 1915 2292 commodum.

227 2333 344 2380 ergo
395 2316 698 2365 celeritatem
744 2316 1011 2380 rogabant,
1061 2334 1122 2365 ne
1172 2333 1312 2366 mora
1358 2319 1694 2380 corrumperet
1737 2321 1916 2379 parata

227 2390 447 2439 consilia.
514 2391 713 2450 primus
758 2391 905 2439 Iulus
955 2392 1135 2451 accepit
1184 2392 1414 2451 trepidae,
1465 2392 1518 2439 id
1567 2393 1643 2439 est
1690 2391 1915 2439 turbatos

227 2465 529 2528 cogitatione
580 2464 859 2513 necessaria
910 2467 960 2513 et
1008 2467 1378 2529 properatione,
1426 2480 1484 2514 ac
1530 2465 1711 2513 Nisum
1761 2466 1916 2513 dicere

226 2540 395 2598 iussit;
448 2538 622 2587 debuit
667 2539 851 2602 quippe
899 2539 1079 2588 deferri
1128 2541 1251 2587 natu
1296 2539 1475 2588 maiori
1522 2541 1570 2586 et
1609 2540 1654 2587 ei
1694 2538 1782 2606 qui
1828 2555 1916 2601 per

348 2700 370 2738 1
397 2695 658 2739 tractabant
682 2708 770 2738 om.
789 2694 872 2737 ΗΟ
891 2695 962 2738 ed.
1033 2700 1059 2738 4
1078 2701 1391 2740 castrorum—
1406 2698 1432 2738 5
1449 2695 1594 2739 medio
1617 2695 1693 2738 hic
1718 2693 1914 2738 habetV

228 2752 524 2798 antecedenti
546 2753 755 2798 lemmati
779 2753 885 2797 add.
905 2754 974 2798 ed.
1053 2759 1079 2797 8
1103 2756 1222 2799 circo
1238 2754 1277 2798 V
1301 2754 1472 2799 idcirco
1496 2754 1566 2798 ed.
1597 2758 1600 2762 '
1645 2758 1699 2797 13
1724 2754 1915 2798 orantV

227 2814 538 2857 rem—iussit
567 2812 673 2856 add.
700 2812 771 2857 ed.
896 2818 951 2856 14
983 2816 1061 2869 qui
1090 2815 1274 2858 stabant
1296 2813 1338 2856 V
1362 2813 1450 2857 edI
1481 2827 1567 2869 quo
1597 2814 1781 2857 stabant
1811 2813 1913 2856 edF

229 2871 304 2927 (iis
336 2885 454 2927 quae
487 2886 627 2927 supra
658 2871 716 2915 de
746 2876 871 2916 stant
903 2871 1029 2916 dicta
1061 2874 1169 2916 sunt
1199 2873 1349 2929 magis
1382 2873 1667 2929 congruum).
1756 2877 1811 2915 22
1843 2874 1913 2916 in-

227 2931 526 3033 existgmabz'rle
564 2930 635 2974 ed.
685 2931 689 2988 Ι
734 2931 1016 3032 gommodum
1047 2931 1089 2974 V
1121 2932 1306 2988 pondus
1345 2932 1415 2975 ed.
1465 2933 1468 2990 Ι
1520 2932 1613 2976 labi
1635 2931 1676 2974 V
1708 2936 1750 2975 et
1781 2933 1807 2975 l.
1842 2931 1911 2975 ed.

230 2993 284 3032 29
316 2990 335 3033 i
369 3003 435 3033 em
531 2990 582 3034 id
613 2995 675 3034 est
706 3002 777 3033 e.

1949 995 1991 1027 10

1950 1364 1992 1398 15

1948 1736 1991 1768 20

1947 2105 1990 2137 25

1946 2477 1990 2510 30
