2050 3226
771 170 1075 216 AENEmos
1106 171 1148 216 x
1696 175 1800 230 351

116 311 438 361 meditantem
489 311 702 375 proelia,
756 311 875 375 quia
927 314 978 361 et
1029 310 1196 361 Pallas
1250 315 1370 361 tunc
1421 295 1639 375 primum
1688 313 1806 362 belli

116 384 389 435 certamina
426 388 658 448 coeperat
694 385 939 435 meditari.
1013 386 1142 435 hunc
1177 387 1263 434 ubi
1308 387 1584 448 contiyuwm
1627 388 1806 436 missae

115 462 220 520 fore
258 442 460 509 credidit
495 459 684 516 hastae,
725 460 798 508 ire
828 461 972 520 prior
1007 460 1204 517 Pallas,
1243 461 1289 508 si
1327 476 1424 521 qua
1461 461 1566 521 fors
1612 461 1809 509 adiuvet

116 548 295 583 ausum
330 534 519 582 viribus
555 533 838 593 inparibus,
869 548 1195 595 maynumque
1222 534 1296 583 ita
1326 535 1393 583 ad
1423 535 1618 584 aethera
1645 535 1807 595 fatur·

116 607 284 656 Pallas
322 606 409 656 ubi
445 608 710 671 processit,
747 610 806 656 ut
844 607 1033 657 dictum
1070 610 1167 671 est,
1205 610 1257 657 et
1294 624 1346 658 se
1378 624 1408 657 a
1457 609 1559 658 suis
1606 625 1806 674 progre-

116 681 296 730 diendo
347 680 584 731 discrevit
632 684 683 731 et
729 681 971 744 medium,
1022 682 1158 746 quod
1205 682 1338 732 inter
1385 698 1437 732 se
1487 686 1536 732 et
1581 683 1807 732 Turnum

115 757 440 818 remanserat,
501 756 722 819 spatium
773 758 913 806 ratus
967 759 1044 806 est
1094 756 1218 806 ictui
1276 773 1420 820 posse
1481 757 1705 806 sufficere
1758 761 1808 806 et

114 830 308 878 hostem
352 830 516 879 iaculo
563 845 706 893 posse
755 831 1000 895 contingi,
1044 832 1118 880 ire
1163 832 1326 881 voluit
1370 831 1528 895 prior,
1572 848 1634 880 ne
1680 832 1807 881 forte

38 952 41 955 .
115 906 299 953 virtute
337 904 564 968 inparem
595 904 766 967 aliqua
796 904 991 954 ratione
1022 907 1191 969 posset
1219 907 1392 956 iuvare
1424 906 1641 955 fortuna.
1695 922 1806 970 pro·

27 992 86 1028 (10

29 1362 85 1399 816

26 2453 89 3011 Μή
65 2107 86 2141 m
0 1901 1 1948 22
0 1863 1 1866 2
2 1743 9 1767 -

114 978 228 1026 inde
266 978 571 1028 fundendam
603 979 814 1028 credidit
852 994 1070 1043 precem,
1101 982 1161 1029 ut
1191 980 1361 1029 favore
1391 981 1558 1045 rogati
1587 980 1807 1029 numinis

115 1053 298 1101 faceret
336 1053 469 1116 quod
506 1053 726 1102 humana
764 1055 951 1103 virtute
984 1055 1034 1102 et
1065 1053 1225 1103 adhuc
1254 1070 1412 1117 parva
1441 1055 1670 1118 conplere
1707 1070 1806 1103 non

114 1128 326 1189 poterat.
369 1141 465 1188 per
486 1129 651 1188 patris
681 1128 942 1188 hospitium
971 1132 1016 1177 et
1043 1142 1239 1177 mensas
1269 1143 1392 1189 quas
1430 1129 1623 1178 advena
1660 1129 1809 1178 adisti
1823 1138 1910 1178 460

116 1204 158 1249 te
188 1215 383 1261 precor,
423 1199 615 1258 Alcide,
657 1203 832 1262 coeptis
869 1203 1144 1263 inqentibus
1182 1202 1343 1251 adsis:
1381 1219 1480 1251 non
1518 1203 1664 1252 illum
1695 1220 1806 1253 con-

115 1273 253 1323 venit
289 1277 348 1323 ut
385 1275 555 1337 deum,
594 1276 680 1324 sed
718 1277 951 1326 convenit
981 1278 1039 1325 ut
1075 1276 1322 1339 hospitem
1352 1277 1534 1340 patris;
1565 1279 1807 1341 recepisse

115 1348 247 1397 enim
284 1350 503 1412 hospitio
542 1351 844 1412 venientem,
882 1351 1066 1411 solum,
1103 1351 1437 1414 incognitum,
1475 1352 1807 1416 peregrinum,

115 1424 390 1486 suscepisse
434 1423 733 1487 parietibus,
776 1425 1143 1474 humanitatem
1187 1425 1493 1488 praebuisse,
1540 1426 1807 1475 eommuni-

115 1512 251 1546 casse
311 1514 529 1560 mensas,
589 1498 679 1547 ubi
740 1500 900 1548 omnis
960 1498 1138 1564 religio
1194 1501 1514 1562 amicitiaque
1566 1501 1807 1562 firmatur,

115 1573 293 1634 quanti
329 1574 406 1621 est
442 1572 631 1621 meriti!
671 1573 816 1636 quasi
853 1573 980 1622 illud
1019 1573 1204 1623 diceret
1235 1575 1371 1636 quod
1399 1575 1453 1622 in
1484 1574 1703 1623 evidenti
1733 1578 1808 1624 est

114 1661 336 1695 noscere:
376 1647 471 1696 etsi
510 1647 630 1696 deus
670 1647 832 1697 factus
871 1663 922 1697 es
961 1647 1152 1698 meritis
1183 1649 1306 1710 tuis,
1337 1648 1482 1697 fuisti
1511 1651 1676 1697 tamen
1718 1650 1806 1698 ali-

115 1719 315 1784 quando
365 1721 536 1783 homo,
586 1722 729 1770 fuisti
778 1722 956 1786 hospes
1007 1723 1168 1787 patris
1215 1723 1339 1784 mei,
1396 1723 1538 1772 fuisti
1584 1725 1806 1785 conviva,

114 1794 264 1844 habes
302 1795 390 1843 ubi
427 1795 586 1844 vicem
633 1795 828 1846 reddas.
903 1799 1019 1861 post
1067 1796 1427 1859 deprecationis
1476 1799 1807 1847 necessarium

114 1871 307 1918 textum
345 1869 596 1919 subnectit
634 1886 878 1920 summam
916 1871 1171 1934 petitionis
1204 1887 1335 1920 suae.
1390 1875 1556 1920 cernat
1583 1873 1808 1920 semineci

113 1943 210 1991 sibi
245 1958 320 1991 me
357 1958 530 2005 rapere
568 1959 711 1993 arma
750 1948 950 1994 cruenta
985 1947 1301 2006 victoremque
1343 1946 1509 2006 ferant
1551 1948 1806 1995 morientia

115 2017 306 2066 lumina
338 2018 520 2066 Turni:
549 2018 719 2068 videat
747 2035 827 2068 me
855 2020 1071 2069 moriens
1104 2021 1299 2069 Turnus
1331 2019 1428 2069 sibi
1455 2036 1628 2083 rapere
1669 2037 1807 2069 arma

116 2092 356 2155 sanguine
395 2107 485 2140 suo
523 2094 724 2155 perfusa
755 2095 826 2155 et,
858 2096 1127 2157 antequam
1157 2109 1290 2144 mors
1321 2095 1471 2157 plena
1502 2095 1607 2144 eius
1638 2096 1806 2143 oculos

116 2165 341 2227 claudat,
373 2165 613 2215 victorem
650 2167 779 2216 ferat
809 2184 955 2231 quem
994 2168 1272 2218 crediderat
1305 2170 1595 2232 periturum.
1650 2170 1808 2218 audiit

116 2238 312 2288 Alcides
349 2241 571 2288 iuvenem
607 2256 932 2302 mayuumque
961 2244 1052 2291 sub
1082 2244 1179 2291 imo
1211 2243 1350 2291 eorde
1371 2245 1552 2304 premit
1578 2245 1803 2304 yemitum
1823 2249 1907 2287 465

118 2314 439 2375 lacrimasque
488 2315 693 2374 effundit
741 2317 934 2364 inanis:
980 2316 1141 2365 audiit
1189 2319 1451 2381 rogantem
1488 2317 1687 2366 Alcides
1741 2320 1805 2378 et,

119 2388 250 2450 quod
295 2388 415 2437 fatis
462 2388 776 2438 obstantibus
823 2391 1055 2453 prodesse
1100 2392 1321 2454 perituro
1367 2407 1466 2440 non
1504 2395 1692 2454 posset,
1731 2392 1804 2438 in-

118 2461 306 2526 gemuit
336 2465 387 2511 et
416 2462 568 2512 flevit.
620 2464 784 2512 inanis
815 2464 1045 2524 lacrimas
1078 2467 1152 2514 ait
1181 2481 1308 2528 quae
1334 2467 1611 2528 periturum
1635 2467 1804 2513 iuvare

118 2552 218 2584 non
266 2539 483 2599 possent.
571 2540 672 2585 tum
717 2539 905 2598 ⁴qenitor
952 2542 1124 2588 uatum
1173 2540 1314 2588 dietis
1359 2541 1563 2600 adfatur
1612 2540 1805 2588 amieis:

119 2610 365 2658 dolentem
414 2611 573 2659 filium
621 2611 850 2675 Iuppiter
899 2613 1249 2663 consolabatur
1298 2614 1443 2662 dictis
1494 2613 1609 2662 suis.
1697 2614 1805 2662 vult

238 2757 261 2795 7
309 2753 426 2798 ictus
465 2766 597 2809 posse
638 2753 812 2809 efficere
854 2753 925 2798 ed.
1057 2758 1111 2798 10
1154 2755 1298 2800 credit
1337 2754 1408 2798 ed.
1459 2754 1463 2812 Ι
1518 2768 1688 2811 pavore
1721 2754 1805 2798 VR

117 2811 274 2865 favore
313 2812 383 2855 ed.
507 2817 562 2856 16
594 2813 853 2869 parietibus
884 2812 968 2856 VR
1005 2813 1129 2859 domi
1158 2828 1214 2859 ac
1243 2828 1414 2859 omnem
1449 2813 1520 2857 ed.
1644 2818 1697 2856 17
1737 2827 1803 2859 re-

120 2870 232 2926 leyio
255 2870 310 2914 V.
404 2875 459 2915 18
490 2873 653 2928 quanti
682 2873 799 2916 inest
821 2871 863 2915 V
893 2886 965 2928 qu.
990 2878 1056 2918 est
1076 2873 1117 2917 R
1146 2873 1216 2918 ed.
1250 2888 1323 2929 qu.
1355 2873 1405 2917 id
1436 2878 1531 2917 est?
1623 2877 1678 2916 22
1711 2879 1803 2918 tex-

119 2932 215 2973 tum
248 2929 333 2972 VR
374 2935 631 2975 contextum
674 2934 743 2988 (ut
782 2930 917 2988 solet)
960 2931 1030 2976 ed.
1162 2936 1216 2975 29
1255 2932 1376 2988 quod
1410 2931 1493 2975 VR
1531 2933 1582 2976 in
1612 2945 1699 2989 quo
1732 2933 1801 2976 ed.

122 2990 177 3030 30
207 2989 364 3034 inanis
387 2989 470 3032 VR
502 2990 665 3044 effudit
693 2991 723 3034 i.
759 2990 829 3034 ed.
953 2995 1008 3035 32
1039 2993 1138 3036 vult
1163 2990 1240 3034 VR
1274 2992 1394 3036 wnde
1426 2991 1495 3035 ed.
