2050 3226
0 1490 4 1546 „„
0 563 25 1134 ——,‚.W2„
4 437 9 475 ,.

772 204 1076 250 AENEIDOS
1107 205 1171 249 1x
1711 210 1818 263 237

128 349 296 410 posset
348 346 402 394 in
454 344 748 394 necessitate
807 345 984 394 bellica
1038 345 1355 394 communire.
1446 347 1616 408 rapuit
1668 345 1822 410 igitur

129 420 327 485 cingula
379 419 529 469 occisi
580 420 872 468 Rhamnetis
919 421 1096 468 ornata
1157 419 1319 468 aureis
1371 419 1523 468 bullis
1537 457 1550 482 ‚
1612 436 1823 483 quorum

128 495 360 543 meritum
407 496 466 542 ut
516 495 800 557 appareret,
855 493 975 543 ordo
1032 494 1446 543 commemoratur
1499 494 1823 558 originalium

129 568 453 617 dominorum.
517 567 779 629 Caedicus,
818 567 1008 631 inquit,
1054 569 1177 617 haec
1214 567 1420 616 miserat
1456 568 1689 630 Remulo,
1736 569 1824 630 qui

77 656 97 689 5
129 645 258 692 esset
295 659 354 690 ex
392 642 576 705 oppido
616 642 835 703 Tiburti,
884 642 1059 691 absens
1100 642 1295 691 absenti
1334 641 1396 690 ob
1436 642 1824 691 confirmandam

129 716 402 765 amicitiam
441 718 491 764 et
529 717 870 765 honorandam
909 716 1117 778 hospitii
1153 717 1468 781 religionem,
1514 716 1600 765 ille
1640 718 1823 777 autem,

127 791 220 839 hoc
252 794 327 839 est
356 791 616 852 Remulus,
655 791 869 839 moriens
900 791 1105 853 reliquit
1134 791 1255 839 haec
1285 791 1481 853 nepoti,
1521 790 1608 853 qui
1638 792 1688 838 et
1717 790 1823 853 ipse

127 865 257 913 bello
298 864 516 913 deiectus
555 880 667 913 cum
699 866 897 927 fuisset,
937 866 1208 914 transitum
1240 866 1467 913 fecerunt
1499 865 1563 913 ad
1592 865 1824 925 Rutulos,

129 956 159 988 a
195 939 397 988 Rutulis
444 955 575 988 nunc
622 939 687 987 ad
733 939 1027 1001 Euryalum.
1111 939 1228 988 haec
1273 940 1407 999 rapit
1453 942 1595 999 atque
1642 940 1825 987 mneris

56 1027 98 1060 ιο
126 1013 446 1074 nequicquam
475 1014 685 1073 fortibus
717 1017 874 1075 aptat,
907 1014 1000 1062 hoc
1031 1016 1107 1062 est
1138 1016 1254 1076 apte
1287 1013 1546 1076 conponit3
1586 1012 1826 1076 quicquid

128 1087 259 1136 enim
282 1088 586 1151 portandum
608 1089 697 1149 est,
729 1089 773 1136 si
794 1088 917 1136 bene
941 1089 1147 1149 feratur,
1178 1086 1339 1136 levius
1365 1086 1602 1136 redditur.
1658 1086 1826 1136 omnia

128 1163 287 1226 igitur
324 1163 548 1224 inposuit
585 1163 770 1212 umeris
809 1163 1143 1225 nequicquam
1181 1161 1416 1223 fortibus,
1464 1161 1586 1224 quia
1623 1177 1738 1210 mox
1776 1164 1827 1210 et

126 1236 233 1299 ipse
264 1237 428 1284 fuerat
458 1236 720 1299 periturus,
771 1238 938 1298 potest
969 1238 1020 1284 et
1050 1235 1121 1285 sic
1144 1251 1337 1284 currere
1362 1236 1635 1285 ordinatio:
1659 1235 1826 1284 omnia

128 1311 309 1359 umeris
341 1310 552 1359 fortibus
583 1311 811 1374 inposuit
840 1310 1187 1373 nequicquam,
1215 1310 1334 1373 quia
1363 1311 1486 1358 haec
1518 1311 1683 1359 fuerat
1713 1326 1826 1358 cum

55 1397 98 1430 15
129 1384 303 1433 salutis
337 1384 594 1447 dispendio
632 1384 929 1448 perditurus.
992 1388 1094 1432 tum
1128 1384 1322 1446 qaleam
1352 1385 1580 1444 Messapi
1616 1385 1826 1432 habilem
1843 1392 1928 1432 365

129 1459 378 1518 cristisque
409 1459 632 1507 decoram
661 1459 847 1507 induit:
878 1458 1054 1507 deinde
1082 1459 1247 1506 induit
1270 1458 1367 1508 sibi
1389 1459 1586 1523 galeam
1609 1459 1827 1521 Messapi

129 1533 252 1582 satis
298 1533 557 1595 pulchram
603 1534 652 1582 et
698 1533 1027 1581 eminentibus
1076 1535 1240 1582 cristis
1287 1534 1535 1597 insignem
1581 1535 1631 1582 et
1670 1533 1827 1596 capiti

129 1622 217 1656 suo
274 1607 598 1670 aptissimam.
683 1608 915 1655 excedunt
960 1608 1134 1656 castris
1176 1612 1219 1656 et
1264 1611 1369 1656 tuta
1415 1610 1696 1668 capessunt:
1747 1606 1825 1655 his

129 1682 281 1745 gestis
339 1681 648 1744 reliquerunt
700 1682 811 1730 loca
862 1682 1165 1730 Rutulorum
1221 1698 1348 1746 quae
1404 1682 1602 1730 fuerant
1655 1697 1827 1730 eorum

55 1768 100 1800 20
129 1756 263 1804 vitae
302 1757 553 1804 contraria
591 1758 641 1804 et
679 1758 792 1805 tuta
830 1756 1096 1819 petierunt.

247 1829 445 1878 Interea
480 1831 748 1890 praemissi
794 1831 972 1890 equites
1011 1845 1066 1878 ex
1104 1831 1224 1878 urbe
1262 1830 1472 1887 Latina,
1517 1833 1672 1878 cetera
1709 1830 1827 1878 dum

131 1904 248 1964 leqio
281 1904 465 1964 campis
495 1905 733 1953 instructa
761 1907 995 1960 moratur,
1027 1906 1166 1953 ibant
1196 1907 1239 1952 et
1262 1905 1430 1953 Turno
1460 1905 1563 1965 reqi
1591 1918 1828 1964 responsa

129 1978 370 2037 ferebant,
411 1981 690 2035 tercentum,
723 1980 899 2027 scutati
928 1993 1113 2036 omnes,
1156 1979 1381 2027 Vulcente
1410 1980 1667 2040 maqistros
1706 1994 1825 2042 quo·
1843 1985 1928 2025 370

131 2052 266 2100 niam
305 2051 466 2115 primo
505 2052 612 2100 loco
645 2053 771 2101 dixit
805 2052 1089 2115 praemissi,
1127 2054 1221 2102 hoc
1252 2054 1468 2116 primum
1499 2067 1825 2116 exponamus:

58 2138 101 2171 25
131 2125 398 2174 veniebant
436 2127 567 2174 enim
606 2126 820 2190 equites,
859 2128 1126 2176 veniebant
1164 2129 1215 2175 et
1251 2127 1465 2190 pedites3
1513 2143 1572 2175 ex
1610 2130 1825 2190 utroque

133 2216 244 2248 cum
267 2202 343 2248 est
365 2201 622 2262 exercitus,
653 2216 753 2249 non
776 2203 942 2265 potest
964 2217 1065 2249 uno
1097 2201 1214 2249 duci
1244 2201 1435 2263 itinere,
1468 2202 1587 2265 quia
1617 2202 1827 2249 humani

132 2290 328 2338 gressus
375 2275 545 2338 generi
590 2276 770 2338 equino
818 2276 1080 2339 conparari
1124 2292 1224 2325 non
1270 2277 1493 2338 possunt.
1570 2292 1630 2323 ne
1670 2275 1827 2339 igitur

131 2365 221 2411 per
244 2351 462 2397 armatos
486 2348 676 2412 pedites
700 2349 1001 2412 perindeque
1025 2352 1255 2399 oneratos
1279 2351 1611 2411 tardarentur,
1635 2350 1825 2411 equites

133 2422 282 2485 primi
320 2423 583 2486 praemissi
613 2426 750 2484 sunt,
789 2424 868 2471 illi
906 2440 1021 2473 vero
1060 2414 1318 2473 instructis
1359 2424 1614 2472 ordinibus
1655 2439 1823 2485 seque-

60 2508 103 2540 so
132 2497 315 2545 bantur
346 2513 404 2545 ex
430 2496 551 2545 urbe
583 2496 786 2546 Latina:
826 2513 935 2547 ecce
967 2498 1149 2547 dicitur
1178 2499 1308 2547 unde
1339 2499 1492 2547 missi.
1554 2498 1696 2546 missi
1725 2513 1825 2546 non

254 2673 278 2712 7
311 2669 390 2724 qui
412 2668 455 2711 V
486 2683 601 2726 quae
632 2669 703 2714 ed.
799 2673 823 2711 9
855 2682 1037 2712 versum
1064 2674 1148 2714 365
1175 2684 1280 2714 cum
1304 2669 1690 2724 interpretatione
1716 2670 1825 2712 ante

133 2742 173 2771 v.
201 2732 286 2771 364
330 2729 378 2771 et
419 2728 518 2771 eius
555 2728 990 2784 interpretationem
1028 2728 1173 2773 habet
1206 2729 1261 2772 V:
1300 2728 1568 2783 transposui
1607 2741 1712 2771 cum
1752 2727 1823 2771 ed.

137 2790 190 2830 13
230 2787 608 2832 sic—ordinatio
639 2787 681 2830 V
717 2790 895 2831 temere
932 2790 1061 2831 mut<
1083 2788 1163 2832 ed..
1281 2793 1334 2832 16
1374 2788 1604 2831 deinde—
1626 2791 1678 2830 17
1720 2787 1826 2831 emi-

135 2846 345 2890 nentibus
387 2859 474 2890 om.
513 2847 595 2891 hoc
636 2853 702 2891 est
742 2846 987 2890 substituit
1028 2847 1100 2892 ed.
1225 2851 1279 2891 18
1318 2852 1359 2890 et
1396 2851 1496 2891 tuta
1528 2845 1569 2889 V
1604 2859 1658 2890 ac
1688 2851 1718 2890 t.
1752 2846 1824 2890 ed.

138 2909 192 2947 23
242 2906 443 2950 vulcente
494 2907 548 2949 ut
599 2905 896 2962 plerumque,
952 2905 1068 2950 alibi
1119 2907 1241 2951 volc—
1288 2919 1380 2949 uno
1435 2905 1536 2948 loco
1590 2906 1724 2962 vulq-
1769 2904 1824 2948 V.

138 2967 192 3005 29
226 2965 559 3019 primi-sunt
595 2967 770 3009 temere
812 2967 926 3009 mut.
963 2965 1035 3010 ed.
1158 2969 1214 3009 30
1245 2966 1373 3010 missi
1402 2978 1563 3010 non—
1582 2968 1682 3019 238,
1701 2968 1727 3008 3
1758 2978 1826 3010 re-

137 3024 409 3067 mansissent
437 3023 671 3068 mutilavit
703 3026 750 3069 et
782 3024 989 3080 corrupit
1020 3025 1091 3069 ed.
