2050 3226
227 140 335 193 232
702 137 934 183 DONATI
963 137 1243 182 INTERPR.
1268 137 1448 183 VERG.

208 306 211 309 <
219 281 409 339 pectore
446 291 684 326 somnum.
759 278 907 341 plena
954 280 1028 326 est
1072 278 1221 326 istius
1259 278 1548 327 Rhamnetis
1586 279 1916 341 reprehensiO,

227 352 362 413 quod
397 352 491 400 tali
528 353 638 401 loco
678 367 736 400 ac
765 352 860 401 tali
898 354 1118 413 tempore
1150 352 1310 399 multa
1346 354 1480 401 veste
1519 355 1570 400 et
1606 354 1742 401 ultra
1779 354 1915 415 pacis

227 425 428 479 delicias
461 428 744 475 constructa
784 426 1059 475 dormiebat
1093 427 1201 473 toto
1241 429 1438 488 pectore
1477 427 1649 475 efflans
1689 442 1918 475 somnum

205 499 529 563 ‚perindeque
575 499 786 548 nescires
826 499 969 549 vivus
1007 500 1195 547 faceret
1234 516 1298 548 an
1335 501 1628 563 morituru83
1678 500 1919 549 stertebat

226 574 378 635 enim,
430 574 563 637 quod
611 590 710 622 non
761 574 884 622 facit
934 574 1032 622 nisi
1080 573 1167 635 qui
1213 589 1409 624 securus
1456 574 1580 623 facit
1626 577 1677 623 et
1721 576 1774 622 in
1814 576 1917 623 otio
1972 588 1991 621 5

226 649 524 697 constitutus
556 650 644 696 est.
713 663 822 696 ecce
854 648 1024 710 quales
1055 647 1258 711 vigiliae
1289 649 1606 710 Rutulorum,
1644 651 1704 697 ut
1732 651 1918 697 macta-

224 724 399 770 rentur
443 725 493 770 et
531 737 580 770 se
619 721 860 770 trucidari
897 722 1156 770 nescirent.
1230 736 1316 770 rex
1353 723 1482 771 idem
1521 726 1562 771 et
1609 723 1712 783 reyi
1751 723 1919 770 Turno

221 797 533 857 qratissiinus
564 811 737 856 auyur,
769 794 803 857 [
799 796 884 843 sed
913 811 1012 843 non
1036 797 1242 856 auyurio
1259 798 1420 856 potuit
1441 797 1672 858 depellere
1691 799 1875 856 pestem
1869 795 1919 858 ].·

166 935 170 937 -
226 872 550 934 augmentum
588 869 863 930 dedecoris,
904 873 954 917 et
983 886 1069 917 rex
1107 870 1209 918 fuit
1239 872 1288 918 et
1326 886 1509 935 augur,
1549 870 1633 919 sed
1672 870 1918 933 quomodo

225 960 394 1008 regere
440 945 564 992 alios
611 946 780 1007 posset
826 945 916 1006 qui
963 945 1175 992 salutem
1220 960 1362 992 suam
1409 946 1541 994 tueri
1579 961 1679 993 non
1717 943 1918 1007 potuit?
1952 958 1994 990 10

227 1020 317 1066 aut
356 1020 601 1081 quantum
638 1018 691 1066 in
730 1021 836 1066 arte
885 1019 1209 1081 auguriorum
1246 1019 1406 1067 valuit
1454 1020 1543 1082 qui
1587 1034 1678 1067 nec
1715 1018 1921 1067 exitium

226 1092 485 1155 proprium
530 1091 658 1141 vidit
703 1108 793 1140 nec
839 1091 999 1141 vitare
1046 1091 1332 1141 contendit?
1397 1094 1486 1141 tris
1531 1094 1671 1140 iuxta
1707 1093 1921 1152 famulos

225 1170 396 1214 temere
433 1168 559 1214 inter
605 1167 700 1214 tela
736 1167 963 1214 iacentis:
1007 1169 1190 1215 temere
1229 1166 1356 1214 dixit
1393 1166 1581 1229 passim
1620 1169 1670 1214 et
1706 1166 1920 1214 incaute.

123 1252 208 1292 330
227 1241 614 1301 ariniyerurnque
662 1241 805 1288 Remi
848 1242 1049 1300 premit,
1105 1241 1198 1289 hoc
1252 1243 1329 1289 est
1379 1243 1546 1305 necat,
1604 1242 1922 1302 auriyamque

226 1316 316 1366 sub
355 1315 478 1374 ipsis
515 1318 724 1363 nanetus
757 1316 913 1374 equis:
953 1315 1199 1377 quomodo
1232 1315 1363 1362 enim
1393 1315 1599 1378 reperiri
1630 1314 1803 1363 debuit
1834 1315 1923 1378 qui
1951 1310 1995 1360 '15

227 1388 477 1452 deligendi
514 1388 612 1436 loci
643 1404 906 1451 oppressus
946 1389 1063 1438 vino
1096 1389 1358 1437 arbitrium
1387 1390 1567 1438 habere
1606 1404 1706 1437 non
1741 1389 1922 1451 potuit,

225 1466 284 1511 ut
321 1463 552 1511 cecidisse
591 1464 760 1526 potius
799 1463 1051 1512 videretur
1081 1480 1234 1525 quam
1265 1480 1442 1527 corpus
1475 1479 1619 1512 suum
1654 1465 1827 1525 sponte
1858 1463 1923 1511 ad

223 1540 447 1599 requiem
483 1536 783 1585 tradidisse?
851 1539 1073 1597 ferroque
1103 1541 1233 1585 secat
1267 1538 1528 1597 pendentia
1559 1538 1705 1585 eolla.-
1742 1538 1924 1600 premit

223 1611 278 1659 in
326 1611 489 1661 medio
543 1611 734 1673 posuit,
791 1613 849 1658 ut
905 1611 972 1660 sit
1028 1613 1211 1674 premit
1262 1612 1499 1673 famulos,
1553 1612 1736 1674 premit
1789 1613 1920 1659 auri-

226 1702 354 1749 gam.
425 1701 605 1748 parum
643 1687 812 1733 autem
850 1686 948 1733 fuit
987 1685 1166 1734 dixisse
1204 1687 1387 1734 temere
1422 1687 1553 1734 inter
1581 1687 1684 1734 tela
1713 1686 1919 1734 iacentis
1954 1697 1996 1729 20

226 1763 277 1808 et
307 1759 535 1823 aurigam
567 1759 658 1807 sub
690 1759 812 1822 ipsis
845 1762 1055 1808 nanctus
1087 1760 1250 1822 equis3
1289 1762 1346 1808 ut
1378 1759 1676 1809 altissimam
1711 1759 1918 1808 ebrieta-

225 1836 326 1882 tem
365 1835 415 1881 et
461 1833 809 1897 gravissimam
848 1833 1230 1895 demonstraret,
1279 1834 1471 1882 addidit
1516 1835 1747 1896 ferroque
1785 1835 1922 1882 secat

225 1908 494 1970 pendentia
549 1908 690 1956 colla.
782 1923 946 1956 secare
999 1910 1074 1956 est
1124 1910 1254 1956 enim
1306 1908 1556 1957 abscidere
1606 1923 1719 1959 cum
1767 1923 1920 1969 mora,

227 1999 354 2045 quae
386 1997 524 2029 mora
555 1982 729 2044 procul
767 1982 916 2029 dubio
949 1983 999 2030 et
1032 1984 1296 2030 securitate
1334 1982 1566 2031 veniebat
1596 1981 1831 2031 'facientis
1872 1983 1922 2029 et

227 2073 285 2103 ex
315 2056 615 2119 patientium
644 2056 981 2119 ignoratione,
1021 2056 1108 2118 qui
1147 2056 1275 2105 colla
1307 2072 1397 2104 sua
1429 2057 1586 2105 secari
1623 2055 1922 2104 nesciebant.
1953 2066 1996 2100 25

227 2131 362 2192 quod
399 2130 565 2192 ipsum
605 2146 718 2178 cum
755 2130 983 2193 plurimis
1022 2131 1181 2191 fieret,
1230 2131 1397 2179 nullus
1437 2131 1536 2179 fuit
1574 2131 1662 2192 qui
1702 2130 1922 2177 dolorem

225 2204 431 2252 sentiret
463 2207 552 2252 aut
583 2204 780 2251 ferrum.
843 2208 955 2252 tunc
980 2208 1126 2264 eaput
1145 2205 1242 2264 ipsi
1274 2206 1437 2264 aufert
1459 2205 1651 2252 domino
1676 2207 1921 2251 truncum-

228 2286 316 2338 que
337 2278 566 2337 relinquit
587 2279 826 2339 sanquine
849 2279 1212 2338 sinyultantem:
1234 2281 1440 2327 conatus
1465 2279 1688 2327 exeuntis
1713 2277 1922 2339 animae,
1948 2344 1954 2350 ⁴

348 2424 370 2463 1
413 2420 577 2476 plenas
615 2418 657 2461 V
691 2420 835 2475 plena
877 2424 941 2463 est
982 2419 1052 2463 ed.
1175 2425 1203 2463 4
1239 2420 1515 2476 perindeque
1552 2420 1755 2464 nesciens
1792 2419 1923 2463 vivus

227 2480 396 2534 faceret
426 2493 490 2522 an
519 2483 723 2522 mortuus
746 2478 788 2521 V
811 2479 1005 2534 perinde
1036 2480 1215 2523 nescius
1245 2480 1431 2523 vivusne
1461 2478 1496 2532 f.
1522 2493 1584 2522 an
1607 2493 1663 2522 m.
1691 2477 1785 2522 ed.:
1817 2479 1921 2521 tan-

227 2541 300 2582 tas
342 2538 545 2594 ineptias
585 2538 819 2581 Donatum
864 2538 1102 2594 scripsisse
1141 2551 1319 2594 negans
1356 2539 1549 2582 nescires
1589 2539 1636 2580 et
1674 2538 1922 2582 moriturus

230 2597 472 2641 emendavi
505 2597 562 2640 cf.
594 2602 662 2651 10,
685 2600 783 2640 349.
908 2602 933 2640 5
965 2611 1059 2641 non
1089 2599 1198 2652 feeit
1219 2597 1262 2639 V
1286 2597 1356 2641 ed.
1381 2610 1494 2640 corr.
1519 2596 1589 2640 ed.
1615 2598 1735 2651 post.
1781 2595 1784 2654 Ι
1831 2597 1921 2640 otio

230 2657 270 2700 V
295 2657 366 2700 ed.
391 2658 443 2700 in
467 2670 505 2701 o.
532 2656 603 2700 ed.
628 2658 748 2712 post.
834 2660 860 2699 8
884 2657 1027 2700 sed—
1039 2662 1208 2712 pestem
1233 2656 1399 2700 deest
1386 2671 1436 2699 m
1459 2655 1515 2709 V,
1541 2655 1622 2698 sed
1648 2654 1918 2710 explicatur.

232 2720 256 2759 9
287 2717 380 2770 fuit
410 2717 612 2772 inauyur
635 2714 677 2758 V
702 2729 814 2758 corr.
842 2715 912 2758 ed.
1037 2721 1091 2758 14
1123 2721 1259 2773 neyat
1281 2715 1323 2758 V
1355 2728 1467 2758 corr.
1503 2715 1574 2758 ed.
1705 2718 1759 2758 23
1804 2714 1921 2758 colla

231 2789 318 2818 om.
345 2775 415 2818 ed.
455 2775 458 2833 ἡ
501 2775 760 2819 abscindere
792 2774 862 2818 ed.
986 2779 1042 2818 24
1074 2780 1115 2819 et
1144 2776 1382 2820 securitate
1404 2773 1446 2817 V
1477 2788 1532 2818 ex
1561 2787 1594 2818 s.
1630 2773 1717 2827 ed,
1750 2773 1830 2816 sed
1862 2772 1918 2816 cf.

229 2848 432 2889 prooem.
465 2834 527 2877 in.
632 2837 686 2877 25
721 2834 942 2889 patientis
972 2833 1014 2876 V
1046 2834 1116 2877 ed.
1150 2835 1290 2878 -tium
1329 2847 1424 2876 nos
1475 2832 1478 2890 Ι
1527 2834 1674 2877 nimia
1712 2833 1922 2876 ebrietate

230 2895 336 2948 post
373 2907 459 2937 sua
497 2892 711 2948 interpol.
746 2892 861 2936 edF.
912 2893 914 2949 Ι
965 2895 1126 2950 neyari
1148 2892 1190 2936 V
1221 2894 1366 2937 secari
1397 2892 1467 2935 ed.
1496 2905 1593 2936 nos.
1644 2892 1647 2950 Ι
1697 2892 1921 2935 nesciebat

232 2952 302 2995 ed.
426 2957 479 2995 27
514 2957 622 2996 tune
645 2951 686 2995 V
712 2951 782 2996 ed.
816 2956 912 2995 tum
943 2950 1079 3009 Verg.
1114 2951 1236 2995 libri.
