2050 3226
755 154 1060 200 AENEmos
1084 154 1171 200 vn
1741 158 1807 211 91

119 296 298 360 quibus
338 295 465 344 caeli
503 294 728 359 partibus
766 297 1109 356 morarentur,
1148 293 1274 342 dixit
1312 296 1362 342 et
1401 295 1599 357 quando
1631 295 1814 346 existat

116 371 223 433 ipse
245 385 376 431 mos»,
407 368 666 433 subiungit
688 370 843 418 etiam
870 368 1024 417 moris
1053 367 1213 432 ipsius
1236 369 1403 417 ritum.
1457 372 1573 417 sant
1590 372 1813 430 yeminae

23 504 27 539 t
117 445 228 493 belli
257 447 452 505 portae,
492 444 563 492 sic
599 444 794 492 nomine
831 443 1021 491 dieunt:
1058 442 1209 505 duae,
1239 442 1429 506 inquit,
1466 445 1640 506 portae
1680 447 1812 505 sunt,

114 519 209 567 hae
248 517 367 581 quia
404 517 524 567 belli
561 519 784 580 tempore
820 518 1169 566 tantummodo
1200 518 1500 579 reserantur,
1531 517 1811 580 appellatae

63 604 84 638 ⁶
115 595 234 642 sunt
293 592 414 640 belli
465 593 653 654 portae.
729 591 959 652 reliyione
1019 605 1192 639 sacrae
1253 595 1296 639 et
1354 592 1490 639 saevi
1547 592 1813 652 formidine

113 667 325 715 Martis:
377 681 491 714 cum
545 665 681 714 omni
732 666 973 730 religione
1025 665 1275 714 habentur
1322 666 1527 728 propter
1571 665 1811 714 Martium

23 755 37 802 ς,
113 756 308 789 numen.
373 742 562 790 centum
603 740 734 788 aerei
764 740 1002 788 claudunt
1030 743 1205 788 vectes:
1242 739 1381 788 dedit
1419 740 1649 789 claustris
1688 739 1811 802 ipsis

20 815 51 874 ξι
112 815 352 864 maiorem
382 815 486 863 vim
526 829 557 862 a
594 830 798 863 numero
839 816 890 862 et
920 814 1164 877 qualitate
1201 814 1455 862 materiae.
1522 818 1812 874 aeternaque

110 889 235 949 ferri
272 890 473 938 robora:
519 889 696 937 crescit
732 887 805 936 rei
834 888 995 951 ipsius
1035 890 1381 952 augmentum,
1428 904 1606 937 aeneos
1645 890 1809 937 vectes
1828 897 1915 936 610

38 974 84 1008 ιο
113 962 257 1024 dicit,
296 964 450 1012 etiam
498 962 757 1011 roboribus
805 961 977 1012 ferreis
1022 964 1192 1025 portas
1239 963 1377 1026 ipsas
1423 963 1614 1011 clausas
1658 965 1810 1026 atque

23 1039 30 1066 ἓ
111 1037 348 1086 firmatas.
425 1051 512 1085 nec
561 1040 719 1085 eustos
765 1037 957 1085 absistit
1004 1036 1170 1084 limine
1217 1037 1405 1085 Ianus:
1454 1036 1683 1086 omnibus
1731 1038 1810 1085 his

113 1112 444 1160 claustrorum
503 1111 829 1160 firmamentis
884 1110 1084 1159 additus
1142 1126 1242 1158 non
1297 1110 1434 1160 deest
1484 1110 1660 1172 Ianus,
1723 1111 1811 1174 qui

112 1187 312 1250 gemina
360 1186 523 1233 fr0nte
569 1183 968 1247 circumspiciens
1019 1185 1188 1233 omnia
1236 1201 1336 1234 non
1382 1186 1577 1247 patitur
1626 1185 1808 1234 furoris

113 1262 163 1308 et
201 1260 442 1309 scelerum
478 1259 655 1308 ianuas
693 1261 879 1307 temere
915 1259 1139 1308 reserari.
1213 1259 1326 1316 has,
1374 1260 1460 1307 abi
1506 1262 1636 1307 certa
1681 1260 1811 1307 sedet

38 1344 80 1378 15
102 1335 335 1394 patribus
358 1334 595 1382 sententia
607 1347 831 1394 puynae,
863 1333 951 1381 ubi
973 1332 1202 1395 patribus
1225 1349 1325 1382 uno
1351 1348 1591 1382 consensu
1621 1333 1809 1381 bellum

111 1407 218 1472 geri
241 1408 489 1471 placuerit
511 1409 562 1456 et
585 1408 806 1455 omnium
830 1407 983 1456 fuerit
1007 1407 1106 1456 fixa
1137 1408 1400 1469 sententia,
1429 1408 1534 1467 ipse
1560 1407 1810 1468 Quirinali

110 1483 279 1530 trabea
317 1483 565 1543 cinctuque
612 1481 806 1530 Gabino
852 1482 1063 1542 insiynis
1108 1485 1294 1529 reserat
1335 1482 1592 1530 stridentia
1635 1482 1810 1530 limina

111 1556 301 1604 consul:
350 1556 491 1604 cultu
535 1556 804 1604 Romuleae
850 1555 1002 1605 vestis
1050 1558 1100 1604 et
1146 1554 1330 1604 Gabini
1379 1555 1544 1604 cinctu
1593 1556 1807 1619 insignis

110 1631 281 1679 consul
321 1631 500 1678 harum
548 1632 810 1693 portarum
857 1631 1048 1679 reserat
1096 1630 1242 1678 fores.
1318 1629 1584 1678 stridentia
1631 1630 1809 1678 limina

34 1714 79 1748 πο
108 1705 301 1767 posuit,
339 1706 397 1752 ut
434 1705 487 1752 in
524 1703 638 1767 ipsa
680 1720 879 1768 quoque
922 1704 1257 1767 patefactione
1296 1705 1560 1753 valvarum
1594 1719 1806 1768 magnus

110 1778 293 1827 stridor
315 1793 537 1827 serarum
559 1778 742 1827 missus
765 1780 952 1827 terreat
982 1777 1244 1827 audientis.
1290 1779 1395 1838 ipse
1424 1781 1562 1826 vocat
1583 1793 1808 1839 puynas:

108 1853 241 1900 idem
289 1854 397 1915 ipse
448 1853 622 1902 consul
671 1868 789 1902 voce
841 1868 934 1901 sua
983 1855 1131 1902 vocat
1171 1868 1391 1916 pugnaS,
1443 1853 1537 1901 hoc
1591 1854 1666 1901 est
1719 1852 1808 1901 dat

107 1926 372 1975 iuvenibus
403 1926 663 1991 pugnandi
691 1928 1006 1990 potestatem.
1068 1928 1285 1986 sequitur
1315 1930 1415 1974 tum
1448 1930 1603 1975 cetera
1624 1927 1807 1987 pubes:

109 2016 222 2048 cum
263 2000 348 2049 ille
389 2001 690 2063 permiserit,
734 2002 958 2063 sequitur
997 2001 1269 2049 multitudo
1313 2002 1471 2050 omnis
1515 2003 1566 2049 et
1604 2016 1804 2050 consen-

33 2084 77 2118 86
108 2090 218 2123 sum
257 2075 537 2123 commodat
581 2076 855 2138 imperatis.
923 2077 1092 2138 potest
1137 2078 1188 2124 et
1228 2075 1320 2137 sic,
1359 2077 1419 2123 ut
1454 2075 1686 2124 iuventus
1727 2091 1805 2123 ac-

108 2151 252 2211 cepta
296 2151 546 2211 potestate
592 2148 850 2213 pugnandi
897 2151 1060 2198 cetera
1099 2165 1228 2212 quae
1270 2152 1388 2198 sunt
1426 2149 1566 2210 belli,
1605 2151 1664 2196 ut
1701 2164 1804 2197 sese

107 2223 380 2284 rettulerit,
428 2225 678 2285 sequatur.
755 2238 990 2284 aereaque
1036 2224 1250 2272 adsensu
1297 2225 1579 2284 conspirant
1620 2238 1804 2271 cornua
1822 2230 1908 2270 615

106 2312 255 2345 rauco
265 2315 281 2344 .·
320 2299 554 2346 continuo
587 2300 638 2346 et
662 2299 836 2346 cantus
860 2297 1027 2346 bellici
1051 2299 1206 2346 aereis
1232 2297 1462 2346 cornibus
1491 2297 1803 2346 emittuntur.

16 2379 33 2402 -’
106 2371 192 2419 hoc
231 2374 273 2419 et
310 2374 412 2419 tuni
448 2370 701 2420 Aeneadis
738 2372 950 2419 indicere
985 2372 1110 2420 bella
1139 2371 1358 2420 Latinus
1386 2385 1518 2419 more
1548 2372 1804 2419 iubebatur

33 2451 78 2486 ⁸⁰
107 2446 351 2506 tristisque
381 2446 627 2494 recludere
649 2449 847 2506 portas:
885 2445 1154 2494 secundum
1182 2448 1400 2495 veterem
1429 2445 1588 2509 igitur
1617 2461 1803 2493 morem

257 2561 282 2600 3
314 2559 503 2602 nomina
526 2557 581 2601 V.
674 2562 701 2601 4
732 2559 818 2602 hac
841 2557 883 2601 V
906 2571 961 2602 ac
985 2557 1057 2601 ed.
1086 2558 1170 2602 hae
1197 2571 1295 2602 nos.
1389 2561 1413 2600 9
1447 2561 1736 2612 aaymentum
1760 2555 1802 2597 V

108 2629 294 2672 aryum·
320 2616 390 2660 ed.
421 2616 425 2674 Ι
454 2616 669 2662 aeneosV
693 2631 844 2661 aereos
868 2617 939 2660 ed.
1015 2621 1070 2659 14
1094 2622 1217 2674 qesta
1239 2630 1323 2672 pro
1348 2621 1469 2661 certa
1485 2616 1539 2659 V.
1616 2620 1669 2658 16
1694 2616 1801 2670 pla-

107 2676 488 2729 cuerat—fuerat
518 2676 589 2720 ed.
684 2680 738 2719 18
769 2677 931 2733 yabini
953 2675 995 2718 V
1020 2676 1090 2719 ed.
1118 2678 1164 2732 (a
1190 2675 1479 2719 nominativo
1506 2673 1735 2717 Gabinum
1748 2676 1800 2728 22).

108 2737 161 2776 21
194 2734 406 2779 stridoris
436 2748 584 2780 errore
613 2736 778 2780 missus
811 2734 851 2778 V
883 2734 970 2778 edI
999 2740 1078 2779 str.
1109 2740 1250 2779 terror
1280 2736 1468 2779 emissus
1499 2733 1600 2777 edF
1632 2733 1803 2776 stridor

106 2806 310 2837 serarum
341 2808 397 2837 m.
431 2807 527 2837 nos.
636 2799 692 2837 23
724 2799 820 2838 tum
851 2793 893 2837 V
924 2807 1052 2850 quem
1084 2794 1155 2837 ed.
1265 2798 1320 2837 25
1347 2797 1495 2849 potest
1522 2790 1562 2833 V
1592 2792 1801 2836 omnibus

108 2851 178 2896 ed.
239 2852 243 2909 Ι
301 2857 352 2896 ut
390 2866 477 2896 om.
513 2853 585 2897 ed.
708 2857 764 2896 26
804 2858 949 2897 cetera
983 2852 1025 2895 V
1064 2853 1127 2896 ad
1163 2858 1231 2897 αἱ)
1286 2854 1291 2908 1
1346 2855 1572 2908 quaerunt
1605 2849 1647 2893 V
1685 2864 1801 2906 quae

106 2915 213 2954 sunt
251 2924 347 2954 nos.
470 2916 524 2955 27
565 2913 805 2957 retulerint
837 2911 880 2955 V
919 2913 1010 2956 -rit
1047 2925 1130 2955 nos
1169 2914 1278 2967 (sese
1315 2910 1463 2955 rettul.
1497 2909 1525 2952 i.
1553 2922 1589 2952 e.
1622 2909 1798 2965 consul)

106 2968 391 3014 ad—rettul.
424 2972 598 3015 temere
629 2973 743 3015 mut.
778 2970 848 3014 ed.
887 2971 894 3029 Ι
926 2972 1129 3026 sequitur
1161 2970 1231 3014 ed.
1270 2970 1274 3028 Ι
1310 2982 1495 3025 aereque
1525 2967 1579 3011 V.
