2050 3226
209 146 317 200 234
681 145 914 190 DONATI
942 145 1008 189 IN
1010 145 1224 190 TERPR.
1249 145 1428 191 VERG.

206 284 361 332 medio
407 286 512 333 sine
555 286 751 333 nomine
792 286 982 346 plebem
1026 285 1318 345 Fadwmque
1361 286 1727 346 Herbesumque
1771 287 1901 335 subit

105 367 189 406 345
207 359 535 419 Rhoetwmque
550 358 851 419 Abarimque
874 360 1097 420 iynaros:
1129 359 1250 421 quia
1272 360 1457 409 multos
1483 376 1593 409 cum
1617 360 1896 409 nominibus

207 434 434 496 superius
474 433 664 496 posuit,
709 432 892 481 idcirco
930 433 1023 481 hoc
1062 449 1176 481 cum
1214 434 1418 496 diceret,
1465 437 1569 483 sine
1614 434 1898 482 nominibus

207 508 631 570 commemoravit3
686 508 780 555 hoc
831 507 958 556 enim
1011 523 1188 571 genere
1238 523 1338 556 non
1386 524 1569 570 paucos
1621 509 1898 572 significare

205 580 374 643 potuit
411 596 600 643 caesos3
639 580 994 629 vocabulorum
1032 580 1164 629 enim
1202 583 1507 631 enumeratio
1547 584 1761 646 speciem
1799 583 1898 632 evi-
1952 598 1971 630 ⁵

208 655 404 703 dentem
441 656 654 704 transire
694 671 794 703 non
832 656 1015 718 posset.
1085 656 1214 704 certe
1254 655 1382 704 dixit
1418 659 1470 704 et
1506 672 1730 718 causam,
1769 673 1897 718 (11166

205 745 305 778 11011
329 729 532 778 admisit
555 729 653 778 dici
675 730 878 777 nomina
901 729 1227 793 singulorum,
1254 729 1431 793 plebei,
1461 731 1642 794 inquit,
1673 731 1898 779 fuerunt:

207 804 317 866 quis
372 805 539 866 potest
590 806 793 852 nomina
845 818 989 851 nosse
1041 804 1315 852 multorum
1368 806 1418 852 et
1467 821 1636 853 eorum
1689 820 1894 867 quorum

164 934 167 936 ,
205 877 400 924 nullum
439 879 681 940 appareat
717 876 984 925 meritum?
1052 877 1243 926 Fadum
1295 881 1464 926 tamen
1518 881 1569 927 et
1621 879 1897 928 Herbesum

204 951 551 1014 Rhoetumque
588 950 894 1013 Abarimque
931 952 1155 1015 ignaros,
1205 967 1316 1000 611111
1361 952 1440 1001 his
1485 952 1674 1001 scilicet
1713 954 1802 1016 qui
1840 970 1899 1000 ex
1930 968 1973 1000 10

203 1025 345 1086 plebe
384 1026 536 1074 fuisse
575 1025 889 1074 videbantur.
951 1025 1086 1074 subit
1124 1025 1188 1074 ad
1227 1027 1385 1075 omnis
1432 1027 1649 1089 pertinet
1686 1028 1774 1089 qui
1813 1027 1897 1075 ad-

204 1101 437 1147 seruntur
486 1099 652 1148 occisi.
725 1099 926 1163 ignaros
982 1116 1179 1163 quoque
1231 1100 1366 1162 quod
1421 1102 1514 1162 ait,
1569 1101 1634 1148 ad
1693 1103 1897 1150 cunctos

204 1173 434 1222 similiter
455 1175 673 1236 pertinet
694 1174 888 1223 Rhoeto
914 1176 1131 1237 excepto,
1156 1175 1393 1236 quoniam
1417 1175 1644 1238 sequitur
1661 1175 1899 1224 Rhoetum

202 1248 482 1308 viyilantem
513 1251 556 1296 et
586 1252 759 1296 cuneta
787 1249 1038 1298 videntem.
1092 1249 1177 1296 sed
1206 1264 1440 1309 maynum
1467 1252 1683 1298 metuens
1713 1263 1764 1298 se
1785 1253 1901 1309 post

205 1325 396 1370 cratera
444 1323 640 1383 teyebat.
714 1322 809 1370 iste
859 1324 1057 1370 tantum
1108 1323 1297 1371 occisus
1347 1325 1423 1371 est
1472 1323 1629 1372 sciens
1681 1325 1732 1372 et
1785 1339 1897 1372 con·
1930 1337 1973 1370 15

204 1397 416 1458 spiciens
447 1395 694 1445 universa.
758 1396 838 1445 6111
868 1396 1030 1444 obfuit
1068 1396 1312 1445 timiditas
1346 1413 1457 1458 sua,
1497 1397 1586 1460 qui
1617 1413 1730 1446 cum
1760 1414 1899 1462 mag-

203 1487 323 1518 num
370 1471 564 1519 hostem
612 1471 749 1519 ultra
801 1470 1004 1519 modum
1056 1473 1324 1533 metueret,
1378 1486 1483 1520 sese
1535 1475 1650 1534 post
1704 1473 1898 1520 cratera

203 1544 457 1593 nitebatur
495 1544 806 1594 abscondere.
883 1544 963 1593 hic
1002 1544 1260 1594 dubitatur
1299 1561 1398 1608 (1110
1438 1545 1617 1594 debeat
1655 1545 1898 1608 adplicari

205 1619 337 1680 quod
377 1618 502 1666 dixit
530 1635 794 1683 magnum,
833 1621 1005 1667 utrum
1033 1635 1275 1683 magnum
1304 1622 1528 1668 metuens
1562 1636 1626 1668 an
1656 1635 1896 1684 magnum

202 1695 318 1755 post
362 1695 566 1741 cratera.
647 1693 732 1742 sed
778 1693 954 1742 melius
1009 1695 1084 1742 est
1135 1710 1374 1757 magnum
1426 1694 1620 1742 hostem
1675 1695 1896 1757 accipere
1927 1707 1971 1740 20

202 1770 405 1830 propter
434 1767 645 1815 nimium
675 1767 906 1815 timorem
945 1783 1097 1830 (1116111
1125 1784 1364 1831 magnum
1397 1784 1493 1830 quo
1526 1769 1767 1816 occultari
1797 1783 1896 1816 non

202 1842 391 1904 potuit,
433 1842 643 1904 denique
680 1841 795 1889 inde
835 1842 1046 1903 occisus,
1094 1843 1213 1903 quia
1251 1843 1388 1890 visus
1429 1844 1503 1890 est
1542 1843 1681 1891 velut
1717 1843 1894 1891 latens.

195 1919 384 1991 peegore
421 1917 476 1963 in
515 1917 718 1964 adverso
750 1918 898 1963 totum
938 1917 1017 1964 eui
1055 1917 1322 1964 comminus
1361 1930 1520 1964 ensem
1559 1917 1773 1964 condidit
1809 1917 1896 1964 ad—

202 1991 442 2050 sumenti:
477 1991 526 2038 et
548 1991 683 2039 visus
709 1991 784 2037 est
813 1990 909 2038 iste
941 1993 991 2038 et
1013 1989 1134 2038 tulit
1155 1991 1350 2038 hostem
1372 1990 1653 2039 venientem
1684 1992 1735 2038 et
1758 1993 1894 2039 ante-

203 2079 354 2125 quam
386 2064 656 2128 adsurgens
695 2064 839 2126 plene
876 2064 1188 2125 consisteret,
1227 2065 1278 2111 in
1312 2065 1422 2127 ipso
1457 2067 1655 2127 pectore
1691 2065 1895 2127 plenum
1926 2077 1968 2110 25

200 2137 358 2185 ictum
380 2139 630 2186 mucronis
655 2139 884 2200 suscepit.
948 2138 1080 2202 quod
1111 2139 1299 2186 factum
1324 2140 1399 2187 est
1429 2138 1677 2202 surgentis
1702 2140 1895 2202 impetu

202 2214 251 2258 et
281 2212 539 2273 ferventis3
572 2229 688 2260 nam
717 2212 933 2275 inpactis
964 2214 1096 2260 inter
1127 2228 1177 2260 se
1209 2213 1331 2261 duro
1365 2215 1415 2260 et
1440 2214 1581 2261 molli
1611 2213 1895 2275 praevaluit

201 2286 387 2334 ferrum
433 2286 648 2334 solidum
691 2289 874 2334 11611116
913 2289 963 2335 61
1007 2287 1060 2334 111
1105 2286 1320 2350 rigorem
1367 2288 1488 2335 satis
1529 2288 1741 2348 apteque
1781 2302 1893 2335 con-

200 2360 436 2422 positum.
495 2360 611 2408 huic
648 2361 924 2408 intellectui
953 2361 1193 2422 ferarum,
1234 2376 1344 2408 cum
1382 2361 1742 2423 percutiuntur,
1782 2377 1892 2408 con-

202 2433 339 2497 gruit
384 2434 595 2495 factum,
644 2450 771 2495 quae
821 2435 954 2483 saltu
1001 2451 1058 2483 ac
1104 2434 1321 2498 pondere
1361 2450 1448 2483 suo
1489 2434 1768 2483 venientem
1807 2435 1891 2483 ad·
1923 2447 1967 2478 30

321 2609 343 2647 1
377 2605 715 2660 herbessumque
748 2605 888 2661 (infra
911 2607 949 2660 s)
973 2605 1028 2649 V.
1115 2611 1139 2648 2
1172 2608 1359 2662 iynaros
1389 2605 1623 2648 lemmatis
1647 2605 1752 2648 finis
1776 2605 1826 2648 in
1850 2605 1892 2648 V

201 2664 730 2708 Rhoetum—videntem
774 2664 880 2707 add.
922 2664 992 2708 ed.
1118 2669 1142 2708 3
1186 2666 1266 2708 hoe
1301 2663 1342 2707 V
1383 2665 1492 2708 haee
1536 2664 1606 2707 ed.
1729 2669 1757 2707 4
1798 2677 1893 2709 ‘non

198 2736 369 2778 paucos
405 2737 439 2766 s.
468 2737 515 2779 p.
548 2726 642 2768 non
680 2737 830 2767 caesos
854 2723 894 2766 V
925 2723 1157 2778 posterius
1195 2737 1289 2768 ‘non
1327 2722 1416 2768 del.
1449 2723 1491 2766 V
1522 2723 1593 2766 ed.
1628 2723 1792 2767 dubito
1832 2738 1890 2767 an

200 2781 328 2836 prius
373 2782 622 2826 delendum
666 2782 745 2836 sit,
792 2783 1024 2838 posterius
1072 2783 1380 2826 retinendum.
1508 2787 1531 2825 7
1570 2783 1719 2838 plebei
1752 2782 1794 2825 V
1838 2796 1893 2826 ex

194 2841 323 2895 plebe
355 2841 425 2884 ed.
513 2846 566 2884 12
599 2846 780 2886 cunctos
803 2840 845 2883 V
877 2855 1027 2886 omnes
1059 2842 1130 2885 ed.
1216 2847 1270 2885 16
1302 2843 1378 2886 eui
1409 2854 1496 2884 om.
1523 2841 1594 2885 ed.
1682 2845 1735 2885 19
1767 2855 1891 2898 may-

199 2914 311 2942 num
340 2905 493 2944 utrum
526 2914 613 2943 om.
641 2900 711 2943 ed.
842 2905 894 2943 21
929 2915 1016 2956 quo
1039 2901 1081 2943 V
1113 2902 1231 2957 quod
1262 2901 1333 2945 ed.
1464 2904 1518 2943 28
1551 2902 1602 2944 in
1632 2902 1825 2958 riyorem
1849 2899 1891 2943 V

201 2960 347 3015 riyore
380 2959 450 3003 ed.
