2050 3226
234 209 338 262 142
706 206 939 251 DONATI
967 206 1247 251 INTERPR.
1274 206 1453 250 VERG.

230 347 363 395 infra
392 348 727 395 monstratum
758 348 847 409 est,
877 345 1000 394 ritui
1031 362 1285 395 sacrorum
1321 346 1602 409 inputanda
1639 349 1923 409 noscantur,

229 421 315 469 ubi
355 420 495 469 aliud
534 422 683 483 atque
724 420 823 469 alio
862 421 1010 468 modo
1051 420 1270 468 exhiberi
1307 436 1407 468 non
1452 415 1619 487 licuit)
1667 437 1756 469 nec
1801 437 1923 484 pau-

230 496 416 558 pertati
453 495 680 543 Euandri
719 494 1017 557 adplicanda
1053 509 1132 542 res
1173 510 1298 556 quae
1336 495 1466 543 inter
1503 496 1773 558 praecipua
1810 494 1923 543 fuit.

230 570 438 617 vescitur
474 568 671 617 Aeneas
723 569 870 616 simul
920 572 963 616 et
1001 569 1223 616 Troiana
1270 569 1496 617 inventus
1533 570 1758 629 perpetui
1795 572 1924 630 teryo

232 644 365 692 bovis
397 647 440 691 et
470 643 756 691 lustralibus
787 644 930 690 extis:
961 641 1159 690 etiamsi
1187 642 1386 690 Aeneae
1410 643 1492 692 vel
1515 643 1717 692 Teucris
1750 643 1924 706 epulae
1978 655 1999 689 5

229 717 348 766 illae
387 717 738 780 displicebant,
777 717 990 764 edebant
1027 718 1196 764 tamen
1235 716 1485 779 adposita,
1523 718 1604 766 vel
1635 717 1756 780 quia
1788 716 1926 765 aliud

160 838 165 841 .
231 807 331 840 non
375 790 476 839 fuit
519 791 600 839 vel
647 791 764 854 quia
811 791 962 839 sacris
1016 791 1293 839 intererant
1339 808 1465 853 quae
1513 791 1680 839 omnia
1726 793 1927 853 praeter

230 865 469 914 bubulam
505 865 822 927 recusabant3
861 868 920 913 ut
958 866 1126 912 autem
1170 866 1269 912 fuit
1312 864 1566 929 integrum
1603 866 1736 914 latus
1775 866 1927 927 tauri,

233 941 304 988 sic
328 955 441 988 cum
465 939 588 987 extis
615 938 914 1002 adpositum.
975 939 1192 988 vescitur
1213 938 1423 1001 Aeneas,
1455 940 1606 988 simul
1637 942 1687 988 et
1710 939 1928 988 Troiana

230 1014 467 1063 iuventus
498 1013 729 1076 perpetui
757 1015 898 1077 tergo
929 1013 1071 1062 bovis
1103 1014 1153 1060 et
1183 1013 1474 1062 lustralibus
1507 1015 1654 1062 extis:
1693 1029 1804 1061 cum
1834 1014 1928 1062 hoc
1959 1027 2002 1059 ιο

231 1088 631 1150 pronuntiamus,
668 1086 867 1135 Aeneae
905 1103 1084 1135 nomen
1123 1088 1173 1135 et
1211 1087 1544 1135 Troianorum
1583 1087 1814 1136 debemus
1847 1104 1926 1135 ex-

231 1162 423 1223 tollere,
455 1162 636 1224 quibus
666 1161 870 1225 indigne
903 1161 1132 1224 adposita
1162 1163 1238 1210 est
1267 1161 1455 1209 bubula
1486 1177 1599 1210 assa
1628 1178 1718 1210 nec
1749 1163 1928 1210 saltem

234 1236 399 1298 aliquo
437 1238 543 1284 iure
583 1236 805 1297 condita,
844 1237 894 1284 et
930 1251 1102 1285 revera
1138 1235 1324 1284 iniuria
1362 1236 1482 1297 fuit,
1529 1237 1574 1284 si
1618 1237 1854 1285 tollamus
1902 1251 1928 1284 e

232 1310 395 1358 medio
435 1325 689 1359 sacrorum
725 1326 915 1358 morem
954 1310 1043 1372 qui
1080 1309 1179 1357 alia
1216 1310 1498 1373 respuebat.

351 1384 616 1443 Postquain
669 1388 886 1444 exempta
937 1385 1095 1443 fames
1146 1387 1190 1432 et
1238 1399 1376 1432 amor
1415 1398 1701 1444 conpressus
1741 1385 1927 1442 edendi,
1961 1396 2003 1429 15

133 1467 217 1508 185
233 1472 318 1506 rex
347 1457 625 1506 Euandrus
664 1459 757 1506 ait:
795 1474 908 1506 caro
947 1458 1036 1505 illa
1075 1460 1118 1506 si
1156 1458 1331 1506 edendi
1369 1457 1569 1507 delicias
1605 1474 1705 1506 non
1735 1458 1929 1520 habuit,

233 1531 412 1580 habuit
448 1534 616 1580 tamen
664 1531 812 1580 famis
859 1531 1191 1580 excludendae
1238 1532 1586 1581 substantiam.
1661 1534 1930 1595 postquam

235 1605 392 1670 igitur
443 1606 537 1654 hoc
590 1606 780 1654 factum
833 1608 908 1654 est
958 1608 1008 1653 et
1058 1606 1235 1654 edendi
1283 1606 1544 1654 fastidium
1595 1605 1654 1653 de
1694 1607 1929 1655 satietate

237 1679 492 1741 successit,
541 1697 628 1728 rex
677 1680 778 1728 illis
829 1681 899 1728 sic
949 1681 1114 1743 coepit
1165 1680 1318 1743 loqui.
1401 1680 1658 1728 moraliter
1709 1682 1931 1744 positum

234 1755 501 1816 postquam
533 1757 759 1816 exempta
789 1754 967 1815 fames3
1006 1755 1173 1802 nullus
1205 1755 1337 1802 enim
1366 1753 1420 1802 in
1452 1754 1678 1803 convivio
1717 1755 1930 1803 libenter
1960 1767 2005 1799 2⁰

234 1828 433 1876 fabulas
467 1828 681 1876 conserit
712 1829 802 1875 aut
833 1827 978 1875 audit
1010 1828 1213 1890 alienas,
1244 1828 1344 1876 nisi
1365 1830 1538 1877 venter
1561 1829 1714 1877 fuerit
1735 1830 1928 1891 plenus.

233 1902 437 1966 longam
491 1903 677 1965 quippe
731 1904 1022 1950 narraturus
1077 1903 1241 1951 fuerat
1300 1902 1534 1950 Euander
1593 1902 1819 1951 fabulam
1880 1905 1931 1952 et

232 1976 398 2039 ipsam
445 1991 545 2023 non
595 1976 916 2039 superfluam,
957 1976 1043 2024 sed
1080 1979 1252 2025 natam
1291 1992 1350 2024 ex
1389 1993 1445 2024 eo
1487 1978 1620 2040 quod
1655 1977 1766 2039 ipso
1804 1979 1928 2025 tem-

234 2065 353 2113 pore
392 2050 679 2113 gerebatur-t
719 2050 890 2098 debuit
927 2050 1107 2098 habere
1148 2050 1400 2099 auditores
1443 2051 1620 2100 animis
1670 2051 1840 2100 liberis
1880 2053 1930 2099 et

235 2124 375 2172 nulla
414 2139 472 2171 ex
511 2139 663 2172 causa
702 2125 967 2186 suspensis,
1009 2125 1142 2187 quod
1173 2127 1494 2187 procuratum
1525 2128 1600 2174 est
1631 2126 1930 2174 auxiliorum
1961 2135 2004 2168 25

234 2198 477 2261 promisso
517 2200 568 2246 et
603 2198 770 2246 inedia
809 2199 1019 2247 exclusa.
1074 2213 1173 2246 non
1209 2199 1327 2247 haee
1363 2200 1617 2247 sollemnia
1653 2200 1806 2255 nobi-3,
1838 2200 1930 2247 has

237 2286 293 2320 ex
330 2286 461 2319 ‘more
500 2272 664 2331 dapes,
704 2273 831 2320 hane
868 2273 992 2320 tanti
1029 2273 1248 2320 numinis
1287 2288 1430 2321 aram
1474 2288 1608 2321 vana
1653 2274 1928 2332 superstitio

234 2349 504 2393 veterwmve
541 2346 722 2406 iynara
761 2347 959 2394 deorum
996 2347 1232 2406 inposuit,
1272 2348 1453 2404 saevi-9,
1493 2348 1664 2406 hospes
1701 2348 1928 2403 Troiane,

230 2420 430 2480 periclis
468 2420 649 2467 servati
686 2421 898 2479 facimus
936 2421 1221 2481 meritosque
1257 2435 1496 2468 novamus
1534 2421 1765 2468 honores:
1812 2421 1930 2468 dum

237 2494 348 2542 vult
409 2493 650 2557 originem
709 2493 1046 2556 praesentium
1098 2495 1281 2542 referre
1343 2510 1617 2556 sacrorum,
1680 2495 1828 2543 simul
1880 2496 1931 2543 et
1961 2505 2004 2537 30

358 2610 381 2649 1
424 2606 543 2649 ritus
581 2618 794 2662 ayrorum
827 2604 883 2649 V
942 2605 947 2664 1
1004 2611 1260 2650 nascantur
1289 2605 1331 2648 V
1369 2606 1632 2661 inputanda
1652 2632 1707 2638 —
1734 2611 1759 2649 2
1800 2606 1932 2650 licuit

237 2666 411 2708 temere
442 2666 556 2721 mut.
582 2664 655 2708 ed.
747 2669 772 2707 3
805 2678 860 2709 ex
883 2679 975 2720 qua
997 2666 1117 2709 inter
1139 2666 1391 2721 praecipuo
1422 2665 1515 2719 fuit
1538 2664 1579 2708 V
1611 2678 1644 2708 e.
1671 2679 1710 2720 q.
1735 2666 1766 2708 i.
1792 2678 1930 2720 prae-

237 2725 395 2779 cipuos
416 2724 451 2778 f.
478 2723 549 2767 ed.
582 2737 653 2768 res
683 2737 798 2779 quae
827 2725 945 2767 inter
968 2725 1227 2779 praecipua
1247 2724 1282 2778 f.
1308 2737 1404 2767 nos.
1515 2728 1543 2766 4
1567 2729 1788 2779 perpetuo
1811 2724 1927 2767 Don.

238 2782 408 2839 legisse
439 2797 562 2839 susp.
587 2782 822 2838 Hoppius,
855 2783 1053 2826 fortasse
1077 2784 1203 2827 recte
1225 2783 1417 2839 propter
1439 2783 1676 2839 inteyrum.
1773 2787 1826 2826 12
1857 2783 1930 2826 in-

238 2842 404 2898 diynae
427 2841 470 2885 V
496 2841 694 2899 indiyna
715 2841 759 2884 H
790 2842 978 2899 indiyne
1002 2842 1073 2885 ed.
1167 2846 1222 2884 19
1254 2855 1336 2886 rex
1358 2841 1400 2885 V
1431 2855 1486 2885 ex
1517 2841 1589 2885 ed.
1683 2845 1735 2884 21
1768 2842 1933 2895 fuisset

238 2899 280 2942 V
311 2901 455 2954 fuerit
485 2914 598 2944 corr.
625 2900 696 2944 ed.
789 2905 844 2944 26
871 2902 1111 2956 promissis
1138 2901 1210 2945 ed.
1303 2904 1357 2943 28
1390 2900 1574 2944 deornm
1596 2899 1638 2942 V
1663 2900 1733 2943 ed.
1759 2913 1930 2955 paren-

239 2964 335 3003 tum
366 2959 601 3003 Donatum
631 2959 801 3017 legisse
833 2973 890 3004 ex
916 2960 1303 3015 interpretatione
1327 2959 1588 3015 suspicatus
1612 2961 1682 3002 est
1705 2959 1928 3015 Heynius,

241 3017 322 3061 sed
352 3018 471 3061 illud
504 3019 629 3074 quod.
660 3021 731 3063 est
757 3024 945 3075 patrum
977 3033 1034 3063 ex
1066 3019 1162 3063 solo
1193 3024 1390 3064 veterum
1422 3017 1588 3062 elicere
1619 3018 1786 3074 potuit.
