<?xml version="1.0" encoding="UTF-8"?>
<!DOCTYPE html PUBLIC "-//W3C//DTD XHTML 1.0 Transitional//EN"
    "http://www.w3.org/TR/xhtml1/DTD/xhtml1-transitional.dtd">
<html xmlns="http://www.w3.org/1999/xhtml" xml:lang="en" lang="en">
 <head>
  <title>
</title>
<meta http-equiv="Content-Type" content="text/html;charset=utf-8" />
  <meta name='ocr-system' content='tesseract 3.04.00' />
  <meta name='ocr-capabilities' content='ocr_page ocr_carea ocr_par ocr_line ocrx_word'/>
</head>
<body>
  <div class='ocr_page' id='page_1' title='image "./interpretationes02donauoft_0410.png"; bbox 0 0 2050 3226; ppageno 0'>
   <div class='ocr_carea' id='block_1_1' title="bbox 228 151 1447 207">
    <p class='ocr_par' dir='ltr' id='par_1_1' title="bbox 228 151 1447 207">
     <span class='ocr_line' id='line_1_1' title="bbox 228 151 1447 207; baseline -0.008 1"><span class='ocrx_word' id='word_1_1' title='bbox 228 154 337 207; x_wconf 87' lang='grc'><strong>406</strong></span> <span class='ocrx_word' id='word_1_2' title='bbox 700 151 934 197; x_wconf 83' lang='lat' dir='ltr'><strong>DONATI</strong></span> <span class='ocrx_word' id='word_1_3' title='bbox 962 153 1242 197; x_wconf 77' lang='lat' dir='ltr'><strong>INTERPR.</strong></span> <span class='ocrx_word' id='word_1_4' title='bbox 1268 152 1447 198; x_wconf 80' lang='lat' dir='ltr'><strong>VERG.</strong></span> 
     </span>
    </p>
   </div>
   <div class='ocr_carea' id='block_1_2' title="bbox 225 291 1919 727">
    <p class='ocr_par' dir='ltr' id='par_1_2' title="bbox 225 291 1919 727">
     <span class='ocr_line' id='line_1_2' title="bbox 228 291 1919 357; baseline 0.001 -16"><span class='ocrx_word' id='word_1_5' title='bbox 228 291 527 355; x_wconf 90' lang='lat' dir='ltr'><strong>adaptandis</strong></span> <span class='ocrx_word' id='word_1_6' title='bbox 565 292 870 342; x_wconf 90' lang='lat' dir='ltr'><strong>indumentis</strong></span> <span class='ocrx_word' id='word_1_7' title='bbox 911 292 1178 341; x_wconf 77' lang='lat' dir='ltr'><strong>obstarent.</strong></span> <span class='ocrx_word' id='word_1_8' title='bbox 1243 291 1496 357; x_wconf 86' lang='lat' dir='ltr'><strong>ingentem</strong></span> <span class='ocrx_word' id='word_1_9' title='bbox 1533 309 1650 343; x_wconf 82' lang='lat' dir='ltr'><strong>vero</strong></span> <span class='ocrx_word' id='word_1_10' title='bbox 1689 293 1823 355; x_wconf 84' lang='lat' dir='ltr'><strong>ideo,</strong></span> <span class='ocrx_word' id='word_1_11' title='bbox 1861 295 1919 342; x_wconf 89' lang='lat' dir='ltr'><strong>ut</strong></span> 
     </span>
     <span class='ocr_line' id='line_1_3' title="bbox 227 366 1919 431; baseline 0.001 -16"><span class='ocrx_word' id='word_1_12' title='bbox 227 366 483 431; x_wconf 74' lang='lat' dir='ltr'>gestandis</span> <span class='ocrx_word' id='word_1_13' title='bbox 523 366 773 428; x_wconf 90' lang='lat' dir='ltr'><strong>omnibus,</strong></span> <span class='ocrx_word' id='word_1_14' title='bbox 821 382 949 429; x_wconf 90' lang='lat' dir='ltr'><strong>quae</strong></span> <span class='ocrx_word' id='word_1_15' title='bbox 987 367 1159 430; x_wconf 85' lang='lat' dir='ltr'><strong>magni</strong></span> <span class='ocrx_word' id='word_1_16' title='bbox 1197 367 1427 430; x_wconf 91' lang='lat' dir='ltr'><strong>ponderis</strong></span> <span class='ocrx_word' id='word_1_17' title='bbox 1466 367 1690 429; x_wconf 87' lang='lat' dir='ltr'><strong>fuerant,</strong></span> <span class='ocrx_word' id='word_1_18' title='bbox 1738 367 1919 416; x_wconf 89' lang='lat' dir='ltr'><strong>idonea</strong></span> 
     </span>
     <span class='ocr_line' id='line_1_4' title="bbox 226 440 1919 505; baseline 0 -16"><span class='ocrx_word' id='word_1_19' title='bbox 226 440 531 504; x_wconf 74' lang='lat' dir='ltr'><strong>perduraret.</strong></span> <span class='ocrx_word' id='word_1_20' title='bbox 610 442 778 489; x_wconf 92' lang='lat' dir='ltr'><strong>omnia</strong></span> <span class='ocrx_word' id='word_1_21' title='bbox 825 441 947 489; x_wconf 90' lang='lat' dir='ltr'><strong>haec</strong></span> <span class='ocrx_word' id='word_1_22' title='bbox 997 441 1169 489; x_wconf 90' lang='lat' dir='ltr'><strong>laudes</strong></span> <span class='ocrx_word' id='word_1_23' title='bbox 1219 441 1415 490; x_wconf 83' lang='lat' dir='ltr'><strong>Aeneae</strong></span> <span class='ocrx_word' id='word_1_24' title='bbox 1464 443 1735 503; x_wconf 74' lang='lat' dir='ltr'><strong>testantur,</strong></span> <span class='ocrx_word' id='word_1_25' title='bbox 1786 442 1919 505; x_wconf 88' lang='lat' dir='ltr'><strong>quod</strong></span> 
     </span>
     <span class='ocr_line' id='line_1_5' title="bbox 229 515 1918 579; baseline 0.001 -16"><span class='ocrx_word' id='word_1_26' title='bbox 229 530 347 579; x_wconf 87' lang='lat' dir='ltr'><strong>erga</strong></span> <span class='ocrx_word' id='word_1_27' title='bbox 397 515 515 568; x_wconf 88' lang='lat' dir='ltr'><strong>deos</strong></span> <span class='ocrx_word' id='word_1_28' title='bbox 565 516 701 578; x_wconf 93' lang='lat' dir='ltr'><strong>pius,</strong></span> <span class='ocrx_word' id='word_1_29' title='bbox 753 515 885 577; x_wconf 91' lang='lat' dir='ltr'><strong>quod</strong></span> <span class='ocrx_word' id='word_1_30' title='bbox 933 515 1263 564; x_wconf 89' lang='lat' dir='ltr'><strong>humanitatis</strong></span> <span class='ocrx_word' id='word_1_31' title='bbox 1301 531 1510 578; x_wconf 90' lang='lat' dir='ltr'><strong>memor,</strong></span> <span class='ocrx_word' id='word_1_32' title='bbox 1561 516 1695 579; x_wconf 92' lang='lat' dir='ltr'><strong>quod</strong></span> <span class='ocrx_word' id='word_1_33' title='bbox 1732 515 1918 565; x_wconf 86' lang='lat' dir='ltr'><strong>virtute</strong></span> 
     </span>
     <span class='ocr_line' id='line_1_6' title="bbox 225 588 1918 653; baseline 0.001 -17"><span class='ocrx_word' id='word_1_34' title='bbox 225 590 550 652; x_wconf 89' lang='lat' dir='ltr'><strong>praecipuus,</strong></span> <span class='ocrx_word' id='word_1_35' title='bbox 598 589 731 651; x_wconf 91' lang='lat' dir='ltr'><strong>quod</strong></span> <span class='ocrx_word' id='word_1_36' title='bbox 768 590 822 636; x_wconf 92' lang='lat' dir='ltr'><strong>in</strong></span> <span class='ocrx_word' id='word_1_37' title='bbox 867 588 1166 638; x_wconf 89' lang='lat' dir='ltr'><strong>tractatibus</strong></span> <span class='ocrx_word' id='word_1_38' title='bbox 1205 590 1417 652; x_wconf 88' lang='lat' dir='ltr'><strong>primus,</strong></span> <span class='ocrx_word' id='word_1_39' title='bbox 1465 591 1600 653; x_wconf 93' lang='lat' dir='ltr'><strong>quod</strong></span> <span class='ocrx_word' id='word_1_40' title='bbox 1637 589 1826 652; x_wconf 89' lang='lat' dir='ltr'><strong>peritus</strong></span> <span class='ocrx_word' id='word_1_41' title='bbox 1864 589 1918 637; x_wconf 91' lang='lat' dir='ltr'><strong>in</strong></span> 
     </span>
     <span class='ocr_line' id='line_1_7' title="bbox 226 661 1917 727; baseline 0 -15"><span class='ocrx_word' id='word_1_42' title='bbox 226 663 379 712; x_wconf 88' lang='lat' dir='ltr'><strong>sacris</strong></span> <span class='ocrx_word' id='word_1_43' title='bbox 393 700 405 724; x_wconf 89' lang='lat'>‚</span> <span class='ocrx_word' id='word_1_44' title='bbox 451 665 502 711; x_wconf 89' lang='lat' dir='ltr'><strong>et</strong></span> <span class='ocrx_word' id='word_1_45' title='bbox 548 661 787 726; x_wconf 88' lang='lat' dir='ltr'><strong>quicquid</strong></span> <span class='ocrx_word' id='word_1_46' title='bbox 833 661 892 710; x_wconf 91' lang='lat' dir='ltr'><strong>de</strong></span> <span class='ocrx_word' id='word_1_47' title='bbox 937 662 1163 712; x_wconf 87' lang='lat' dir='ltr'><strong>hostibus</strong></span> <span class='ocrx_word' id='word_1_48' title='bbox 1209 679 1361 712; x_wconf 93' lang='lat' dir='ltr'><strong>manu</strong></span> <span class='ocrx_word' id='word_1_49' title='bbox 1409 663 1514 713; x_wconf 92' lang='lat' dir='ltr'><strong>eius</strong></span> <span class='ocrx_word' id='word_1_50' title='bbox 1565 663 1738 713; x_wconf 89' lang='lat' dir='ltr'><strong>occisis</strong></span> <span class='ocrx_word' id='word_1_51' title='bbox 1776 679 1917 727; x_wconf 89' lang='lat' dir='ltr'><strong>prae·</strong></span> 
     </span>
    </p>
   </div>
   <div class='ocr_carea' id='block_1_3' title="bbox 147 735 1917 802">
    <p class='ocr_par' dir='ltr' id='par_1_3' title="bbox 147 735 1917 802">
     <span class='ocr_line' id='line_1_8' title="bbox 147 735 1917 802; baseline 0 -16"><span class='ocrx_word' id='word_1_52' title='bbox 147 763 151 766; x_wconf 88' lang='lat'>-</span> <span class='ocrx_word' id='word_1_53' title='bbox 226 737 418 786; x_wconf 86' lang='lat' dir='ltr'><strong>ferendi</strong></span> <span class='ocrx_word' id='word_1_54' title='bbox 449 752 626 800; x_wconf 86' lang='lat' dir='ltr'><strong>genere</strong></span> <span class='ocrx_word' id='word_1_55' title='bbox 658 735 843 785; x_wconf 91' lang='lat' dir='ltr'><strong>dicitur</strong></span> <span class='ocrx_word' id='word_1_56' title='bbox 872 738 1030 799; x_wconf 91' lang='lat' dir='ltr'><strong>ipsius</strong></span> <span class='ocrx_word' id='word_1_57' title='bbox 1062 737 1295 786; x_wconf 81' lang='lat' dir='ltr'><strong>laudibus</strong></span> <span class='ocrx_word' id='word_1_58' title='bbox 1322 738 1604 801; x_wconf 82' lang='lat' dir='ltr'><strong>adplicatur</strong></span> <span class='ocrx_word' id='word_1_59' title='bbox 1635 741 1685 787; x_wconf 92' lang='lat' dir='ltr'><strong>et</strong></span> <span class='ocrx_word' id='word_1_60' title='bbox 1715 739 1917 802; x_wconf 86' lang='lat' dir='ltr'><strong>gloriae.</strong></span> 
     </span>
    </p>
   </div>
   <div class='ocr_carea' id='block_1_4' title="bbox 225 811 1921 1395">
    <p class='ocr_par' dir='ltr' id='par_1_4' title="bbox 225 811 1921 1395">
     <span class='ocr_line' id='line_1_9' title="bbox 225 811 1920 875; baseline 0 -15"><span class='ocrx_word' id='word_1_61' title='bbox 225 814 346 860; x_wconf 88' lang='lat' dir='ltr'><strong>tunc</strong></span> <span class='ocrx_word' id='word_1_62' title='bbox 384 811 515 859; x_wconf 90' lang='lat' dir='ltr'><strong>enim</strong></span> <span class='ocrx_word' id='word_1_63' title='bbox 556 813 766 874; x_wconf 91' lang='lat' dir='ltr'><strong>apparet</strong></span> <span class='ocrx_word' id='word_1_64' title='bbox 795 826 974 860; x_wconf 91' lang='lat' dir='ltr'><strong>nomen</strong></span> <span class='ocrx_word' id='word_1_65' title='bbox 1004 812 1339 875; x_wconf 89' lang='lat' dir='ltr'><strong>meritumque</strong></span> <span class='ocrx_word' id='word_1_66' title='bbox 1377 812 1603 874; x_wconf 86' lang='lat' dir='ltr'><strong>victoris,</strong></span> <span class='ocrx_word' id='word_1_67' title='bbox 1643 813 1686 861; x_wconf 89' lang='lat' dir='ltr'><strong>si</strong></span> <span class='ocrx_word' id='word_1_68' title='bbox 1725 811 1920 861; x_wconf 87' lang='lat' dir='ltr'><strong>dicatur</strong></span> 
     </span>
     <span class='ocr_line' id='line_1_10' title="bbox 226 885 1918 950; baseline 0 -16"><span class='ocrx_word' id='word_1_69' title='bbox 226 887 404 950; x_wconf 90' lang='lat' dir='ltr'><strong>potens</strong></span> <span class='ocrx_word' id='word_1_70' title='bbox 444 886 531 948; x_wconf 92' lang='lat' dir='ltr'><strong>qui</strong></span> <span class='ocrx_word' id='word_1_71' title='bbox 577 887 841 948; x_wconf 89' lang='lat' dir='ltr'><strong>superatus</strong></span> <span class='ocrx_word' id='word_1_72' title='bbox 888 885 1146 934; x_wconf 87' lang='lat' dir='ltr'><strong>adseritur.</strong></span> <span class='ocrx_word' id='word_1_73' title='bbox 1224 887 1541 934; x_wconf 87' lang='lat' dir='ltr'><strong>consecrandi</strong></span> <span class='ocrx_word' id='word_1_74' title='bbox 1581 903 1780 950; x_wconf 91' lang='lat' dir='ltr'><strong>quoque</strong></span> <span class='ocrx_word' id='word_1_75' title='bbox 1818 889 1918 935; x_wconf 90' lang='lat' dir='ltr'><strong>tro·</strong></span> 
     </span>
     <span class='ocr_line' id='line_1_11' title="bbox 226 959 1920 1024; baseline 0.001 -17"><span class='ocrx_word' id='word_1_76' title='bbox 226 959 340 1023; x_wconf 88' lang='lat' dir='ltr'><strong>paei</strong></span> <span class='ocrx_word' id='word_1_77' title='bbox 394 975 596 1008; x_wconf 87' lang='lat' dir='ltr'><strong>causam</strong></span> <span class='ocrx_word' id='word_1_78' title='bbox 651 975 799 1022; x_wconf 90' lang='lat' dir='ltr'><strong>quam</strong></span> <span class='ocrx_word' id='word_1_79' title='bbox 853 961 1088 1022; x_wconf 90' lang='lat' dir='ltr'><strong>putamus</strong></span> <span class='ocrx_word' id='word_1_80' title='bbox 1142 959 1297 1008; x_wconf 84' lang='lat' dir='ltr'><strong>fuisse</strong></span> <span class='ocrx_word' id='word_1_81' title='bbox 1351 961 1450 1008; x_wconf 92' lang='lat' dir='ltr'><strong>nisi</strong></span> <span class='ocrx_word' id='word_1_82' title='bbox 1512 976 1639 1023; x_wconf 91' lang='lat' dir='ltr'><strong>quae</strong></span> <span class='ocrx_word' id='word_1_83' title='bbox 1691 963 1920 1024; x_wconf 87' lang='lat' dir='ltr'><strong>tangeret</strong></span> 
     </span>
     <span class='ocr_line' id='line_1_12' title="bbox 228 1032 1920 1084; baseline 0 -2"><span class='ocrx_word' id='word_1_84' title='bbox 228 1035 433 1082; x_wconf 88' lang='lat' dir='ltr'><strong>deorum</strong></span> <span class='ocrx_word' id='word_1_85' title='bbox 481 1032 885 1083; x_wconf 56' lang='lat' dir='ltr'><strong>venerationem}&gt;</strong></span> <span class='ocrx_word' id='word_1_86' title='bbox 967 1033 1139 1083; x_wconf 89' lang='lat' dir='ltr'><strong>debuit</strong></span> <span class='ocrx_word' id='word_1_87' title='bbox 1200 1033 1331 1082; x_wconf 91' lang='lat' dir='ltr'><strong>enim</strong></span> <span class='ocrx_word' id='word_1_88' title='bbox 1386 1034 1534 1083; x_wconf 87' lang='lat' dir='ltr'><strong>armis</strong></span> <span class='ocrx_word' id='word_1_89' title='bbox 1589 1035 1693 1084; x_wconf 90' lang='lat' dir='ltr'><strong>eius</strong></span> <span class='ocrx_word' id='word_1_90' title='bbox 1747 1037 1920 1083; x_wconf 89' lang='lat' dir='ltr'><strong>votum</strong></span> 
     </span>
     <span class='ocr_line' id='line_1_13' title="bbox 227 1107 1918 1173; baseline -0.001 -16"><span class='ocrx_word' id='word_1_91' title='bbox 227 1108 356 1157; x_wconf 85' lang='lat' dir='ltr'><strong>solvi</strong></span> <span class='ocrx_word' id='word_1_92' title='bbox 393 1107 681 1157; x_wconf 87' lang='lat' dir='ltr'><strong>numinibus</strong></span> <span class='ocrx_word' id='word_1_93' title='bbox 723 1107 810 1170; x_wconf 90' lang='lat' dir='ltr'><strong>qui</strong></span> <span class='ocrx_word' id='word_1_94' title='bbox 849 1108 1092 1173; x_wconf 89' lang='lat' dir='ltr'><strong>sacrilega</strong></span> <span class='ocrx_word' id='word_1_95' title='bbox 1130 1110 1294 1156; x_wconf 88' lang='lat' dir='ltr'><strong>mente</strong></span> <span class='ocrx_word' id='word_1_96' title='bbox 1334 1108 1449 1157; x_wconf 91' lang='lat' dir='ltr'><strong>deos</strong></span> <span class='ocrx_word' id='word_1_97' title='bbox 1491 1124 1684 1172; x_wconf 88' lang='lat' dir='ltr'><strong>semper</strong></span> <span class='ocrx_word' id='word_1_98' title='bbox 1721 1110 1772 1157; x_wconf 91' lang='lat' dir='ltr'><strong>et</strong></span> <span class='ocrx_word' id='word_1_99' title='bbox 1809 1108 1918 1156; x_wconf 92' lang='lat' dir='ltr'><strong>ubi·</strong></span> 
     </span>
     <span class='ocr_line' id='line_1_14' title="bbox 228 1181 1920 1246; baseline 0.001 -16"><span class='ocrx_word' id='word_1_100' title='bbox 228 1199 322 1246; x_wconf 91' lang='lat' dir='ltr'><strong>que</strong></span> <span class='ocrx_word' id='word_1_101' title='bbox 362 1181 674 1245; x_wconf 85' lang='lat' dir='ltr'><strong>contempsit.</strong></span> <span class='ocrx_word' id='word_1_102' title='bbox 749 1181 1081 1243; x_wconf 71' lang='lat' dir='ltr'><strong>fnlyentiaque</strong></span> <span class='ocrx_word' id='word_1_103' title='bbox 1118 1182 1280 1231; x_wconf 74' lang='lat' dir='ltr'><strong>induit</strong></span> <span class='ocrx_word' id='word_1_104' title='bbox 1325 1197 1490 1239; x_wconf 84' lang='lat' dir='ltr'><strong>arma,</strong></span> <span class='ocrx_word' id='word_1_105' title='bbox 1530 1183 1744 1232; x_wconf 73' lang='lat' dir='ltr'><strong>Mezenti</strong></span> <span class='ocrx_word' id='word_1_106' title='bbox 1781 1183 1920 1231; x_wconf 63' lang='lat' dir='ltr'><strong>abacis</strong></span> 
     </span>
     <span class='ocr_line' id='line_1_15' title="bbox 226 1256 1918 1319; baseline 0 -14"><span class='ocrx_word' id='word_1_107' title='bbox 226 1257 452 1306; x_wconf 76' lang='lat' dir='ltr'><strong>exuvias:</strong></span> <span class='ocrx_word' id='word_1_108' title='bbox 481 1256 694 1304; x_wconf 90' lang='lat' dir='ltr'><strong>Mezenti</strong></span> <span class='ocrx_word' id='word_1_109' title='bbox 726 1271 840 1305; x_wconf 91' lang='lat' dir='ltr'><strong>cum</strong></span> <span class='ocrx_word' id='word_1_110' title='bbox 865 1258 1267 1319; x_wconf 89' lang='lat' dir='ltr'><strong>pronuntiamus,</strong></span> <span class='ocrx_word' id='word_1_111' title='bbox 1298 1272 1477 1305; x_wconf 91' lang='lat' dir='ltr'><strong>nomen</strong></span> <span class='ocrx_word' id='word_1_112' title='bbox 1498 1257 1666 1319; x_wconf 91' lang='lat' dir='ltr'><strong>ipsum</strong></span> <span class='ocrx_word' id='word_1_113' title='bbox 1689 1256 1918 1305; x_wconf 91' lang='lat' dir='ltr'><strong>debemus</strong></span> 
     </span>
     <span class='ocr_line' id='line_1_16' title="bbox 227 1330 1921 1395; baseline -0.001 -15"><span class='ocrx_word' id='word_1_114' title='bbox 227 1331 485 1392; x_wconf 84' lang='lat' dir='ltr'><strong>extollere,</strong></span> <span class='ocrx_word' id='word_1_115' title='bbox 533 1332 591 1378; x_wconf 91' lang='lat' dir='ltr'><strong>ut</strong></span> <span class='ocrx_word' id='word_1_116' title='bbox 627 1333 681 1378; x_wconf 90' lang='lat' dir='ltr'><strong>in</strong></span> <span class='ocrx_word' id='word_1_117' title='bbox 721 1330 1058 1394; x_wconf 86' lang='lat' dir='ltr'><strong>appellatione</strong></span> <span class='ocrx_word' id='word_1_118' title='bbox 1096 1330 1259 1379; x_wconf 90' lang='lat' dir='ltr'><strong>herois</strong></span> <span class='ocrx_word' id='word_1_119' title='bbox 1305 1330 1437 1380; x_wconf 89' lang='lat' dir='ltr'><strong>tanti</strong></span> <span class='ocrx_word' id='word_1_120' title='bbox 1474 1331 1833 1395; x_wconf 88' lang='lat' dir='ltr'><strong>intellegantur</strong></span> <span class='ocrx_word' id='word_1_121' title='bbox 1871 1332 1921 1380; x_wconf 86' lang='lat' dir='ltr'><strong>et</strong></span> 
     </span>
    </p>
   </div>
   <div class='ocr_carea' id='block_1_5' title="bbox 1951 974 1994 1007">
    <p class='ocr_par' dir='ltr' id='par_1_5' title="bbox 1951 974 1994 1007">
     <span class='ocr_line' id='line_1_17' title="bbox 1951 974 1994 1007; baseline 0.023 -1"><span class='ocrx_word' id='word_1_122' title='bbox 1951 974 1994 1007; x_wconf 82' lang='lat'><strong>10</strong></span> 
     </span>
    </p>
   </div>
   <div class='ocr_carea' id='block_1_6' title="bbox 1951 1343 1993 1377">
    <p class='ocr_par' dir='ltr' id='par_1_6' title="bbox 1951 1343 1993 1377">
     <span class='ocr_line' id='line_1_18' title="bbox 1951 1343 1993 1377; baseline 0 0"><span class='ocrx_word' id='word_1_123' title='bbox 1951 1343 1993 1377; x_wconf 80' lang='lat'><strong>15</strong></span> 
     </span>
    </p>
   </div>
   <div class='ocr_carea' id='block_1_7' title="bbox 226 1404 2013 1469">
    <p class='ocr_par' dir='ltr' id='par_1_7' title="bbox 226 1404 2013 1469">
     <span class='ocr_line' id='line_1_19' title="bbox 226 1404 2013 1469; baseline 0.001 -16"><span class='ocrx_word' id='word_1_124' title='bbox 226 1405 362 1454; x_wconf 88' lang='lat' dir='ltr'><strong>facta</strong></span> <span class='ocrx_word' id='word_1_125' title='bbox 410 1404 629 1453; x_wconf 84' lang='lat' dir='ltr'><strong>victoris.</strong></span> <span class='ocrx_word' id='word_1_126' title='bbox 704 1404 1043 1469; x_wconf 86' lang='lat' dir='ltr'><strong>fulgentiaque</strong></span> <span class='ocrx_word' id='word_1_127' title='bbox 1094 1405 1258 1454; x_wconf 92' lang='lat' dir='ltr'><strong>induit</strong></span> <span class='ocrx_word' id='word_1_128' title='bbox 1307 1421 1468 1467; x_wconf 89' lang='lat' dir='ltr'><strong>arma,</strong></span> <span class='ocrx_word' id='word_1_129' title='bbox 1519 1405 1731 1454; x_wconf 89' lang='lat' dir='ltr'><strong>Mezenti</strong></span> <span class='ocrx_word' id='word_1_130' title='bbox 1782 1405 1919 1454; x_wconf 90' lang='lat' dir='ltr'><strong>ducis</strong></span> <span class='ocrx_word' id='word_1_131' title='bbox 2011 1430 2013 1432; x_wconf 91' lang='lat'>·</span> 
     </span>
    </p>
   </div>
   <div class='ocr_carea' id='block_1_8' title="bbox 224 1478 1920 2725">
    <p class='ocr_par' dir='ltr' id='par_1_8' title="bbox 224 1478 1920 2725">
     <span class='ocr_line' id='line_1_20' title="bbox 227 1478 1919 1542; baseline 0 -14"><span class='ocrx_word' id='word_1_132' title='bbox 227 1478 451 1541; x_wconf 84' lang='lat' dir='ltr'><strong>exuviaS,</strong></span> <span class='ocrx_word' id='word_1_133' title='bbox 498 1481 558 1527; x_wconf 91' lang='lat' dir='ltr'><strong>ut</strong></span> <span class='ocrx_word' id='word_1_134' title='bbox 602 1478 782 1527; x_wconf 90' lang='lat' dir='ltr'><strong>induta</strong></span> <span class='ocrx_word' id='word_1_135' title='bbox 833 1478 995 1542; x_wconf 87' lang='lat' dir='ltr'><strong>stipiti</strong></span> <span class='ocrx_word' id='word_1_136' title='bbox 1046 1481 1362 1528; x_wconf 87' lang='lat' dir='ltr'><strong>cernerentur</strong></span> <span class='ocrx_word' id='word_1_137' title='bbox 1416 1479 1595 1541; x_wconf 90' lang='lat' dir='ltr'><strong>quibus</strong></span> <span class='ocrx_word' id='word_1_138' title='bbox 1646 1479 1919 1528; x_wconf 85' lang='lat' dir='ltr'><strong>Mezentius</strong></span> 
     </span>
     <span class='ocr_line' id='line_1_21' title="bbox 224 1553 1920 1616; baseline 0 -16"><span class='ocrx_word' id='word_1_139' title='bbox 224 1553 415 1614; x_wconf 90' lang='lat' dir='ltr'><strong>floruit,</strong></span> <span class='ocrx_word' id='word_1_140' title='bbox 463 1554 571 1610; x_wconf 79' lang='lat' dir='ltr'><strong>tibi,</strong></span> <span class='ocrx_word' id='word_1_141' title='bbox 619 1567 816 1615; x_wconf 64' lang='lat' dir='ltr'><strong>magne,</strong></span> <span class='ocrx_word' id='word_1_142' title='bbox 865 1556 1136 1614; x_wconf 76' lang='lat' dir='ltr'><strong>tropaeum,</strong></span> <span class='ocrx_word' id='word_1_143' title='bbox 1178 1554 1475 1614; x_wconf 75' lang='lat' dir='ltr'><strong>bellipotens,</strong></span> <span class='ocrx_word' id='word_1_144' title='bbox 1517 1556 1779 1616; x_wconf 89' lang='lat' dir='ltr'><strong>essentque</strong></span> <span class='ocrx_word' id='word_1_145' title='bbox 1824 1553 1920 1601; x_wconf 89' lang='lat' dir='ltr'><strong>tibi</strong></span> 
     </span>
     <span class='ocr_line' id='line_1_22' title="bbox 227 1626 1918 1690; baseline 0.001 -15"><span class='ocrx_word' id='word_1_146' title='bbox 227 1626 450 1689; x_wconf 90' lang='lat' dir='ltr'><strong>addicta,</strong></span> <span class='ocrx_word' id='word_1_147' title='bbox 480 1626 776 1690; x_wconf 91' lang='lat' dir='ltr'><strong>bellipotens</strong></span> <span class='ocrx_word' id='word_1_148' title='bbox 808 1626 966 1689; x_wconf 85' lang='lat' dir='ltr'><strong>MarS,</strong></span> <span class='ocrx_word' id='word_1_149' title='bbox 1001 1643 1212 1690; x_wconf 87' lang='lat' dir='ltr'><strong>quorum</strong></span> <span class='ocrx_word' id='word_1_150' title='bbox 1243 1630 1294 1676; x_wconf 90' lang='lat' dir='ltr'><strong>te</strong></span> <span class='ocrx_word' id='word_1_151' title='bbox 1334 1626 1561 1676; x_wconf 89' lang='lat' dir='ltr'><strong>dominus</strong></span> <span class='ocrx_word' id='word_1_152' title='bbox 1597 1642 1709 1675; x_wconf 90' lang='lat' dir='ltr'><strong>cum</strong></span> <span class='ocrx_word' id='word_1_153' title='bbox 1743 1628 1918 1676; x_wconf 87' lang='lat' dir='ltr'><strong>ceteris</strong></span> 
     </span>
     <span class='ocr_line' id='line_1_23' title="bbox 225 1701 1918 1765; baseline 0 -16"><span class='ocrx_word' id='word_1_154' title='bbox 225 1701 511 1750; x_wconf 92' lang='lat' dir='ltr'><strong>numinibus</strong></span> <span class='ocrx_word' id='word_1_155' title='bbox 542 1701 761 1764; x_wconf 89' lang='lat' dir='ltr'><strong>tempsit.</strong></span> <span class='ocrx_word' id='word_1_156' title='bbox 817 1703 1034 1763; x_wconf 88' lang='lat' dir='ltr'><strong>quantae</strong></span> <span class='ocrx_word' id='word_1_157' title='bbox 1067 1701 1255 1765; x_wconf 89' lang='lat' dir='ltr'><strong>gloriae</strong></span> <span class='ocrx_word' id='word_1_158' title='bbox 1286 1702 1447 1750; x_wconf 92' lang='lat' dir='ltr'><strong>instar</strong></span> <span class='ocrx_word' id='word_1_159' title='bbox 1478 1701 1647 1750; x_wconf 88' lang='lat' dir='ltr'><strong>extitit</strong></span> <span class='ocrx_word' id='word_1_160' title='bbox 1675 1702 1729 1749; x_wconf 90' lang='lat' dir='ltr'><strong>in</strong></span> <span class='ocrx_word' id='word_1_161' title='bbox 1759 1703 1918 1750; x_wconf 88' lang='lat' dir='ltr'><strong>morte</strong></span> 
     </span>
     <span class='ocr_line' id='line_1_24' title="bbox 225 1775 1920 1839; baseline 0.001 -16"><span class='ocrx_word' id='word_1_162' title='bbox 225 1775 456 1823; x_wconf 83' lang='lat' dir='ltr'><strong>Mezenti!</strong></span> <span class='ocrx_word' id='word_1_163' title='bbox 535 1775 712 1825; x_wconf 89' lang='lat' dir='ltr'><strong>cecidit</strong></span> <span class='ocrx_word' id='word_1_164' title='bbox 774 1776 958 1839; x_wconf 89' lang='lat' dir='ltr'><strong>quippe</strong></span> <span class='ocrx_word' id='word_1_165' title='bbox 1018 1777 1175 1824; x_wconf 87' lang='lat' dir='ltr'><strong>totius</strong></span> <span class='ocrx_word' id='word_1_166' title='bbox 1242 1775 1481 1824; x_wconf 85' lang='lat' dir='ltr'><strong>exercitus</strong></span> <span class='ocrx_word' id='word_1_167' title='bbox 1556 1775 1676 1837; x_wconf 86' lang='lat' dir='ltr'><strong>dux,</strong></span> <span class='ocrx_word' id='word_1_168' title='bbox 1742 1775 1920 1824; x_wconf 87' lang='lat' dir='ltr'><strong>cecidit</strong></span> 
     </span>
     <span class='ocr_line' id='line_1_25' title="bbox 229 1848 1919 1914; baseline 0.001 -17"><span class='ocrx_word' id='word_1_169' title='bbox 229 1848 316 1913; x_wconf 88' lang='lat' dir='ltr'><strong>qui</strong></span> <span class='ocrx_word' id='word_1_170' title='bbox 368 1849 421 1897; x_wconf 90' lang='lat' dir='ltr'><strong>in</strong></span> <span class='ocrx_word' id='word_1_171' title='bbox 474 1849 631 1897; x_wconf 89' lang='lat' dir='ltr'><strong>Turni</strong></span> <span class='ocrx_word' id='word_1_172' title='bbox 685 1849 922 1899; x_wconf 91' lang='lat' dir='ltr'><strong>classibus</strong></span> <span class='ocrx_word' id='word_1_173' title='bbox 976 1865 1187 1914; x_wconf 89' lang='lat' dir='ltr'><strong>magnae</strong></span> <span class='ocrx_word' id='word_1_174' title='bbox 1237 1850 1491 1898; x_wconf 86' lang='lat' dir='ltr'><strong>serebatur</strong></span> <span class='ocrx_word' id='word_1_175' title='bbox 1543 1865 1647 1899; x_wconf 88' lang='lat' dir='ltr'><strong>esse</strong></span> <span class='ocrx_word' id='word_1_176' title='bbox 1700 1850 1919 1911; x_wconf 82' lang='lat' dir='ltr'><strong>virtutiS,</strong></span> 
     </span>
     <span class='ocr_line' id='line_1_26' title="bbox 227 1922 1917 1986; baseline -0.001 -14"><span class='ocrx_word' id='word_1_177' title='bbox 227 1922 404 1972; x_wconf 89' lang='lat' dir='ltr'><strong>cecidit</strong></span> <span class='ocrx_word' id='word_1_178' title='bbox 462 1925 619 1971; x_wconf 90' lang='lat' dir='ltr'><strong>totius</strong></span> <span class='ocrx_word' id='word_1_179' title='bbox 674 1923 983 1972; x_wconf 89' lang='lat' dir='ltr'><strong>crudelitatis</strong></span> <span class='ocrx_word' id='word_1_180' title='bbox 1039 1925 1214 1972; x_wconf 88' lang='lat' dir='ltr'><strong>auctor</strong></span> <span class='ocrx_word' id='word_1_181' title='bbox 1268 1927 1318 1972; x_wconf 91' lang='lat' dir='ltr'><strong>et</strong></span> <span class='ocrx_word' id='word_1_182' title='bbox 1372 1924 1611 1972; x_wconf 90' lang='lat' dir='ltr'><strong>scelerum</strong></span> <span class='ocrx_word' id='word_1_183' title='bbox 1671 1923 1917 1986; x_wconf 87' lang='lat' dir='ltr'><strong>princeps,</strong></span> 
     </span>
     <span class='ocr_line' id='line_1_27' title="bbox 227 1997 1919 2060; baseline 0.001 -16"><span class='ocrx_word' id='word_1_184' title='bbox 227 1998 513 2060; x_wconf 90' lang='lat' dir='ltr'><strong>peremptus</strong></span> <span class='ocrx_word' id='word_1_185' title='bbox 555 1999 630 2046; x_wconf 90' lang='lat' dir='ltr'><strong>est</strong></span> <span class='ocrx_word' id='word_1_186' title='bbox 668 1998 760 2046; x_wconf 93' lang='lat' dir='ltr'><strong>sub</strong></span> <span class='ocrx_word' id='word_1_187' title='bbox 799 1997 998 2046; x_wconf 89' lang='lat' dir='ltr'><strong>Aeneae</strong></span> <span class='ocrx_word' id='word_1_188' title='bbox 1037 1998 1304 2046; x_wconf 87' lang='lat' dir='ltr'><strong>certamine</strong></span> <span class='ocrx_word' id='word_1_189' title='bbox 1345 2015 1492 2060; x_wconf 91' lang='lat' dir='ltr'><strong>quem</strong></span> <span class='ocrx_word' id='word_1_190' title='bbox 1524 1999 1682 2047; x_wconf 91' lang='lat' dir='ltr'><strong>omnis</strong></span> <span class='ocrx_word' id='word_1_191' title='bbox 1715 2012 1919 2046; x_wconf 90' lang='lat' dir='ltr'><strong>suorum</strong></span> 
     </span>
     <span class='ocr_line' id='line_1_28' title="bbox 227 2071 1917 2134; baseline 0 -15"><span class='ocrx_word' id='word_1_192' title='bbox 227 2071 499 2119; x_wconf 91' lang='lat' dir='ltr'><strong>multitudo</strong></span> <span class='ocrx_word' id='word_1_193' title='bbox 531 2072 676 2120; x_wconf 92' lang='lat' dir='ltr'><strong>iustis</strong></span> <span class='ocrx_word' id='word_1_194' title='bbox 710 2071 835 2120; x_wconf 90' lang='lat' dir='ltr'><strong>odiis</strong></span> <span class='ocrx_word' id='word_1_195' title='bbox 869 2073 1085 2120; x_wconf 88' lang='lat' dir='ltr'><strong>excitata</strong></span> <span class='ocrx_word' id='word_1_196' title='bbox 1115 2087 1290 2121; x_wconf 89' lang='lat' dir='ltr'><strong>necare</strong></span> <span class='ocrx_word' id='word_1_197' title='bbox 1322 2088 1422 2120; x_wconf 91' lang='lat' dir='ltr'><strong>non</strong></span> <span class='ocrx_word' id='word_1_198' title='bbox 1452 2072 1640 2134; x_wconf 88' lang='lat' dir='ltr'><strong>potuit,</strong></span> <span class='ocrx_word' id='word_1_199' title='bbox 1671 2073 1917 2120; x_wconf 83' lang='lat' dir='ltr'><strong>extinctus</strong></span> 
     </span>
     <span class='ocr_line' id='line_1_29' title="bbox 228 2144 1918 2207; baseline 0.001 -15"><span class='ocrx_word' id='word_1_200' title='bbox 228 2146 304 2194; x_wconf 89' lang='lat' dir='ltr'><strong>est</strong></span> <span class='ocrx_word' id='word_1_201' title='bbox 360 2161 507 2207; x_wconf 88' lang='lat' dir='ltr'><strong>quem</strong></span> <span class='ocrx_word' id='word_1_202' title='bbox 561 2144 657 2193; x_wconf 91' lang='lat' dir='ltr'><strong>sibi</strong></span> <span class='ocrx_word' id='word_1_203' title='bbox 714 2146 911 2194; x_wconf 88' lang='lat' dir='ltr'><strong>Turnus</strong></span> <span class='ocrx_word' id='word_1_204' title='bbox 966 2145 1174 2194; x_wconf 90' lang='lat' dir='ltr'><strong>credidit</strong></span> <span class='ocrx_word' id='word_1_205' title='bbox 1227 2147 1581 2207; x_wconf 90' lang='lat' dir='ltr'><strong>necessarium,</strong></span> <span class='ocrx_word' id='word_1_206' title='bbox 1635 2145 1918 2195; x_wconf 89' lang='lat' dir='ltr'><strong>vindicatus</strong></span> 
     </span>
     <span class='ocr_line' id='line_1_30' title="bbox 227 2218 1918 2283; baseline 0 -16"><span class='ocrx_word' id='word_1_207' title='bbox 227 2221 303 2268; x_wconf 88' lang='lat' dir='ltr'><strong>est</strong></span> <span class='ocrx_word' id='word_1_208' title='bbox 341 2218 594 2281; x_wconf 86' lang='lat' dir='ltr'><strong>Euander,</strong></span> <span class='ocrx_word' id='word_1_209' title='bbox 633 2219 875 2268; x_wconf 86' lang='lat' dir='ltr'><strong>vindicati</strong></span> <span class='ocrx_word' id='word_1_210' title='bbox 914 2220 1180 2283; x_wconf 85' lang='lat' dir='ltr'><strong>Tyrrheni,</strong></span> <span class='ocrx_word' id='word_1_211' title='bbox 1230 2220 1411 2282; x_wconf 88' lang='lat' dir='ltr'><strong>quibus</strong></span> <span class='ocrx_word' id='word_1_212' title='bbox 1450 2220 1635 2283; x_wconf 91' lang='lat' dir='ltr'><strong>inpune</strong></span> <span class='ocrx_word' id='word_1_213' title='bbox 1680 2221 1758 2268; x_wconf 91' lang='lat' dir='ltr'><strong>tot</strong></span> <span class='ocrx_word' id='word_1_214' title='bbox 1803 2234 1918 2282; x_wconf 89' lang='lat' dir='ltr'><strong>sup-</strong></span> 
     </span>
     <span class='ocr_line' id='line_1_31' title="bbox 226 2292 1917 2357; baseline 0 -17"><span class='ocrx_word' id='word_1_215' title='bbox 226 2292 380 2356; x_wconf 91' lang='lat' dir='ltr'><strong>plicia</strong></span> <span class='ocrx_word' id='word_1_216' title='bbox 411 2295 462 2341; x_wconf 92' lang='lat' dir='ltr'><strong>et</strong></span> <span class='ocrx_word' id='word_1_217' title='bbox 490 2294 567 2340; x_wconf 91' lang='lat' dir='ltr'><strong>tot</strong></span> <span class='ocrx_word' id='word_1_218' title='bbox 602 2295 792 2357; x_wconf 88' lang='lat' dir='ltr'><strong>strages</strong></span> <span class='ocrx_word' id='word_1_219' title='bbox 823 2294 1026 2356; x_wconf 81' lang='lat' dir='ltr'><strong>inflixit,</strong></span> <span class='ocrx_word' id='word_1_220' title='bbox 1063 2294 1295 2343; x_wconf 88' lang='lat' dir='ltr'><strong>inventus</strong></span> <span class='ocrx_word' id='word_1_221' title='bbox 1327 2294 1521 2343; x_wconf 89' lang='lat' dir='ltr'><strong>Aeneas</strong></span> <span class='ocrx_word' id='word_1_222' title='bbox 1554 2294 1695 2342; x_wconf 90' lang='lat' dir='ltr'><strong>cuius</strong></span> <span class='ocrx_word' id='word_1_223' title='bbox 1727 2308 1917 2341; x_wconf 88' lang='lat' dir='ltr'><strong>occum-</strong></span> 
     </span>
     <span class='ocr_line' id='line_1_32' title="bbox 227 2366 1919 2431; baseline 0.001 -17"><span class='ocrx_word' id='word_1_224' title='bbox 227 2367 367 2415; x_wconf 90' lang='lat' dir='ltr'><strong>beret</strong></span> <span class='ocrx_word' id='word_1_225' title='bbox 403 2382 558 2415; x_wconf 91' lang='lat' dir='ltr'><strong>manu</strong></span> <span class='ocrx_word' id='word_1_226' title='bbox 607 2366 693 2430; x_wconf 90' lang='lat' dir='ltr'><strong>qui</strong></span> <span class='ocrx_word' id='word_1_227' title='bbox 738 2370 1008 2431; x_wconf 84' lang='lat' dir='ltr'><strong>negaverat</strong></span> <span class='ocrx_word' id='word_1_228' title='bbox 1047 2367 1177 2418; x_wconf 85' lang='lat' dir='ltr'><strong>deos.</strong></span> <span class='ocrx_word' id='word_1_229' title='bbox 1254 2372 1391 2429; x_wconf 86' lang='lat' dir='ltr'><strong>aptat</strong></span> <span class='ocrx_word' id='word_1_230' title='bbox 1427 2368 1642 2416; x_wconf 81' lang='lat' dir='ltr'><strong>rorantis</strong></span> <span class='ocrx_word' id='word_1_231' title='bbox 1679 2367 1919 2428; x_wconf 68' lang='lat' dir='ltr'><strong>sanquine</strong></span> 
     </span>
     <span class='ocr_line' id='line_1_33' title="bbox 229 2440 1916 2506; baseline -0.001 -16"><span class='ocrx_word' id='word_1_232' title='bbox 229 2442 423 2498; x_wconf 77' lang='lat' dir='ltr'><strong>eristaS,</strong></span> <span class='ocrx_word' id='word_1_233' title='bbox 473 2440 661 2489; x_wconf 87' lang='lat' dir='ltr'><strong>scilicet</strong></span> <span class='ocrx_word' id='word_1_234' title='bbox 708 2441 867 2490; x_wconf 92' lang='lat' dir='ltr'><strong>adhuc</strong></span> <span class='ocrx_word' id='word_1_235' title='bbox 907 2441 1144 2490; x_wconf 89' lang='lat' dir='ltr'><strong>stillantis</strong></span> <span class='ocrx_word' id='word_1_236' title='bbox 1191 2442 1505 2506; x_wconf 84' lang='lat' dir='ltr'><strong>sanguinem3</strong></span> <span class='ocrx_word' id='word_1_237' title='bbox 1551 2456 1608 2489; x_wconf 93' lang='lat' dir='ltr'><strong>eo</strong></span> <span class='ocrx_word' id='word_1_238' title='bbox 1648 2441 1777 2488; x_wconf 88' lang='lat' dir='ltr'><strong>enim</strong></span> <span class='ocrx_word' id='word_1_239' title='bbox 1814 2456 1916 2488; x_wconf 93' lang='lat' dir='ltr'><strong>mo-</strong></span> 
     </span>
     <span class='ocr_line' id='line_1_34' title="bbox 228 2515 1919 2575; baseline -0.001 -13"><span class='ocrx_word' id='word_1_240' title='bbox 228 2517 395 2564; x_wconf 90' lang='lat' dir='ltr'><strong>mento</strong></span> <span class='ocrx_word' id='word_1_241' title='bbox 433 2516 681 2563; x_wconf 86' lang='lat' dir='ltr'><strong>mactatus</strong></span> <span class='ocrx_word' id='word_1_242' title='bbox 720 2517 808 2563; x_wconf 88' lang='lat' dir='ltr'><strong>est.</strong></span> <span class='ocrx_word' id='word_1_243' title='bbox 887 2516 1071 2575; x_wconf 77' lang='lat' dir='ltr'><strong>telaque</strong></span> <span class='ocrx_word' id='word_1_244' title='bbox 1109 2519 1283 2564; x_wconf 77' lang='lat' dir='ltr'><strong>trunca</strong></span> <span class='ocrx_word' id='word_1_245' title='bbox 1320 2517 1438 2564; x_wconf 77' lang='lat' dir='ltr'><em>viri:</em></span> <span class='ocrx_word' id='word_1_246' title='bbox 1475 2517 1673 2575; x_wconf 85' lang='lat' dir='ltr'><strong>trunca,</strong></span> <span class='ocrx_word' id='word_1_247' title='bbox 1712 2515 1805 2563; x_wconf 91' lang='lat' dir='ltr'><strong>hoc</strong></span> <span class='ocrx_word' id='word_1_248' title='bbox 1844 2516 1919 2563; x_wconf 91' lang='lat' dir='ltr'><strong>est</strong></span> 
     </span>
     <span class='ocr_line' id='line_1_35' title="bbox 230 2589 1916 2653; baseline -0.001 -16"><span class='ocrx_word' id='word_1_249' title='bbox 230 2590 334 2637; x_wconf 88' lang='lat' dir='ltr'><strong>sine</strong></span> <span class='ocrx_word' id='word_1_250' title='bbox 366 2589 587 2650; x_wconf 88' lang='lat' dir='ltr'><strong>domino,</strong></span> <span class='ocrx_word' id='word_1_251' title='bbox 626 2589 748 2637; x_wconf 89' lang='lat' dir='ltr'><strong>haec</strong></span> <span class='ocrx_word' id='word_1_252' title='bbox 787 2591 955 2637; x_wconf 90' lang='lat' dir='ltr'><strong>autem</strong></span> <span class='ocrx_word' id='word_1_253' title='bbox 994 2590 1095 2638; x_wconf 90' lang='lat' dir='ltr'><strong>tela</strong></span> <span class='ocrx_word' id='word_1_254' title='bbox 1135 2589 1419 2653; x_wconf 88' lang='lat' dir='ltr'><strong>accipienda</strong></span> <span class='ocrx_word' id='word_1_255' title='bbox 1457 2591 1573 2637; x_wconf 91' lang='lat' dir='ltr'><strong>sunt</strong></span> <span class='ocrx_word' id='word_1_256' title='bbox 1612 2603 1738 2651; x_wconf 88' lang='lat' dir='ltr'><strong>quae</strong></span> <span class='ocrx_word' id='word_1_257' title='bbox 1778 2590 1916 2636; x_wconf 91' lang='lat' dir='ltr'><strong>scuto</strong></span> 
     </span>
     <span class='ocr_line' id='line_1_36' title="bbox 229 2662 1917 2725; baseline -0.001 -15"><span class='ocrx_word' id='word_1_258' title='bbox 229 2662 421 2711; x_wconf 89' lang='lat' dir='ltr'><strong>Aeneas</strong></span> <span class='ocrx_word' id='word_1_259' title='bbox 478 2664 734 2725; x_wconf 86' lang='lat' dir='ltr'><strong>exceperat</strong></span> <span class='ocrx_word' id='word_1_260' title='bbox 787 2664 936 2724; x_wconf 90' lang='lat' dir='ltr'><strong>atque</strong></span> <span class='ocrx_word' id='word_1_261' title='bbox 989 2663 1140 2712; x_wconf 85' lang='lat' dir='ltr'><strong>infixa</strong></span> <span class='ocrx_word' id='word_1_262' title='bbox 1193 2664 1414 2712; x_wconf 86' lang='lat' dir='ltr'><strong>fecerant</strong></span> <span class='ocrx_word' id='word_1_263' title='bbox 1463 2663 1641 2711; x_wconf 87' lang='lat' dir='ltr'><strong>silvam</strong></span> <span class='ocrx_word' id='word_1_264' title='bbox 1692 2664 1742 2709; x_wconf 92' lang='lat' dir='ltr'><strong>et</strong></span> <span class='ocrx_word' id='word_1_265' title='bbox 1791 2677 1917 2723; x_wconf 91' lang='lat' dir='ltr'><strong>quae</strong></span> 
     </span>
    </p>
   </div>
   <div class='ocr_carea' id='block_1_9' title="bbox 231 2749 586 2754">
    <p class='ocr_par' dir='ltr' id='par_1_9' title="bbox 231 2749 586 2754">
     <span class='ocr_line' id='line_1_37' title="bbox 231 2749 586 2754; baseline 0 0"><span class='ocrx_word' id='word_1_266' title='bbox 231 2749 586 2754; x_wconf 95' lang='lat' dir='ltr'><strong> </strong></span> 
     </span>
    </p>
   </div>
   <div class='ocr_carea' id='block_1_10' title="bbox 229 2787 1917 3022">
    <p class='ocr_par' dir='ltr' id='par_1_10' title="bbox 229 2787 1917 3022">
     <span class='ocr_line' id='line_1_38' title="bbox 352 2787 1916 2846; baseline 0.001 -15"><span class='ocrx_word' id='word_1_267' title='bbox 352 2793 374 2831; x_wconf 90' lang='lat'>1</span> <span class='ocrx_word' id='word_1_268' title='bbox 409 2789 671 2834; x_wconf 78' lang='lat' dir='ltr'><strong>adestandz&#39;s</strong></span> <span class='ocrx_word' id='word_1_269' title='bbox 693 2787 735 2832; x_wconf 93' lang='lat' dir='ltr'><strong>V</strong></span> <span class='ocrx_word' id='word_1_270' title='bbox 767 2788 1058 2845; x_wconf 73' lang='lat' dir='ltr'><strong>adyestandis</strong></span> <span class='ocrx_word' id='word_1_271' title='bbox 1090 2789 1173 2834; x_wconf 90' lang='grc' dir='ltr'><strong>ΗΟ</strong></span> <span class='ocrx_word' id='word_1_272' title='bbox 1211 2789 1441 2846; x_wconf 74' lang='lat' dir='ltr'><strong>qestandis</strong></span> <span class='ocrx_word' id='word_1_273' title='bbox 1475 2788 1546 2831; x_wconf 88' lang='lat' dir='ltr'><strong>ed.</strong></span> <span class='ocrx_word' id='word_1_274' title='bbox 1671 2792 1723 2831; x_wconf 86' lang='lat'><strong>17</strong></span> <span class='ocrx_word' id='word_1_275' title='bbox 1765 2792 1806 2832; x_wconf 88' lang='lat' dir='ltr'><strong>et</strong></span> <span class='ocrx_word' id='word_1_276' title='bbox 1843 2791 1916 2833; x_wconf 81' lang='lat' dir='ltr'><strong>in-</strong></span> 
     </span>
     <span class='ocr_line' id='line_1_39' title="bbox 230 2846 1917 2903; baseline 0.001 -13"><span class='ocrx_word' id='word_1_277' title='bbox 230 2847 332 2890; x_wconf 80' lang='lat' dir='ltr'><strong>duti</strong></span> <span class='ocrx_word' id='word_1_278' title='bbox 376 2849 525 2903; x_wconf 78' lang='lat' dir='ltr'><strong>stipiti</strong></span> <span class='ocrx_word' id='word_1_279' title='bbox 561 2847 604 2892; x_wconf 91' lang='lat' dir='ltr'><strong>V</strong></span> <span class='ocrx_word' id='word_1_280' title='bbox 650 2853 703 2892; x_wconf 82' lang='lat' dir='ltr'><strong>ut</strong></span> <span class='ocrx_word' id='word_1_281' title='bbox 745 2848 908 2891; x_wconf 81' lang='lat' dir='ltr'><strong>induto</strong></span> <span class='ocrx_word' id='word_1_282' title='bbox 952 2850 1102 2903; x_wconf 80' lang='lat' dir='ltr'><strong>stipite</strong></span> <span class='ocrx_word' id='word_1_283' title='bbox 1150 2849 1219 2892; x_wconf 91' lang='lat' dir='ltr'><strong>ed.</strong></span> <span class='ocrx_word' id='word_1_284' title='bbox 1359 2851 1413 2892; x_wconf 90' lang='lat'><strong>18</strong></span> <span class='ocrx_word' id='word_1_285' title='bbox 1455 2851 1681 2902; x_wconf 76' lang='lat' dir='ltr'><strong>essentque</strong></span> <span class='ocrx_word' id='word_1_286' title='bbox 1716 2846 1758 2890; x_wconf 94' lang='lat' dir='ltr'><strong>V</strong></span> <span class='ocrx_word' id='word_1_287' title='bbox 1802 2862 1917 2902; x_wconf 76' lang='lat' dir='ltr'><strong>quae</strong></span> 
     </span>
     <span class='ocr_line' id='line_1_40' title="bbox 230 2905 1916 2962; baseline 0.001 -12"><span class='ocrx_word' id='word_1_288' title='bbox 230 2911 374 2950; x_wconf 77' lang='lat' dir='ltr'><strong>essent</strong></span> <span class='ocrx_word' id='word_1_289' title='bbox 405 2906 520 2949; x_wconf 85' lang='lat' dir='ltr'><strong>edF.</strong></span> <span class='ocrx_word' id='word_1_290' title='bbox 645 2911 698 2950; x_wconf 87' lang='lat'><strong>19</strong></span> <span class='ocrx_word' id='word_1_291' title='bbox 731 2906 963 2951; x_wconf 79' lang='lat' dir='ltr'><strong>dominum</strong></span> <span class='ocrx_word' id='word_1_292' title='bbox 994 2907 1065 2951; x_wconf 91' lang='lat' dir='ltr'><strong>ed.</strong></span> <span class='ocrx_word' id='word_1_293' title='bbox 1188 2911 1244 2950; x_wconf 83' lang='lat'><strong>20</strong></span> <span class='ocrx_word' id='word_1_294' title='bbox 1275 2907 1537 2962; x_wconf 79' lang='lat' dir='ltr'><strong>contempsit</strong></span> <span class='ocrx_word' id='word_1_295' title='bbox 1566 2905 1637 2950; x_wconf 92' lang='lat' dir='ltr'><strong>ed.</strong></span> <span class='ocrx_word' id='word_1_296' title='bbox 1757 2909 1812 2949; x_wconf 83' lang='lat'><strong>28</strong></span> <span class='ocrx_word' id='word_1_297' title='bbox 1843 2908 1916 2951; x_wconf 79' lang='lat' dir='ltr'><strong>in-</strong></span> 
     </span>
     <span class='ocr_line' id='line_1_41' title="bbox 229 2965 1590 3022; baseline 0.001 -15"><span class='ocrx_word' id='word_1_298' title='bbox 229 2966 413 3020; x_wconf 76' lang='lat' dir='ltr'><strong>flixerat</strong></span> <span class='ocrx_word' id='word_1_299' title='bbox 443 2965 513 3008; x_wconf 89' lang='lat' dir='ltr'><strong>ed.</strong></span> <span class='ocrx_word' id='word_1_300' title='bbox 638 2970 692 3009; x_wconf 82' lang='lat'><strong>29</strong></span> <span class='ocrx_word' id='word_1_301' title='bbox 723 2970 968 3022; x_wconf 74' lang='lat' dir='ltr'><strong>neyaverat</strong></span> <span class='ocrx_word' id='word_1_302' title='bbox 989 2965 1031 3009; x_wconf 95' lang='lat' dir='ltr'><strong>V</strong></span> <span class='ocrx_word' id='word_1_303' title='bbox 1062 2971 1290 3021; x_wconf 77' lang='lat' dir='ltr'><strong>spreverat</strong></span> <span class='ocrx_word' id='word_1_304' title='bbox 1317 2979 1488 3021; x_wconf 78' lang='lat' dir='ltr'><strong>semper</strong></span> <span class='ocrx_word' id='word_1_305' title='bbox 1519 2965 1590 3009; x_wconf 89' lang='lat' dir='ltr'><strong>ed.</strong></span> 
     </span>
    </p>
   </div>
   <div class='ocr_carea' id='block_1_11' title="bbox 1950 1716 1993 1750">
    <p class='ocr_par' dir='ltr' id='par_1_11' title="bbox 1950 1716 1993 1750">
     <span class='ocr_line' id='line_1_42' title="bbox 1950 1716 1993 1750; baseline 0.047 -2"><span class='ocrx_word' id='word_1_306' title='bbox 1950 1716 1993 1750; x_wconf 80' lang='lat'><strong>20</strong></span> 
     </span>
    </p>
   </div>
   <div class='ocr_carea' id='block_1_12' title="bbox 1948 2455 1991 2487">
    <p class='ocr_par' dir='ltr' id='par_1_12' title="bbox 1948 2455 1991 2487">
     <span class='ocr_line' id='line_1_43' title="bbox 1948 2455 1991 2487; baseline 0 0"><span class='ocrx_word' id='word_1_307' title='bbox 1948 2455 1991 2487; x_wconf 81' lang='lat'><strong>30</strong></span> 
     </span>
    </p>
   </div>
  </div>
 </body>
</html>
