2050 3226
217 204 327 258 494
691 200 924 246 DONATI
954 199 1235 246 INTERPR.
1259 199 1440 246 VERG.

216 341 383 390 fraudi
429 356 777 404 armorumque
827 341 968 389 dolis.
1044 340 1200 388 valles
1251 341 1346 401 est,
1395 340 1585 402 inquit,
1633 341 1766 388 inter
1811 339 1907 387 duo

216 416 376 464 latera
413 431 572 479 usque
611 414 675 463 ad
711 415 903 463 radices
941 414 1188 462 montium
1223 429 1418 476 pressa,
1466 430 1618 464 curvo
1664 414 1908 475 anfractu,

215 490 309 539 hoc
340 490 415 538 est
444 490 676 538 flexuosa.
730 489 858 537 hanc
888 489 1033 536 tanta
1057 487 1303 536 densitate
1325 488 1464 552 ligna
1487 489 1734 537 silvestria
1756 487 1908 536 ramis

218 579 276 614 ac
313 563 568 612 frondibus
608 562 909 623 vestiebant,
947 563 1007 609 ut
1044 561 1203 610 fidelis
1242 561 1459 611 latebras
1499 563 1625 611 dolis
1657 563 1910 625 praestare

217 639 386 701 posset
435 639 484 686 et
528 636 753 685 hostibus
804 636 997 684 auferre
1045 638 1385 698 prospectum,
1435 651 1648 699 quorum
1698 636 1910 684 alterum

217 710 539 775 proveniebat
569 727 628 758 ex
658 710 981 759 multitudine
1021 710 1278 772 arborum,
1317 710 1530 759 alterum
1567 726 1627 758 ex
1657 709 1911 758 occasione

171 801 175 804 ·
216 785 420 834 umbrae
459 800 586 848 quae
624 784 926 832 fundebatur
963 800 1022 833 ex
1063 784 1337 833 frondibus.
1414 785 1641 834 coartata
1677 787 1794 835 vero
1833 785 1911 831 ut-

217 860 409 922 rimque
458 859 617 907 latera
675 860 945 923 angustum
1001 860 1135 907 intra
1188 873 1239 906 se
1291 858 1484 907 aditum
1540 857 1912 908 transeuntibus

217 933 464 996 parabant
500 948 590 980 nec
625 932 853 982 sinebant
882 933 954 980 ire
986 933 1232 981 confertos
1265 934 1356 981 aut
1385 932 1609 996 evagari,
1640 933 1685 981 si
1714 932 1911 981 vellent.

217 1008 466 1071 ingressus
506 1006 726 1055 faucium
765 1009 916 1070 atque
963 1022 1187 1071 egressus
1234 1006 1357 1055 satis
1402 1006 1635 1070 maligni,
1685 1006 1912 1055 difficiles

220 1084 369 1144 atque
393 1081 632 1130 contrarii
654 1081 1011 1145 gradientibus,
1060 1081 1190 1129 hanc
1220 1096 1369 1144 super
1397 1080 1452 1128 id
1482 1082 1557 1129 est
1587 1096 1736 1143 super
1764 1081 1914 1142 hanc;

218 1156 270 1203 in
309 1155 546 1218 speculis:
582 1155 691 1218 ipse
723 1156 927 1218 exponit
959 1155 1081 1218 quid
1119 1156 1187 1203 sit
1214 1154 1269 1202 in
1300 1154 1512 1218 speculis
1545 1154 1750 1203 dicendo
1781 1170 1912 1204 sum-

218 1245 398 1292 moque
437 1229 490 1277 in
527 1230 711 1279 vertice
742 1229 939 1279 montis.
1001 1229 1060 1278 de
1091 1244 1282 1278 summo
1315 1228 1499 1292 quippe
1531 1228 1776 1292 speculari
1805 1227 1916 1291 quis

219 1305 385 1366 potest
430 1305 482 1351 et
524 1304 723 1367 longius
770 1303 951 1353 videre.
1026 1304 1254 1368 ignotam
1302 1303 1565 1367 planitiem
1615 1302 1742 1351 dixit
1789 1318 1916 1365 quae

220 1378 345 1425 nulli
384 1379 513 1426 esset
550 1378 751 1442 cognita
789 1379 877 1426 aut
915 1393 1044 1441 quae
1082 1378 1136 1425 in
1173 1378 1275 1425 imo
1322 1378 1608 1426 constitutis
1646 1375 1918 1440 suspicioni

222 1467 326 1500 esse
364 1467 464 1500 non
502 1454 684 1514 posset.
738 1452 860 1501 haec
891 1453 1134 1515 oportune
1166 1453 1365 1514 poterat
1396 1452 1643 1514 suscipere
1675 1450 1916 1501 venientis

223 1527 374 1588 atque
416 1527 725 1574 occasionem
763 1526 880 1574 dare
919 1526 1000 1575 vel
1039 1525 1330 1575 occurrendi
1358 1525 1587 1575 hostibus
1627 1525 1800 1574 dextra
1838 1524 1918 1573 vel

221 1600 367 1649 laeva
404 1601 485 1649 vel
522 1615 642 1648 saxa
672 1600 950 1663 perniciosa
979 1600 1223 1649 volvendi.
1277 1601 1413 1649 tutos
1446 1615 1562 1663 ergo
1594 1598 1918 1662 praestabant

223 1674 437 1722 altitudo
475 1675 660 1724 montis
700 1676 751 1722 et
789 1674 1061 1723 constituta
1098 1673 1152 1722 in
1190 1689 1382 1722 summo
1420 1673 1671 1736 planities.
1730 1672 1916 1733 dextra,

221 1747 411 1810 inquit,
462 1765 519 1797 ac
565 1749 731 1811 laeva,
781 1749 991 1797 alteram
1040 1748 1121 1797 vel
1165 1751 1430 1811 utramque
1478 1748 1768 1811 intellegere
1818 1762 1918 1794 non

222 1837 483 1885 possumus
514 1823 612 1871 nisi
635 1840 724 1886 per
754 1838 866 1871 eum
898 1823 988 1886 qui
1017 1823 1071 1870 in
1101 1822 1192 1871 illa
1222 1821 1433 1885 planitie
1457 1823 1584 1869 forte
1617 1820 1918 1882 constiterit3

223 1897 329 1958 ipse
370 1897 501 1944 enim
540 1913 654 1946 cum
693 1912 797 1945 sese
837 1896 1158 1958 converterit,
1194 1897 1396 1945 laevum
1426 1895 1750 1958 dextrumque
1789 1911 1918 1944 com-

223 1971 409 2032 mutat3
440 1970 526 2018 sed
557 1973 706 2034 poeta
737 1971 808 2019 sic
836 1972 1033 2020 laevam
1065 1970 1192 2018 dixit
1222 1972 1272 2019 et
1302 1970 1555 2018 dexteram
1583 1971 1642 2018 ut
1670 1970 1799 2018 hanc
1830 1970 1920 2017 aut

123 2053 208 2093 530
223 2044 365 2092 illam
402 2045 601 2093 intuens
640 2046 839 2093 faceret.
892 2045 986 2093 huc
1021 2045 1212 2092 iuvenis
1250 2048 1364 2093 nota
1398 2045 1556 2104 fertur
1591 2045 1783 2105 reqione
1815 2044 1946 2091 via-'

223 2132 360 2166 rum:
397 2120 455 2166 ut
493 2118 773 2167 ostenderet
810 2118 908 2167 loci
947 2119 1294 2168 difficultatem
1337 2119 1509 2167 multis
1549 2117 1807 2182 generibus
1845 2118 1918 2164 in·

225 2191 446 2255 peditam
485 2192 613 2240 adiri
650 2209 749 2240 non
787 2208 932 2255 posse
977 2194 1077 2241 nisi
1115 2193 1177 2240 ab
1218 2194 1297 2241 his
1337 2193 1427 2256 qui
1472 2192 1579 2240 eius
1626 2191 1791 2240 aditus
1831 2193 1920 2238 aut

226 2266 427 2315 semitas
465 2269 689 2328 nossent,
737 2267 862 2315 dixit
901 2267 1125 2315 Turnum
1164 2283 1220 2315 eo
1266 2267 1571 2330 pervolasse,
1620 2266 1793 2328 utpote
1832 2265 1920 2326 qui

226 2341 323 2388 iret
372 2340 437 2387 ad
482 2341 696 2404 cognita.
773 2341 931 2389 fertur
981 2342 1128 2403 dixit,
1177 2344 1237 2390 ut
1286 2340 1589 2389 celeritatem
1640 2337 1921 2389 ostenderet

227 2413 532 2476 festinantis3
564 2413 798 2463 velociter
821 2415 951 2462 enim
975 2414 1327 2477 praeveniendi
1350 2415 1549 2462 fuerant
1572 2413 1767 2461 Aeneae
1789 2414 1918 2461 trac·

226 2490 384 2549 tatus,
435 2504 495 2535 ne
535 2503 593 2535 ex
631 2490 773 2550 parte
814 2488 969 2536 Turni
1007 2489 1110 2537 doli
1149 2505 1206 2538 ac
1244 2488 1434 2538 fraudis
1481 2487 1666 2551 periret
1712 2486 1918 2535 occasio.

350 2663 373 2702 7
414 2659 678 2702 umbrarum
717 2672 831 2714 quae
867 2659 1183 2712 fundebantur
1222 2659 1294 2704 ed.
1417 2662 1441 2702 9
1469 2658 1697 2714 parebant
1718 2656 1761 2700 V
1788 2671 1921 2712 prae-

231 2717 393 2762 bebant
423 2718 493 2762 ed.
543 2718 546 2775 Ι
593 2719 751 2762 sinant
777 2717 819 2761 V
851 2731 965 2762 corr.
999 2718 1070 2761 ed.
1118 2718 1123 2777 l
1170 2732 1359 2775 evayare
1388 2719 1430 2762 si
1458 2719 1602 2762 velent
1627 2715 1669 2760 V
1701 2730 1815 2760 corr.
1848 2716 1919 2759 ed.

234 2779 287 2820 10
329 2777 538 2830 faucium·
581 2791 667 2820 om.
709 2776 781 2821 ed.
912 2781 965 2819 11
1007 2777 1124 2821 idem
1160 2777 1201 2820 V
1239 2778 1291 2822 id
1329 2782 1391 2822 est
1434 2790 1547 2820 corr.
1581 2775 1653 2819 ed.
1786 2780 1838 2818 12
1881 2780 1924 2818 et

230 2837 424 2891 speculis
454 2835 595 2890 paulo
627 2835 822 2879 inferius
853 2837 978 2879 recte
1009 2836 1061 2879 in
1090 2850 1156 2891 sp.
1182 2835 1237 2881 V.
1361 2841 1414 2880 16
1439 2839 1587 2892 potest
1608 2833 1650 2878 V
1674 2833 1745 2878 ed.
1773 2839 1924 2889 posset

232 2908 314 2937 nos
359 2896 549 2949 propter
595 2900 716 2939 esset.
849 2899 902 2938 17
950 2895 1222 2939 occurrendo
1256 2895 1299 2939 V
1339 2908 1450 2938 corr.
1493 2893 1564 2937 ed.
1688 2897 1743 2936 18
1785 2907 1922 2950 prac-

232 2953 416 2997 stabant
448 2952 491 2997 V
527 2954 741 2999 reddebat
782 2953 853 2997 ed.
988 2957 1043 2996 20
1082 2954 1228 2999 altera
1258 2955 1326 2999 vel
1348 2953 1391 2998 V
1421 2954 1612 2998 alteram
1642 2952 1710 2997 vel
1741 2965 1824 2996 nos
1855 2952 1923 2996 vel

234 3012 378 3056 altera
409 3012 479 3056 ed.
604 3017 659 3056 26
692 3013 820 3057 adire
844 3012 886 3056 V
919 3025 1032 3056 corr.
1067 3012 1139 3057 ed.

1945 1024 1989 1056 10

1949 1392 1990 1425 15

1950 1763 1993 1795 20

1951 2131 1993 2165 25

1952 2500 1995 2532 30
