2050 3226
201 114 272 169 56
672 111 906 156 DONATI
935 110 1216 156 INTERPR..
1241 110 1422 156 VERG.

200 253 349 301 limen
396 251 589 301 obsedit
635 245 870 318 (tacitum
915 251 1042 300 dixit
1087 250 1192 300 sine
1239 250 1454 314 strepitu
1499 244 1716 318 aliquo),
1766 267 1893 314 quae

200 328 304 374 iam
351 326 504 375 fiebat
551 326 806 374 fortunam
847 325 978 374 filiae
1029 327 1079 374 et
1125 325 1334 389 optabat
1371 325 1595 373 Turnum
1640 326 1808 388 potius
1847 325 1894 374 ei

200 400 346 465 iungi
384 415 536 464 quam
573 399 851 464 Phrygium
887 401 1072 461 virum,
1111 399 1323 462 denique
1369 399 1685 448 cruciabatur
1727 399 1891 449 animo

201 490 322 524 cura
359 475 509 525 simul
555 473 823 537 doloreque
863 477 1122 523 commota.
1191 475 1403 522 tacitum
1440 474 1595 521 limen
1633 474 1787 523 etiam
1825 475 1894 524 sic

199 564 461 612 possumus
493 549 697 610 sentire,
735 550 796 596 ut
825 564 925 597 non
956 548 1108 596 limen
1139 548 1320 596 dixerit
1348 548 1582 610 tacitum,
1616 548 1703 596 sed
1732 549 1895 611 ipsam

199 622 404 671 Furiam
455 623 664 671 tacitam
717 621 986 683 obsedisse,
1049 623 1109 670 ut
1160 621 1359 671 facilius
1413 621 1653 671 nescienti
1704 623 1895 672 valeret

145 721 149 724 f
202 697 449 760 obrepere.
526 696 672 744 facile
719 698 883 744 autem
928 695 1026 743 fuit
1071 696 1224 744 etiam
1268 697 1409 744 nulla
1446 697 1498 744 vi
1537 695 1764 744 adhibita
1810 697 1893 745 ob-

200 773 359 819 tinere
398 770 501 819 eius
543 771 765 818 animum
796 770 878 818 cui
906 770 1105 818 Aeneae
1136 770 1239 819 iam
1270 771 1551 819 coniunctio
1584 770 1894 833 displicebat.

201 844 463 894 consilium
516 846 685 892 tamen
737 843 995 907 probabile
1049 843 1313 893 videbatur
1363 845 1621 894 inventam
1672 844 1894 894 mulieris

202 919 452 968 cumulare
503 917 816 980 sententiam,
865 920 925 966 ut
974 918 1191 966 efficeret
1238 919 1315 968 vis
1360 920 1522 967 maior
1565 934 1627 967 ne
1677 935 1894 967 commu·

200 996 331 1042 taret
361 994 577 1041 mentem
608 994 659 1040 et
694 992 748 1039 in
781 991 933 1041 aliam
963 994 1158 1055 partem
1189 1007 1331 1041 sexus
1363 992 1575 1041 forsitan
1613 993 1894 1042 mobilitate

200 1068 449 1116 transiret.
526 1067 638 1115 huic
687 1066 778 1114 dea
828 1067 1061 1114 caeruleis
1113 1081 1269 1114 unusm
1313 1067 1371 1114 dc
1421 1067 1638 1115 crinibus
1688 1081 1896 1128 anquam

202 1142 372 1190 conicit
408 1142 554 1200 inque
591 1142 756 1189 sinum
777 1141 1073 1200 praecordia
1111 1141 1178 1188 ad
1214 1141 1390 1188 intima
1419 1141 1603 1197 subdit,
1645 1155 1735 1200 quo
1769 1142 1895 1203 furi-

201 1216 369 1264 bunda
406 1215 603 1263 domum
639 1218 851 1262 monstro
884 1215 1174 1274 permisceat
1217 1228 1428 1262 omnem:
1476 1214 1683 1262 Furiam
1719 1217 1896 1278 poetae

202 1291 272 1338 sic
321 1289 542 1353 fingunt,
598 1288 729 1351 quod
781 1303 966 1352 angues
1017 1305 1106 1351 pro
1163 1288 1381 1337 crinibus
1430 1288 1615 1337 habeat
1663 1291 1714 1337 et
1763 1291 1897 1352 quod

201 1363 308 1412 eius
353 1363 572 1412 ministri
618 1363 741 1423 sint,
792 1378 906 1410 cum
953 1363 1124 1425 aliqua
1170 1363 1214 1411 ei
1259 1363 1395 1411 mala
1439 1363 1736 1426 perficienda
1783 1365 1894 1412 sint.

201 1453 290 1486 nos
330 1440 498 1485 tamen
529 1436 742 1484 Amatae
781 1452 880 1484 non
913 1453 1147 1501 anguem,
1188 1436 1274 1485 sed
1305 1438 1685 1486 commotionem
1715 1438 1894 1487 mentis

202 1511 479 1560 inmensam
511 1510 743 1558 debemus
783 1511 1025 1574 accipere,
1064 1512 1122 1558 ut
1154 1511 1411 1573 conposita
1433 1510 1604 1559 Latini
1635 1512 1894 1560 voluntate

201 1585 622 1649 perturbarentur.
697 1585 870 1646 itaque
929 1585 1047 1633 licet
1106 1585 1227 1633 haec
1281 1585 1356 1633 ita
1414 1585 1534 1647 sint,
1593 1601 1894 1648 exponamus

202 1659 474 1708 secundum
511 1660 713 1722 poetam
752 1674 877 1720 quae
917 1658 1050 1707 dicta
1089 1661 1217 1707 sunt.
1293 1659 1410 1707 huic
1455 1659 1642 1721 inquit,
1688 1660 1782 1708 11οο
1820 1663 1896 1709 est

201 1734 428 1782 Amatae.
508 1732 652 1780 deam
689 1732 895 1780 Furiam
935 1734 1062 1781 dixit
1098 1736 1158 1781 ut
1196 1748 1348 1795 supra
1387 1727 1567 1800 (324)3
1608 1734 1725 1782 deos
1765 1734 1896 1782 enim

203 1808 419 1869 deasque
458 1809 647 1856 veteres
687 1808 991 1869 putaverunt
1030 1807 1116 1869 qui
1155 1809 1318 1856 essent
1356 1807 1563 1856 alicuius
1603 1807 1807 1856 virtutis
1847 1811 1896 1857 et

201 1882 424 1929 homines
463 1882 710 1943 potestate
750 1884 1051 1943 superarent.
1122 1882 1362 1929 caeruleis
1399 1899 1555 1929 unum
1586 1881 1645 1930 de
1677 1882 1894 1932 crinibus

204 1971 416 2019 anguem
455 1954 658 2002 conicit:
706 1955 904 2016 quando
951 1973 1105 2003 unum
1145 1956 1209 2003 ad
1247 1955 1574 2018 perditionem
1616 1957 1896 2018 quietamm

202 2046 367 2077 rerum
410 2028 654 2077 arbitrata
696 2033 770 2076 est
811 2045 956 2090 posse
1001 2030 1246 2091 sufficere,
1294 2029 1414 2091 quid
1459 2031 1512 2077 in
1559 2030 1894 2079 eversionibus

203 2105 402 2166 poterat
441 2119 590 2166 quam
628 2104 706 2151 tot
745 2104 896 2151 etiam
935 2103 1126 2151 funerei
1166 2120 1350 2167 angues
1391 2103 1681 2153 armabant?
1744 2105 1894 2166 inque

203 2178 367 2227 sinum
428 2176 718 2239 praecordia
772 2176 836 2224 ad
888 2178 1067 2225 intima
1128 2178 1318 2226 subdit:
1380 2179 1515 2226 sinus
1571 2178 1752 2226 dicitur
1805 2180 1893 2240 qui

202 2253 369 2314 potest
407 2250 599 2312 aliquid
638 2251 858 2312 excipere
899 2254 948 2299 et
985 2254 1165 2300 tenere.
1242 2252 1394 2300 Furia
1440 2252 1595 2315 igitur
1639 2251 1692 2299 in
1731 2251 1894 2300 sinum

203 2329 253 2374 et
302 2324 591 2387 praecordia
642 2341 854 2388 anguem
903 2325 1042 2373 misit
1092 2327 1156 2373 ad
1204 2325 1316 2388 ipsa
1365 2327 1558 2373 intima.
1636 2325 1894 2389 subiungit

204 2415 293 2447 cur
322 2400 415 2447 hoc
446 2399 639 2446 fecerit:
681 2414 777 2460 quo
811 2398 1081 2447 furibunda
1113 2399 1314 2447 domum
1345 2401 1565 2448 monstro
1602 2399 1894 2461 permisceat

204 2489 419 2534 omnem,
457 2472 511 2520 id
539 2474 614 2520 est
651 2474 711 2519 ut
747 2473 840 2520 hoc
878 2476 1099 2521 monstro
1132 2491 1221 2536 per
1259 2474 1452 2536 puellae
1484 2476 1692 2521 matrem
1733 2476 1893 2521 totam

203 2548 404 2595 domum
449 2546 696 2607 misceret,
745 2546 932 2594 scilicet
983 2550 1041 2595 ut
1087 2547 1324 2596 subversa
1371 2546 1591 2595 omnium
1635 2546 1892 2595 voluntate

322 2751 349 2788 4
382 2751 598 2791 commota
630 2759 717 2789 om.
744 2746 814 2789 ed.
910 2750 932 2788 7
967 2752 1116 2790 autem
1149 2761 1235 2790 om.
1263 2747 1335 2791 ed.
1429 2750 1482 2789 15
1516 2745 1633 2801 quod
1665 2746 1728 2800 (et
1751 2744 1889 2799 infra)

204 2803 245 2846 V
278 2807 492 2859 expectes
527 2810 590 2849 ut.
639 2804 644 2862 1
696 2805 961 2848 criminibus
991 2805 1046 2847 V.
1171 2810 1225 2849 18
1269 2807 1375 2861 post
1413 2806 1642 2849 voluntate
1674 2803 1888 2859 interpol.

203 2865 392 2919 nuptiae
424 2864 494 2908 ed.
588 2868 644 2907 24
677 2865 786 2919 quia
810 2869 983 2907 ciarum
1008 2863 1050 2906 V
1074 2866 1328 2920 quieturum
1359 2878 1441 2908 nos
1472 2865 1634 2907 harum
1658 2862 1797 2906 HOU
1817 2863 1889 2906 ed.

205 2926 262 2964 30
294 2922 470 2966 demum
501 2922 555 2966 V.
679 2927 731 2966 31
765 2923 884 2966 idem
915 2921 957 2965 V
989 2923 1059 2966 ed.
1093 2924 1143 2967 id
1173 2929 1238 2968 est
1267 2937 1364 2967 nos.

1927 918 2032 968 10⁴

1928 1305 1970 1337 15

1927 1676 1970 1708 20

1926 2045 1969 2078 25

1925 2413 1967 2444 30
