2050 3226
187 144 296 198 526
658 143 893 188 DONATI
921 143 1202 187 INTERPR.
1228 142 1408 188 VERG.

187 297 391 343 aequore
438 283 663 332 Tarchon
713 298 856 332 arma
903 284 1156 343 virumque
1207 284 1394 343 ferens:
1441 285 1606 332 totum
1653 283 1880 332 mirabile

186 356 305 418 fuit,
345 357 536 406 scilicet
566 357 701 420 quod
738 358 976 420 rapuerat
1013 358 1198 418 virum,
1238 356 1370 419 quod
1400 373 1488 420 per
1519 373 1719 421 campos
1757 358 1880 407 voli-

185 433 299 480 tans
345 431 552 495 regebat
598 431 914 493 quadrupede
962 445 1184 492 cursum,
1232 431 1366 493 quod
1409 431 1608 480 tenebat
1654 447 1793 480 arma
1831 434 1882 480 et

186 520 352 554 secum
383 505 595 554 vehebat
633 507 896 554 armatum.
957 508 1059 552 tum
1096 519 1291 553 summa
1327 505 1485 564 ipsius
1520 507 1582 554 ab
1619 506 1763 554 hasta
1801 506 1880 554 de-

182 580 359 641 frinqit
394 581 583 640 ferrum
622 583 666 627 et
698 580 860 639 partis
897 579 1109 627 rimatur
1140 581 1356 639 apertae,
1398 594 1495 639 qua
1532 580 1713 628 vulnus
1744 580 1882 628 letale
1934 594 1953 627 5

182 655 335 713 ferat:
373 654 595 702 cumulat
631 652 707 701 his
749 654 1029 717 augmentis
1061 653 1332 701 Tarchonis
1371 653 1571 702 laudem
1603 653 1879 702 describens

185 729 433 776 certamen
488 742 684 790 quoque
735 727 861 789 eius,
917 726 1050 789 quod
1101 727 1235 775 inter
1282 729 1360 775 tot
1409 727 1730 777 difficultates
1780 744 1880 776 non
1932 728 1934 730 ’

160 799 448 850 'dubitabat
478 817 722 864 exercere3
752 803 971 864 primum
1003 802 1188 864 quippe
1211 801 1400 863 proelio
1432 804 1661 851 strenuus
1693 804 1744 851 et
1767 818 1879 851 con-

183 876 295 924 silio
327 876 485 924 bonus
515 876 752 924 renitenti
782 875 988 925 sustulit
1018 877 1202 924 ferrum
1233 874 1514 940 defringens
1546 892 1656 924 eam
1687 878 1880 940 partem

181 951 356 998 hastae
387 966 488 1012 qua
517 950 780 998 tenebatur
815 950 1044 1012 infixum,
1082 966 1143 997 ne
1183 965 1321 1012 spem
1360 952 1514 998 etiam
1548 951 1655 1013 ipse
1687 953 1881 1015 gereret
1912 966 1954 998 ιο

180 1025 233 1072 in
263 1025 591 1073 reluctatione
623 1024 855 1086 feriendi,
887 1023 1064 1072 dehinc
1092 1025 1269 1072 rimari
1300 1024 1462 1087 coepit
1491 1025 1584 1074 hoc
1615 1026 1690 1073 est
1721 1026 1879 1073 atten-

180 1098 279 1146 tius
322 1114 556 1162 quaerere
604 1114 714 1146 eam
764 1099 983 1162 corporis
1022 1100 1218 1161 partem
1259 1114 1360 1160 qua
1397 1115 1498 1148 non
1535 1099 1756 1147 laederet
1792 1099 1878 1146 ho-

80 1181 164 1221 750
180 1173 364 1220 minem
402 1173 627 1235 vulnere,
666 1172 752 1221 sed
789 1175 1001 1222 necaret.
1060 1175 1227 1221 eontra
1255 1173 1337 1220 ille
1366 1187 1648 1234 repuqnans
1678 1173 1882 1221 sustinet

182 1261 214 1295 a
246 1247 408 1308 iuqulo
441 1247 660 1295 dextram
692 1251 735 1295 et
770 1249 870 1295 vim
903 1248 1093 1295 viribus
1124 1248 1242 1294 exit:
1279 1262 1369 1295 nec
1391 1247 1585 1296 Venulo
1617 1247 1879 1295 eonsilium

182 1321 362 1383 defuit3
402 1321 679 1370 sustinebat
718 1322 850 1369 enim
890 1337 1095 1370 occursu
1127 1320 1403 1370 necessario
1441 1322 1764 1369 inminentem
1801 1321 1878 1368 iu—
1910 1335 1951 1368 15

180 1395 297 1459 gulo
336 1396 568 1444 hostilem
608 1395 845 1443 dextram.
901 1396 1128 1443 Tarchon
1160 1395 1431 1457 quaerebat
1466 1395 1739 1444 instantius
1780 1411 1879 1458 qua

178 1470 313 1518 hosti
349 1470 450 1518 tale
498 1470 677 1518 vulnus
727 1469 954 1531 inferret,
1003 1470 1229 1518 Venulus
1278 1471 1451 1518 contra
1497 1485 1606 1518 eam
1643 1469 1879 1517 tuebatur

180 1545 399 1605 corporis
446 1547 640 1606 partem
679 1559 780 1606 qua
818 1546 986 1606 posset
1025 1543 1194 1592 occidi.
1252 1545 1444 1592 interea
1483 1544 1603 1591 dum
1641 1545 1878 1592 contrarii

179 1619 436 1679 nituntur,
483 1619 536 1668 vi
574 1617 751 1667 effudit
787 1618 1009 1666 Venulus
1051 1617 1184 1680 quod
1228 1618 1494 1666 advexerat
1530 1617 1735 1666 inimica
1772 1617 1876 1666 vio-

179 1691 348 1740 lentia.
403 1695 453 1740 et
482 1693 576 1741 hoc
599 1692 942 1754 memorabile3
971 1708 1088 1740 nam
1118 1693 1317 1739 tantum
1347 1692 1446 1739 fuit
1477 1693 1692 1740 evasisse
1718 1705 1874 1754 quan·
1907 1706 1950 1739 20

178 1769 287 1815 tum
319 1768 492 1815 fecisse
523 1766 809 1830 gloriosum.
863 1770 1007 1827 utque
1036 1766 1209 1814 volans
1244 1766 1338 1814 alte
1367 1769 1565 1826 raptum
1596 1781 1706 1813 eum
1734 1766 1875 1826 fulva

179 1841 437 1889 draconem
459 1842 554 1900 fert
577 1841 745 1901 aquila
766 1841 1081 1900 implicuitque
1094 1840 1246 1899 pedes
1278 1843 1416 1900 atque
1437 1840 1684 1900 unquibus
1706 1839 1874 1896 haesit,

179 1916 378 1962 saucius
410 1918 462 1962 at
490 1929 688 1974 serpens
711 1916 914 1963 sinuosa
943 1915 1193 1962 volumina
1219 1917 1382 1962 versat
1405 1915 1696 1974 arrectisque
1717 1914 1875 1961 horret

79 1996 162 2036 755
179 1990 397 2047 squamis
437 1992 480 2036 et
515 1989 679 2036 sibilat
723 2003 804 2037 ore
847 1987 1067 2050 [arduus
1104 1988 1390 2049 insumus,-
1437 1989 1518 2035 ille
1555 1988 1674 2035 haut
1710 1989 1874 2035 miuus

178 2066 315 2122 urqet
352 2063 532 2110 obunco
566 2063 822 2111 luctantem
852 2066 1028 2120 rostr0,
1068 2063 1215 2110 simul
1253 2062 1448 2110 aethera
1484 2063 1705 2110 verberat
1734 2060 1874 2123 alis]:
1903 2074 1945 2108 25

178 2137 386 2198 pulchra
415 2136 636 2184 inventio
669 2136 732 2185 ad
765 2139 997 2185 ornatum
1019 2136 1287 2199 parabolae
1317 2137 1464 2184 istius
1501 2136 1730 2198 adposita
1762 2136 1871 2183 dra-

179 2210 313 2259 conis
346 2212 396 2258 et
426 2210 623 2272 aquilae
663 2205 804 2274 (sunt
835 2212 967 2259 enim
997 2211 1051 2258 in
1081 2226 1170 2259 suo
1202 2227 1379 2274 genere
1410 2204 1722 2276 fortissima),
1754 2211 1872 2272 quia

178 2300 267 2332 nec
305 2287 504 2347 raperet
541 2284 791 2346 Tarchon,
830 2285 928 2334 nisi
967 2285 1086 2348 quia
1124 2284 1423 2334 fortissimus
1462 2284 1582 2346 fuit,
1633 2299 1722 2332 nec
1760 2299 1870 2332 eva·

179 2358 316 2406 deret
346 2359 594 2420 Venulus,
631 2359 728 2406 nisi
761 2359 878 2420 quia
914 2359 1120 2407 inferior
1153 2375 1252 2407 non
1283 2359 1395 2407 fuit.
1450 2357 1716 2420 descriptio
1750 2373 1870 2420 quo-

301 2490 326 2528 6
364 2486 631 2529 Tarchontis
663 2485 733 2529 ed.
829 2489 883 2528 10
914 2486 1088 2540 infixus
1120 2485 1191 2530 ed.
1278 2489 1332 2528 13
1364 2485 1414 2528 in
1444 2484 1615 2528 lemma
1645 2489 1869 2528 eontra-

181 2549 236 2588 14
269 2546 362 2588 exit
399 2544 524 2600 quod
564 2545 835 2588 continuum
873 2543 1018 2588 habet
1051 2544 1094 2587 V
1133 2545 1370 2598 „sustinet
1408 2544 1532 2588 enim
1564 2557 1759 2587 occursu
1788 2556 1869 2586 ne-

181 2604 379 2647 cessario
422 2618 449 2646 a
486 2603 648 2660 iugulo
689 2603 934 2647 dextram⁶⁶
974 2605 1080 2659 post
1118 2604 1325 2648 dextram
1363 2603 1522 2658 inepte
1561 2603 1756 2646 inseruit
1796 2602 1866 2645 ed.

179 2677 272 2706 non
311 2664 440 2706 extat
477 2663 527 2706 in
565 2661 706 2705 HOU.
831 2668 882 2706 17
923 2663 1081 2706 hostile
1119 2663 1210 2707 tale
1241 2662 1282 2706 V
1318 2676 1431 2706 corr.
1465 2662 1536 2705 ed.
1667 2665 1721 2704 18
1763 2674 1867 2704 cort-

178 2723 337 2765 trariis
362 2721 401 2763 V
427 2722 497 2765 ed.
593 2726 645 2765 19
682 2723 903 2766 Venatum
934 2721 975 2763 V
1001 2722 1070 2764 ed.
1107 2723 1306 2766 Venulus
1337 2735 1439 2765 nos:
1473 2721 1663 2776 interpr.
1693 2719 1751 2762 ad
1782 2724 1864 2762 751

181 2781 316 2824 docet
347 2780 583 2824 Donatum
615 2780 814 2824 evasisse
845 2779 1076 2824 Venulum
1107 2782 1287 2836 putare.
1410 2784 1465 2823 20
1500 2780 1594 2834 fuit
1628 2792 1715 2822 om.
1749 2778 1864 2822 edF.

181 2845 233 2882 21
276 2841 373 2883 alta
407 2839 461 2883 V.
584 2844 639 2883 23
677 2842 863 2884 saueius
901 2845 943 2883 et
975 2838 1030 2882 V.
1153 2844 1208 2883 24
1247 2840 1494 2883 arduus—
1521 2843 1576 2882 25
1608 2839 1697 2882 alis
1736 2837 1867 2880 deest

179 2899 229 2941 in
259 2898 314 2952 V,
356 2898 437 2942 sed
477 2898 750 2953 explicatur.
882 2903 936 2943 26
977 2898 1186 2954 adposita
1224 2898 1380 2942 nescio
1420 2911 1479 2941 an
1517 2899 1625 2952 post
1655 2901 1866 2941 ornatum

179 2958 577 3013 transponendum
611 2959 685 3002 sit.
