2050 3226
222 178 328 230 318
694 175 927 220 DONATI
956 176 1022 220 IN
1023 171 1245 221 TERPR.¹
1262 176 1441 221 VERG.

223 316 408 364 diceret
443 315 635 377 ferunt,
682 317 762 377 ut,
809 316 853 364 si
897 316 1093 364 falsitas
1141 317 1343 375 existat,
1385 316 1472 364 alii
1509 315 1675 378 potius
1714 316 1912 364 menda-

223 390 409 438 ciorum
432 390 506 438 rei
527 391 804 438 teneantur.
861 389 1028 451 amici,
1058 390 1245 451 inquit,
1276 390 1480 438 fuerunt
1511 391 1631 451 duo,
1656 390 1914 438 Phaethon

222 466 272 512 et
322 462 536 526 Cycnus:
591 464 677 511 sed
730 479 843 511 cum
895 463 1154 511 Phaethon
1208 466 1348 512 actus
1403 468 1532 512 esset
1583 465 1637 511 in
1689 467 1914 526 mortem,

222 538 392 586 dolens
434 537 626 600 Cycnus
674 553 843 585 casum
887 537 1150 586 familiaris
1197 538 1296 599 sui,
1343 539 1460 586 dum
1505 538 1636 586 inter
1672 539 1913 600 populeas

222 611 419 660 frondes
466 611 798 659 miserabilem
845 612 1010 672 deflet,
1058 612 1127 660 sic
1172 613 1225 659 in
1273 628 1415 660 avem
1454 613 1615 661 albam
1655 615 1915 675 tamquam
1968 625 1988 658 5

221 688 275 733 in
315 687 571 734 canentem
617 688 863 734 senectam
910 700 1078 734 versus
1127 689 1202 734 est
1240 688 1290 734 et
1328 686 1511 734 relictis
1557 688 1700 734 terris
1741 687 1915 734 volatu

221 761 425 808 iuvante
480 759 735 808 contendit
789 760 853 807 ad
906 759 1082 808 sidera.
1160 760 1276 808 dum
1330 761 1440 809 vult
1488 760 1813 809 Phaethontis
1866 762 1916 808 et

225 833 379 896 Cycni
415 833 641 882 fabulam
672 833 853 895 dicere,
893 834 1039 882 etiam
1083 849 1308 882 sororum
1337 833 1663 883 Phaethontis
1697 835 1915 882 eiusdem

167 900 172 903 ’
222 908 409 955 exitum
441 907 821 969 demonstravit,
855 923 966 955 cum
998 907 1129 955 enim
1159 908 1335 956 flerent
1365 909 1593 969 fratrem,
1631 909 1684 956 in
1716 909 1914 956 arbores

220 982 461 1044 populeas
522 997 692 1030 versae
755 985 884 1030 sunt.
983 982 1106 1029 bene
1160 984 1330 1045 posuit
1383 982 1691 1045 linquentem
1741 984 1915 1043 terras,
1949 993 1991 1029 ιο

223 1056 367 1117 quasi
403 1057 496 1103 hoc
534 1056 793 1105 voluntate
833 1057 1043 1104 fecisset.
1115 1055 1303 1105 invisas
1344 1072 1461 1120 ergo
1502 1059 1658 1105 terras
1697 1056 1915 1118 reliquit,

220 1130 274 1177 in
314 1130 492 1192 quibus
533 1130 748 1178 amicum
777 1131 985 1178 ulterius
1018 1130 1184 1179 videre
1215 1147 1315 1179 non
1346 1133 1566 1193 poterat,
1597 1146 1716 1179 voce
1749 1132 1916 1178 autem

221 1206 394 1266 petens
419 1205 600 1265 sidera,
626 1205 770 1267 quasi
796 1204 1040 1253 invidiam
1063 1204 1249 1253 faciens
1274 1205 1398 1266 illis,
1424 1205 1603 1267 quibus
1630 1204 1915 1253 auctoribus

222 1279 306 1326 1110
337 1279 568 1340 perierat.
621 1280 758 1337 filius
790 1279 1010 1339 aequalis
1042 1280 1294 1327 comitatus
1326 1280 1479 1327 classe
1510 1282 1753 1327 catervas:
1783 1279 1916 1326 filius

224 1353 350 1414 eius,
399 1353 492 1400 hoc
544 1354 619 1400 est
673 1369 819 1415 quem
869 1369 1019 1414 supra
1070 1368 1182 1400 cum
1231 1354 1396 1415 pinnis
1448 1355 1590 1415 cycni
1644 1353 1917 1415 descripsit,
1951 1356 1992 1398 15

223 1426 434 1475 ducebat
465 1428 688 1475 catervas
722 1427 961 1489 aequalis,
988 1428 1075 1474 aut
1108 1429 1271 1475 aetate
1305 1427 1527 1489 aequalis
1553 1429 1642 1475 aut
1667 1443 1918 1475 armorum

122 1511 204 1551 195
223 1502 375 1548 cultu.
450 1502 689 1561 inqentem
726 1502 873 1549 remis
916 1500 1215 1549 Centaurum
1249 1505 1517 1561 promovet:
1565 1517 1742 1550 navem
1791 1517 1916 1563 quae

226 1574 500 1623 Centaurus
541 1574 800 1623 dicebatur
838 1578 887 1623 et
924 1577 1100 1639 ingens
1139 1576 1302 1623 fuerat
1340 1575 1677 1638 promovebat.
1731 1575 1812 1622 ille
1842 1576 1915 1622 in-

222 1652 318 1697 stat
348 1663 504 1708 aquae
534 1663 801 1709 saxumque
829 1650 979 1697 undis
1008 1650 1207 1697 inmane
1236 1650 1455 1697 minatur
1482 1650 1671 1698 arduus
1702 1652 1746 1696 et
1775 1649 1919 1709 lonya

222 1724 379 1771 sulcat
415 1724 579 1771 maria
611 1723 713 1771 alta
751 1725 947 1771 carina:
985 1723 1198 1771 hominis
1240 1723 1473 1771 describit
1504 1723 1781 1783 levitatem,
1815 1724 1917 1785 qui,
1951 1731 1996 1768 20·

225 1799 343 1859 quia
380 1798 595 1859 pondere
635 1799 685 1844 et
722 1798 1067 1862 magnitudine
1106 1813 1199 1846 sua
1236 1798 1378 1846 navis
1424 1797 1614 1846 tardius
1663 1797 1918 1861 agebatur,

223 1871 436 1933 putabat
473 1871 785 1920 irascendum
815 1871 943 1920 mari
975 1874 1024 1920 et
1054 1871 1198 1920 undis
1231 1873 1338 1920 ictu
1368 1872 1583 1935 ingentis
1618 1873 1726 1920 saxi
1755 1871 1917 1918 minas

226 1961 329 1993 esse
367 1946 656 1993 tendendas.

341 2019 437 2066 Ille
477 2020 621 2067 etiam
649 2020 834 2078 patriis
874 2034 1047 2080 aymen
1086 2021 1174 2068 ciet
1214 2019 1375 2068 Ocnus
1415 2021 1476 2067 ab
1516 2021 1636 2076 oriS,
1685 2019 1918 2078 fatidicae

223 2094 434 2141 Mantus
484 2096 527 2140 et
566 2094 714 2140 Tusci
763 2094 898 2151 filius
939 2095 1124 2142 amnis:
1173 2093 1359 2155 Ocnus,
1410 2095 1596 2156 inquit,
1648 2094 1780 2142 filius
1821 2093 1920 2140 fuit
1950 2099 1998 2137 25³1

225 2167 423 2215 Mantus
456 2169 505 2214 et
537 2167 687 2215 Tusci
719 2169 901 2229 amnis3
933 2168 1190 2216 fatidicam
1225 2168 1351 2216 dixit
1383 2183 1508 2229 quae
1532 2168 1639 2216 fata
1661 2166 1919 2214 hominum

122 2252 208 2291 200
225 2242 470 2304 responsis
504 2241 733 2303 aperiret.
788 2243 870 2301 qui
898 2257 1065 2290 muros
1095 2243 1359 2302 matrisque
1390 2242 1521 2289 dedit
1552 2242 1658 2297 tibi,
1684 2242 1915 2296 Mantua,

225 2329 421 2363 nomen:
458 2315 561 2376 hic,
600 2316 788 2377 inquit,
828 2318 878 2363 et
916 2331 1082 2364 muros
1123 2316 1260 2364 dedit
1299 2316 1533 2363 Mantuae
1566 2317 1615 2362 et
1647 2314 1705 2362 de
1743 2314 1916 2362 matris

226 2388 423 2437 nomine
471 2389 731 2436 Mantuam
781 2390 1073 2438 nominavit.
1175 2391 1414 2446 Mantua,
1467 2390 1600 2437 dives
1651 2389 1779 2444 avis,
1835 2388 1919 2435 sed

226 2478 323 2510 non
357 2477 511 2524 yenus
549 2463 772 2510 omnibus
809 2479 987 2511 unum:
1032 2465 1224 2512 invenit
1270 2463 1576 2512 occasionem
1621 2464 1772 2524 poeta
1818 2478 1919 2523 qua
1949 2474 1994 2506 30

347 2580 369 2618 1
402 2580 454 2619 ut
483 2576 525 2619 si
547 2573 632 2617 VR
663 2574 783 2630 quod
812 2576 853 2617 si
884 2575 955 2619 011.
1004 2575 1008 2634 Ι
1060 2577 1267 2620 existeret
1305 2575 1376 2618 ed.
1423 2574 1427 2629 1
1478 2574 1815 2618 mendaciorum
1853 2574 1920 2617 rei

227 2639 466 2678 teneantur
495 2633 580 2677 VR
622 2635 795 2677 temere
834 2635 947 2676 mut.
986 2635 1056 2679 cd.
1178 2639 1206 2677 4
1237 2639 1371 2679 casus
1401 2633 1455 2676 R.
1507 2634 1511 2691 1
1560 2633 1790 2687 familiari
1820 2631 1916 2675 VR.

229 2698 253 2736 5
294 2694 566 2737 miserabile.
586 2692 656 2736 ed.
710 2693 715 2750 Ι
764 2697 995 2747 tamquam
1026 2695 1078 2738 in
1101 2692 1186 2736 VR
1216 2695 1268 2737 in
1299 2707 1387 2737 om.
1413 2691 1484 2735 011.
1608 2695 1663 2735 10
1697 2692 1804 2736 bene
1835 2691 1919 2734 VR

229 2752 267 2796 b.
301 2757 451 2796 autem
490 2752 560 2795 011.
685 2756 737 2795 11
779 2752 995 2807 relinquit
1025 2752 1079 2796 V.
1204 2757 1258 2795 15
1291 2766 1390 2796 eum
1413 2750 1498 2794 VR
1530 2765 1630 2794 eum
1663 2764 1775 2794 corr.
1803 2750 1873 2794 011.
1911 2750 1914 2808 Ι

228 2812 359 2867 cycni
382 2810 466 2853 VR
496 2811 677 2868 cyyneis
707 2810 778 2855 ed.
881 2815 935 2854 16
969 2825 1172 2856 amorum
1195 2811 1238 2854 V
1268 2812 1480 2855 arborum
1511 2810 1551 2852 R
1583 2823 1814 2854 armorum
1846 2809 1918 2853 ed.

230 2874 283 2913 18
316 2870 545 2914 dicibatur
568 2869 622 2913 V.
715 2874 771 2912 20
802 2870 1003 2914 homines
1025 2870 1122 2914 VR.
1168 2871 1172 2929 1
1219 2870 1451 2914 describsit
1479 2869 1533 2912 R.
1634 2872 1688 2912 23
1721 2882 1812 2913 sese
1835 2867 1919 2911 VR

230 2942 318 2972 esse
350 2942 463 2972 corr.
491 2929 562 2972 ed.
610 2930 615 2985 ξ
664 2929 966 2973 intendendas
998 2929 1069 2973 ed.
1100 2931 1220 2984 post.
1343 2933 1399 2971 24
1431 2929 1555 2973 ocnis
1585 2928 1639 2971 R.
1687 2928 1690 2986 l
1742 2928 1920 2972 arboris

229 3001 313 3042 pro
346 2989 402 3031 ab
434 2989 526 3032 oris
549 2987 646 3031 VR.
771 2992 824 3031 27
859 2993 1005 3032 antua
1035 2988 1077 3031 R
1108 3002 1219 3033 corr.
1247 3004 1281 3031 r.
