2050 3226
798 188 1104 238 AENEIDOS
1135 188 1200 233 XI
1739 191 1846 246 511

154 330 400 394 pecudum
452 344 650 394 grege8‚
703 345 818 378 cum
870 329 930 378 de
981 329 1090 378 loco
1149 327 1483 378 traducuntur
1543 329 1608 377 ad
1667 331 1848 380 locum.

157 406 403 467 quantum
446 403 604 468 igitur
647 402 701 451 in
747 402 942 453 Latinis
988 403 1199 452 militiae
1246 402 1456 452 dedecus
1495 403 1614 465 fuit,
1653 406 1713 452 ut
1750 421 1850 453 non

154 480 354 528 tantum
402 478 575 542 fugere
624 493 799 527 verum
848 479 933 542 agi
980 493 1118 526 more
1166 479 1419 526 mutorum
1469 477 1762 526 animalium
1802 482 1852 528 et

154 553 330 615 inpelli
359 551 667 602 viderentur!
728 553 959 612 princeps
991 555 1180 600 turmas
1208 552 1400 601 inducit
1426 549 1624 600 Asilas:
1661 553 1850 615 primus

103 640 123 672 5
154 626 322 676 Asilas
374 626 574 675 induxit
625 628 817 675 turmas
869 627 923 674 in
975 627 1188 689 medios;
1250 627 1361 690 quis
1416 626 1549 675 enim
1607 629 1853 676 metueret

51 748 55 750 ,
154 699 427 765 fugientis}>
479 702 674 760 iamque
705 701 1108 763 propinquabant
1142 701 1316 761 portis·‚
1354 714 1647 762 rursumque
1676 701 1854 750 Latini

155 775 413 824 clamorem
450 775 623 823 tollunt
659 778 703 822 et
738 775 907 823 mollia
945 775 1069 823 colla
1105 776 1376 834 reflectunt:
1420 774 1509 823 ubi
1546 774 1649 823 iam
1679 774 1852 824 Latini

152 848 368 913 proximi
404 864 510 898 esse
542 851 807 912 coeperant
837 850 1012 912 portis,
1041 851 1296 912 resumpta
1327 849 1540 898 audacia
1570 851 1620 897 et
1650 849 1851 913 proprio

152 923 407 972 intellecto
449 923 683 973 dedecore
719 924 923 987 repente
962 923 1027 971 ad
1063 939 1286 988 pugnam
1332 939 1445 972 cum
1484 924 1698 972 clamore
1737 939 1852 973 con-

81 1017 124 1048 ιο
153 999 286 1047 versi
323 999 455 1048 sunt.
530 998 582 1046 hi
618 999 836 1059 fuyiunt,
876 998 970 1046 hoc
1008 1000 1084 1046 est
1122 998 1350 1059 Troiani,
1389 999 1678 1059 penitusque
1723 999 1854 1047 datis

153 1073 436 1133 referuntur
483 1073 710 1120 habenis:
761 1071 1035 1120 debuerant
1083 1071 1215 1120 enim
1268 1072 1475 1120 celerius
1528 1089 1747 1121 remeare
1799 1073 1854 1121 in

155 1162 408 1209 campum,
462 1162 523 1194 ne
576 1147 799 1194 locorum
848 1145 1135 1195 condicione
1189 1148 1281 1194 aut
1341 1145 1595 1208 aliquibus
1656 1146 1852 1196 insidiis

156 1223 473 1284 caperentur,
511 1221 592 1269 vel
629 1220 842 1269 maxime
879 1235 1086 1269 recursu
1122 1219 1375 1283 insperato
1415 1220 1624 1283 decepti.
1692 1222 1855 1281 qualis

154 1296 239 1343 ubi
277 1295 462 1343 alterno
494 1309 793 1356 procurrens
826 1295 1016 1356 yurqite
1046 1298 1229 1354 pontus
1267 1309 1399 1342 nunc
1435 1295 1539 1342 ruit
1575 1295 1642 1343 ad
1672 1298 1854 1344 terram
1870 1302 1956 1343 625

82 1386 124 1418 ιε
154 1369 466 1430 scopulosque
526 1369 792 1429 superiacit
851 1369 991 1416 unda
1050 1383 1281 1429 spumeus
1334 1371 1687 1429 extremamque
1738 1371 1855 1418 sinu

145 1443 407 1503 perfundit
441 1443 694 1498 harenam,
733 1457 866 1491 nwnc
901 1443 1110 1504 rapidus
1140 1446 1266 1491 retro
1298 1446 1439 1504 atque
1470 1447 1608 1491 aestu
1636 1444 1856 1492 revoluta

153 1518 406 1566 resorbens
451 1532 577 1566 saxa
622 1517 751 1578 fuyit
798 1517 1004 1577 litusque
1049 1519 1174 1566 vado
1199 1517 1408 1565 tabente
1451 1518 1704 1579 relinquit:
1741 1534 1854 1581 pro-

154 1591 277 1655 priis
329 1593 380 1640 et
430 1591 643 1655 signatis
693 1590 859 1640 verbis
910 1606 1141 1654 expressa
1190 1591 1505 1653 conparatio,
1552 1607 1654 1654 qua
1693 1594 1854 1641 osten-

155 1665 352 1714 deretur
405 1666 628 1715 alternus
680 1665 920 1729 impetus,
974 1666 1194 1728 spatium
1247 1667 1297 1713 et
1350 1666 1545 1714 alterna
1590 1667 1856 1729 successi03

81 1756 125 1787 so
155 1757 272 1789 nam
322 1756 495 1789 revera
543 1739 615 1788 sic
665 1756 724 1788 ex
775 1740 879 1788 alto
929 1740 1190 1803 inpellitur
1238 1755 1397 1802 mare,
1435 1742 1494 1788 ut
1530 1742 1856 1803 properantes

155 1814 335 1863 fluctus
385 1815 438 1862 in
484 1815 690 1863 ultimas
740 1815 952 1863 harenas
1003 1830 1161 1876 usque
1211 1813 1486 1862 tendantur
1535 1817 1687 1877 atque
1740 1816 1856 1863 inde

157 1888 416 1951 explicatis
459 1889 684 1951 lapsibus
732 1888 906 1937 eodem
954 1888 1084 1936 unde
1135 1889 1374 1937 venerant
1425 1888 1709 1937 referantur
1761 1890 1856 1937 lin-

159 1965 363 2025 quentes
404 1978 524 2011 saxa
564 1979 691 2025 quae
729 1963 931 2011 fuerant
969 1963 1290 2026 supergressi.
1346 1963 1420 2011 bis
1460 1963 1609 2011 Tusci
1646 1963 1856 2011 Rutulos

158 2051 290 2098 eyere
329 2037 396 2084 ad
432 2038 625 2085 moenia
661 2051 846 2093 ver303‚
889 2038 962 2085 bis
999 2038 1161 2085 reiecti
1207 2037 1362 2084 armis
1406 2040 1678 2098 respectant
1722 2041 1856 2099 terqa
1873 2042 1959 2083 630

85 2125 127 2157 85
159 2114 385 2171 teqentes:
425 2113 656 2172 quotiens
692 2110 747 2159 id
784 2111 975 2159 factum
1025 2112 1092 2160 sit
1131 2110 1278 2158 dixit:
1325 2110 1497 2173 Tusci,
1542 2111 1732 2175 inquit,
1780 2111 1857 2160 bis

157 2185 373 2233 Rutulos
424 2187 632 2249 egerunt
681 2185 746 2233 ad
794 2186 1013 2247 moenia,
1062 2184 1137 2233 bis
1188 2186 1361 2233 reiecti
1398 2187 1537 2247 sunt,
1575 2187 1651 2234 ita
1688 2188 1856 2234 tamen

159 2260 316 2320 cauti,
355 2275 416 2307 ne
454 2260 718 2321 insequens
758 2259 916 2307 hostis
956 2274 1155 2308 aversos
1196 2259 1498 2322 opprimeret
1536 2262 1625 2308 aut
1668 2260 1856 2321 feriret,

161 2349 261 2395 qua
300 2349 453 2382 causa
490 2332 842 2396 respectabant
877 2334 972 2381 hoc
1010 2335 1086 2382 est
1122 2335 1395 2383 retrorsum
1438 2334 1765 2383 attendebant
1807 2337 1857 2382 et

160 2407 313 2456 scutis
358 2410 502 2472 terga
546 2408 751 2471 propria
796 2406 1080 2457 tuebantur.
1163 2424 1256 2471 par
1301 2408 1601 2472 fugientium
1650 2423 1855 2456 numero

86 2495 128 2527 so
161 2484 369 2543 putatur
414 2497 519 2530 esse
566 2481 815 2543 condici03
861 2480 937 2530 bis
989 2482 1121 2530 enim
1165 2482 1333 2547 fugati
1379 2485 1497 2530 sunt
1541 2482 1741 2542 Rutuli,
1779 2481 1855 2530 bis

161 2556 332 2619 Tusci,
372 2557 458 2605 sed
494 2556 546 2603 in
585 2571 642 2603 eo
674 2555 978 2604 Rutulorum
1007 2555 1204 2619 turpius
1237 2557 1427 2605 factum
1460 2555 1856 2619 deprehenditur,

281 2671 303 2710 1
353 2668 604 2712 traduntur
640 2666 683 2710 V
728 2667 1036 2712 traducwntur
1083 2668 1161 2722 (cf.
1204 2669 1305 2723 734)
1352 2682 1435 2712 nos
1489 2668 1737 2711 trahuntur
1782 2667 1856 2711 ed.

163 2730 187 2768 3
219 2726 346 2780 fuere
368 2726 410 2769 V
440 2727 595 2784 fugere
625 2740 708 2770 nos
739 2726 854 2780 ferri
885 2726 955 2770 ed.
1085 2732 1111 2770 5
1148 2727 1307 2771 Asilas
1348 2727 1398 2770 in
1436 2727 1627 2781 interpr.
1661 2740 1749 2770 om.
1782 2727 1853 2771 ed.

164 2790 187 2827 6
230 2799 498 2842 rursumque
533 2785 574 2828 V
610 2799 856 2841 rursusque
898 2785 970 2829 ed.
1010 2787 1057 2830 et
1095 2785 1232 2843 Verg.
1274 2785 1397 2829 libri.
1529 2790 1582 2828 13
1625 2799 1856 2830 recursum

161 2849 339 2899 sperato
369 2844 412 2888 V
448 2859 562 2888 corr.
600 2844 671 2889 ed.
803 2849 859 2888 14
897 2850 1042 2890 terras
1082 2845 1154 2889 ed.
1279 2849 1332 2888 15
1363 2846 1619 2901 superiacet
1647 2845 1776 2888 unda
1799 2844 1855 2888 V.

165 2907 218 2945 19
249 2905 434 2948 secessio
458 2904 498 2947 V
524 2917 638 2948 corr.
668 2903 740 2948 ed.
862 2908 919 2947 24
948 2910 1149 2960 respecta
1174 2903 1228 2948 V.
1350 2908 1405 2947 25
1437 2905 1640 2959 quotiens
1663 2903 1705 2947 V
1737 2905 1857 2960 quod

163 2961 235 3004 ed.
280 2962 284 3019 1
334 2963 456 3006 dixit
486 2977 573 3006 om.
600 2963 671 3006 ed.
794 2967 848 3006 31
880 2964 1139 3008 rutulorum
1161 2963 1204 3006 V
1228 2963 1299 3007 ed.
1339 2964 1586 3008 Tuscorum
1619 2965 1854 3019 expectes:

163 3019 322 3075 lapsus
353 3021 527 3066 Donati
557 3022 743 3066 videtur
773 3035 873 3066 esse
902 3023 957 3066 ut
989 3026 1030 3077 9,
1054 3027 1157 3067 450.
