2050 3226
258 150 371 204 514
733 148 967 194 DONATI
996 149 1277 193 INTERPR.
1301 149 1482 194 VERG.

259 288 420 338 simile
457 290 692 338 referenti
729 290 1006 338 necessaria
1045 291 1141 350 est,
1180 288 1267 336 sed
1303 290 1482 337 neutra
1528 289 1674 338 debet
1719 291 1951 352 separata

259 378 363 412 esse
418 363 479 412 ab
534 364 715 425 altera3
770 363 1052 426 specialitas
1115 362 1299 425 quippe
1359 362 1507 412 habet
1562 364 1951 427 descriptionum

256 453 470 500 moram,
509 438 809 502 generalitas
849 453 966 485 vero
1005 436 1170 484 adfert
1207 437 1414 485 celerem
1443 438 1770 487 relationibus
1801 438 1951 486 finem

258 514 329 575 et,
376 512 495 560 dum
541 513 668 559 nihil
719 512 908 574 tangit,
954 510 1081 558 nihil
1126 510 1327 560 videtur
1371 511 1612 561 omittere.
1696 513 1950 561 videamus

256 588 423 634 tamen
463 586 582 648 quid
621 587 687 634 sit
723 586 874 647 poeta
910 585 964 632 in
1004 587 1115 647 ipsa
1146 585 1473 648 generalitate
1505 586 1786 648 conplexus.
1839 586 1949 634 fun-
2003 600 2023 634 5

257 659 412 722 ditur,
461 660 650 723 inquit,
701 661 809 707 ater
856 658 1041 721 ubique
1093 675 1260 707 cruor:
1311 658 1529 708 ostendit
1575 661 1629 708 in
1682 659 1949 709 latitudine

255 733 423 782 diffusi
482 733 742 796 utriusque
805 732 1045 782 exercitus
1106 749 1210 781 una
1270 732 1419 781 simul
1471 734 1750 783 animorum
1809 751 1949 797 prae-

256 807 536 871 sumptione
575 809 804 870 pugnari.
880 807 1002 855 dant
1040 808 1216 855 funera
1261 807 1392 855 ferro
1440 809 1706 871 certantes3
1753 824 1948 858 necesse

256 883 386 930 enim
439 882 606 930 fuerat
658 882 862 930 interire
917 896 1067 944 quam
1121 881 1362 944 plurimos
1416 881 1503 930 ubi
1563 883 1723 931 solum
1785 882 1950 931 fuerat

253 956 452 1004 sermm.
515 956 871 1019 pulchramque
909 957 1090 1019 petunt
1119 972 1208 1018 per
1238 956 1445 1005 vulnera
1474 957 1708 1005 mortem:
1740 957 1950 1019 pulchra
1981 971 2041 1003 10,

253 1046 385 1079 mors
426 1031 501 1078 est
546 1030 649 1079 eius
698 1031 785 1092 qui
828 1029 881 1077 in
929 1031 1033 1078 acie
1073 1029 1208 1078 cadit
1246 1032 1316 1090 et,
1364 1029 1484 1078 dum
1523 1030 1796 1080 comminus
1836 1045 1947 1079 con-

254 1107 434 1166 certat,
474 1103 743 1166 occumbit3
790 1106 866 1152 est
911 1105 1041 1152 enim
1086 1104 1249 1166 turpis
1293 1120 1426 1153 mors
1473 1103 1578 1153 eius
1619 1106 1705 1168 qui
1750 1104 1947 1168 fugiens

253 1181 397 1242 perit.
468 1179 769 1241 adpetebant
807 1194 923 1242 ergo
964 1194 1130 1227 omnes
1170 1178 1275 1227 31116
1313 1178 1647 1241 trepidatione
1686 1177 1949 1228 discrimen

254 1256 304 1302 et
342 1269 400 1301 ex
440 1252 689 1301 contrario
730 1254 909 1301 eventu
946 1253 1195 1316 insignem
1233 1253 1420 1301 exitum
1458 1254 1605 1302 vitae.

372 1325 442 1375 At
483 1327 671 1375 medias
715 1328 841 1374 inter
886 1327 1053 1375 caedes
1100 1327 1281 1374 exultat
1324 1325 1549 1375 Amazon
1593 1341 1750 1374 unum
1788 1330 1949 1375 exerta
1981 1339 2020 1373 15

255 1402 383 1450 latus
427 1416 648 1462 pugnae,
697 1401 986 1462 pharetrata
1042 1399 1277 1449 Camilla:
1338 1404 1528 1464 quanta
1587 1402 1739 1449 istam
1799 1400 1946 1449 laude

252 1478 403 1538 poeta
439 1476 777 1538 prosequitur,
816 1477 874 1523 ut
911 1476 1042 1523 inter
1080 1474 1299 1524 virorum
1338 1475 1511 1524 caedes
1559 1476 1610 1522 et
1654 1475 1830 1522 funera
1874 1475 1946 1523 in-

253 1550 578 1598 aestimabilis
626 1550 820 1598 numeri
866 1550 972 1597 sola
1017 1549 1284 1610 exultaret,
1332 1549 1479 1611 quasi
1515 1548 1719 1597 ludicris
1759 1551 1810 1597 et
1846 1565 1946 1598 non

252 1625 382 1672 veris
414 1623 815 1672 dimicationibus
845 1623 1127 1672 interesset!
1184 1622 1316 1685 quod
1347 1625 1514 1672 autem
1545 1625 1711 1671 exerto
1743 1622 1944 1671 brachio

251 1701 302 1746 et
350 1699 484 1746 nudo
535 1699 692 1746 latere
742 1698 892 1746 fuisse
944 1697 1192 1759 descripta
1242 1699 1338 1759 est,
1377 1699 1428 1746 et
1466 1698 1667 1760 signum
1705 1696 1945 1745 audaciae
1976 1710 2019 1742 20

251 1772 348 1821 fuit
386 1775 436 1821 et
473 1773 730 1835 praedicta
768 1773 844 1820 est
882 1787 1032 1820 causa
1073 1787 1172 1834 qua
1209 1773 1378 1834 posset
1417 1771 1587 1820 occidi.
1640 1786 1775 1819 more
1814 1771 1944 1819 enim

252 1862 340 1894 suo
380 1846 655 1911 Vergilius,
707 1846 856 1895 sicuti
905 1861 1050 1909 saepe
1099 1847 1202 1893 iam
1240 1845 1429 1894 dictum
1469 1848 1565 1907 est,
1610 1845 1737 1892 nihil
1776 1861 1942 1908 super-

251 1921 405 1968 fluum
450 1921 592 1983 ponit
639 1921 692 1968 in
739 1919 1154 1983 descriptionibus
1193 1920 1318 1982 suis3
1365 1919 1576 1982 denique
1613 1919 1748 1967 infra
1785 1913 1944 1985 (803)

253 1994 475 2042 dicturus
515 1998 590 2043 est
627 1995 732 2042 illic
772 2010 881 2042 eam
919 2010 1203 2056 percussam
1241 1993 1329 2041 ubi
1367 1994 1557 2041 nudum
1595 2009 1772 2055 corpus
1803 2009 1943 2056 prae-

251 2067 400 2116 bebat
439 2068 502 2116 ad
542 2068 882 2131 excipiendum
919 2068 1178 2117 interitum
1216 2069 1361 2117 vitae.
1437 2069 1778 2130 pharetratam
1818 2067 1944 2115 dixit
1974 2079 2016 2111 25

250 2141 463 2203 interea,
501 2146 558 2190 ut
597 2158 749 2207 genus
790 2158 1038 2191 armorum
1080 2141 1360 2191 ostenderet
1390 2142 1567 2204 quibus
1598 2142 1689 2189 illa
1719 2157 1942 2205 pugnare

252 2218 547 2265 consuesset.
639 2233 727 2278 per
782 2218 1069 2279 pharetram
1121 2216 1512 2280 intellegendum
1565 2216 1640 2264 est
1691 2216 1833 2263 illam
1894 2217 1944 2263 et

149 2296 233 2335 650
251 2290 462 2354 sagittas
508 2290 750 2339 habuisse.
839 2294 882 2338 et
924 2306 1055 2338 nunc
1101 2291 1228 2338 laeta
1272 2305 1427 2338 manu
1470 2303 1706 2350 sparyens
1743 2289 1943 2338 hastilia

251 2365 441 2421 densat,
482 2379 613 2412 nunc
649 2365 867 2412 validam
905 2365 1076 2413 dextra
1104 2366 1238 2424 rapit
1265 2364 1512 2424 indefessa
1544 2364 1819 2424 bipennem:
1848 2363 1942 2411 hoc

250 2438 349 2485 fuit
388 2438 632 2498 exultare,
683 2440 739 2485 ut
788 2440 1012 2486 uteretur
1061 2438 1173 2487 telis
1225 2438 1404 2500 quibus
1455 2438 1605 2486 vellet
1654 2438 1719 2484 et‘
1743 2437 1939 2498 quando
1971 2448 2014 2480 30

251 2513 402 2560 vellet
461 2528 549 2560 nec
610 2514 777 2560 tamen
839 2512 1151 2575 frangeretur
1211 2512 1380 2559 labore
1443 2513 1634 2574 aliquo,
1694 2511 1938 2559 mittendo

250 2587 455 2634 hastilia
494 2587 583 2633 aut
621 2586 779 2634 securi
817 2586 1053 2634 feriendo.
1130 2601 1309 2634 aureus
1348 2600 1404 2634 ex
1441 2586 1622 2633 umeris
1661 2588 1765 2632 crat
1795 2599 1939 2632 arcus

370 2731 395 2770 3
427 2741 529 2771 vero
553 2726 595 2769 V
625 2731 774 2771 autem
805 2726 876 2770 ed.
1001 2731 1024 2769 6
1058 2727 1308 2772 ostenditur
1339 2726 1410 2770 ed.
1526 2729 1551 2768 9
1581 2725 1737 2780 fuerat
1764 2725 1938 2779 ferrum

250 2785 291 2829 V
323 2786 398 2829 ed.
438 2786 622 2840 furebat
657 2786 722 2840 fl?
846 2790 900 2828 14
931 2787 1050 2829 vitae
1081 2786 1124 2829 V
1158 2787 1303 2831 vitare
1335 2786 1405 2828 ed.
1530 2789 1585 2828 16
1616 2785 1751 2828 istam
1775 2783 1818 2827 V
1847 2785 1936 2828 ista

250 2846 301 2888 in
340 2845 455 2888 edF.
578 2849 632 2888 23
673 2845 1067 2889 distributionibus
1097 2844 1138 2888 V
1171 2845 1241 2888 cd.
1283 2844 1459 2888 correxi
1502 2843 1558 2887 cf.
1594 2843 1747 2886 locum
1790 2842 1936 2886 simil-

250 2903 411 2947 limum
445 2908 485 2957 8,
513 2908 610 2948 106.
733 2908 789 2947 24
821 2904 1026 2947 dicturus
1050 2903 1091 2946 V
1121 2905 1292 2948 dictum
1324 2904 1394 2947 ed.
1510 2906 1565 2946 28
1599 2903 1718 2946 laeta
1741 2901 1782 2945 V
1815 2903 1937 2947 lenta

250 2962 387 3019 Verg.
421 2962 543 3006 libri.
666 2967 721 3006 32
762 2977 816 3007 ex
853 2963 1049 3006 humeris
1081 2962 1370 3018 (plerumque
1401 2962 1582 3017 umeris)
1615 2966 1712 3005 erat
1734 2960 1776 3005 V
1808 2975 1863 3005 ex
1891 2961 1934 3004 h.
