2050 3226
73 441 158 481 690

176 145 285 199 380
646 143 879 189 DONATI
909 143 1190 188 INTERPR.
1214 142 1394 188 VERG.

175 288 438 347 prosecuta
477 286 552 333 est
589 282 738 348 Iun03
789 283 862 332 ait
900 284 1030 331 enim
1069 281 1227 346 „quin
1266 285 1316 332 et
1351 299 1551 348 pugnae
1591 282 1861 334 subducere

176 359 396 406 Turnum
444 361 494 408 et
533 359 713 407 Dauno
762 373 958 421 possem
1005 358 1303 406 incolumem
1353 373 1546 407 servare
1596 357 1862 422 parenti?“

293 432 363 481 At
397 432 535 482 Iovis
585 434 771 480 interea
829 431 1025 480 monitis
1083 432 1357 480 Mezentius
1417 433 1596 481 ardens
1655 433 1865 482 succedit

169 521 367 568 puqnae
407 508 707 566 Teucrosque
743 505 935 554 invadit
971 506 1186 554 ovantis:
1232 505 1488 554 inimicum
1533 507 1637 556 suis
1678 506 1864 556 adserit

173 581 365 643 Iovem,
414 583 475 629 ut
522 578 818 628 Mezentium
858 581 1046 628 virtute
1085 595 1269 642 acrem,
1318 582 1499 629 natura
1547 580 1764 630 calidum
1814 583 1864 630 et

173 657 227 703 in
267 656 418 704 armis
458 654 713 703 ardentem
752 653 954 702 Teucris
1001 652 1279 702 inmitteret
1316 655 1596 704 certaminis
1637 670 1862 704 successu

149 728 391 778 -feliciore
443 727 790 793 gaudentibus.
874 731 1168 776 concurrunt
1217 729 1496 790 Tyrrhenae
1545 729 1673 778 acies
1722 732 1863 789 atque

174 805 397 851 omnibus
445 803 555 859 uni,
605 802 696 850 uni
744 802 962 862 odiisque
1009 802 1114 850 viro
1163 803 1361 862 telisque
1407 803 1739 864 frequentibus
1787 804 1861 851 in-

173 881 328 926 stant.-
378 876 627 938 omnibus,
676 876 867 939 inquit,
918 874 1045 925 odiis
1101 891 1158 924 ac
1211 876 1553 939 frequentibus
1607 877 1722 926 telis
1775 877 1863 925 uni

174 953 281 1000 viro
321 966 489 999 omnes
527 949 800 999 instabant.
868 950 950 998 ille
986 950 1117 998 velut
1152 965 1320 1011 rupe&
1359 954 1554 1000 vastum
1592 965 1715 1011 quae
1746 966 1862 1012 pro-

174 1027 244 1074 dit
291 1026 345 1073 in
395 1039 594 1085 aequor,
656 1025 799 1073 obvia
858 1026 1110 1072 ventorum
1169 1025 1320 1085 furiis
1376 1028 1663 1085 expostaque
1712 1029 1861 1086 ponto

71 1106 156 1146 695
173 1101 271 1147 vim
317 1103 539 1148 cunctam
585 1101 726 1159 atque
770 1098 934 1146 minas
973 1099 1161 1158 perfert
1205 1099 1417 1159 caelique
1460 1099 1707 1159 marisque
1750 1100 1863 1160 ipsa

172 1175 357 1222 inmota
400 1187 630 1222 manens:
677 1172 763 1220 ille
814 1173 885 1221 sic
931 1172 1159 1221 omnibus
1203 1172 1466 1222 resistebat
1508 1172 1761 1222 inmobilis
1806 1175 1864 1221 ut

173 1249 405 1311 opposita
452 1247 621 1312 pelagi
668 1246 898 1296 fluctibus
943 1262 1113 1310 rupes,
1165 1263 1293 1310 quae
1341 1248 1584 1311 producta
1627 1246 1680 1295 in
1727 1263 1863 1296 mare

172 1324 273 1370 vim
309 1321 433 1371 caeli
465 1338 522 1371 ac
551 1322 712 1370 minas
750 1321 937 1383 perfert
972 1336 1179 1370 manens
1216 1321 1315 1370 fixa
1352 1321 1540 1371 viribus
1580 1321 1695 1370 suis.
1749 1335 1863 1382 pro-

173 1398 264 1444 lem
308 1396 626 1445 Dolichaonis
671 1395 895 1444 Hebrum
940 1396 1110 1443 sternit
1154 1396 1312 1443 hwmi:
1360 1395 1609 1459 incipiunt
1655 1395 1864 1445 describi

173 1486 295 1534 quos
319 1468 591 1519 Mezentius
617 1469 811 1518 occidit.
857 1468 1073 1532 primum
1096 1470 1276 1519 stravit
1298 1469 1520 1518 Hebrum
1543 1470 1863 1519 Dolichaonis

171 1545 344 1593 filium.
421 1560 530 1593 eum
579 1558 670 1604 quo
708 1543 959 1604 Lataqwm
995 1543 1296 1605 Palmynque
1332 1545 1579 1605 fuqacem:
1622 1545 1738 1593 huic
1778 1544 1861 1592 ad-

170 1619 333 1667 iunxit
378 1617 628 1683 Latagum
666 1619 716 1666 et
753 1617 966 1680 Palmyn
1015 1617 1258 1682 fugacem.
1333 1618 1418 1666 sed
1455 1618 1705 1679 Lataqwm
1743 1632 1861 1666 saxo

173 1697 313 1753 atque
335 1693 519 1754 inqenti
540 1693 785 1753 fraqmine
807 1692 983 1740 montis
1006 1695 1274 1753 occupatos
1297 1692 1565 1752 faciemque
1589 1692 1860 1748 adversam,

71 1778 154 1818 700
163 1767 346 1828 poplite
368 1768 579 1828 Pabmyn
609 1767 792 1815 succiso
822 1766 952 1814 volvi
979 1780 1172 1827 seqnem
1201 1767 1341 1814 sinit:
1379 1768 1591 1829 occupat
1612 1765 1862 1831 Latagum

172 1857 290 1890 saxo
345 1843 395 1889 et
447 1841 623 1890 faciem
678 1841 783 1889 eius
839 1839 1098 1889 adversam
1159 1842 1389 1904 occupat3
1450 1841 1549 1888 nisi
1603 1840 1733 1888 enim
1785 1840 1860 1888 bis

170 1915 492 1979 intellegatur
538 1917 770 1978 occupat,
819 1930 919 1963 non
965 1914 1059 1962 erit
1102 1915 1290 1963 locutio
1335 1915 1535 1978 integra
1580 1930 1670 1962 nec
1714 1914 1862 1977 plena

173 1989 453 2051 descriptio.
531 1990 725 2052 ingenti
770 1989 1016 2053 fragmine
1061 1991 1268 2038 montis:
1320 1991 1369 2037 et
1414 1990 1653 2037 virtutem
1701 1988 1862 2037 voluit

171 2065 447 2112 monstrare
495 2064 739 2126 gestantis
786 2065 835 2111 et
874 2064 979 2111 saxi
1025 2063 1219 2127 pondus
1261 2063 1538 2124 ostendere,
1589 2079 1702 2111 cum
1740 2061 1862 2110 dicit

171 2138 366 2201 ingenti
412 2137 671 2200 fragmine.
758 2137 1021 2200 fragminis
1073 2137 1371 2201 significatio
1422 2137 1640 2185 ostendit
1689 2152 1859 2185 saxum

170 2211 299 2259 illud
339 2211 483 2273 quasi
516 2210 756 2273 quosdam
788 2212 982 2275 gladios
1012 2211 1268 2274 habuisse,
1307 2214 1366 2259 ut
1403 2211 1606 2259 inlisum
1642 2211 1694 2258 in
1723 2209 1859 2258 illius

172 2286 347 2333 faciem
387 2287 438 2333 et
476 2285 784 2333 acuminibus
831 2285 1013 2334 crebris
1059 2301 1227 2334 necem
1267 2284 1482 2333 hominis
1522 2285 1772 2346 conpleret
1811 2287 1860 2331 et

171 2359 401 2422 pondere.
503 2358 815 2421 Palmynque
870 2360 1097 2423 fugacem
1149 2375 1249 2408 non
1304 2360 1518 2407 occisum
1572 2357 1723 2419 dixit,
1773 2358 1859 2406 sed

173 2435 361 2482 succiso
398 2433 612 2496 poplite,
650 2449 710 2480 ne
743 2432 950 2481 ulterius
982 2434 1198 2498 fugeret,
1235 2434 1546 2495 inplicatum.
1609 2430 1859 2491 Armaque

292 2552 314 2588 1
356 2550 597 2601 prosecuta
638 2558 682 2588 es
714 2543 756 2587 V
800 2558 913 2588 corr.
948 2545 1019 2588 ed.
1149 2549 1175 2587 5
1219 2545 1437 2589 callidum
1480 2543 1550 2588 ed.
1680 2546 1706 2585 8
1749 2544 1859 2588 unio

172 2606 351 2660 diesque
378 2604 432 2647 V.
478 2605 483 2663 Ι
524 2603 789 2659 sequacibus
812 2602 853 2645 V
882 2603 1194 2660 frequentibus
1226 2604 1297 2647 ed.
1329 2605 1376 2647 et
1407 2595 1563 2646 omne‘s
1587 2601 1724 2658 Verg.
1750 2601 1857 2645 libri

172 2665 284 2708 item
328 2677 411 2707 nos
452 2665 644 2719 propter
685 2662 875 2717 interpr.
1000 2667 1055 2706 10
1089 2664 1246 2720 pelaqi
1277 2676 1412 2719 rupes
1443 2661 1483 2704 V
1514 2661 1671 2718 pelagi
1699 2660 1773 2704 vel
1804 2675 1857 2704 ex

171 2724 361 2778 interpr.
405 2723 479 2766 vel
525 2737 581 2766 ex
629 2726 668 2776 7,
701 2725 786 2765 586
832 2721 1167 2777 interpolatum
1214 2721 1377 2766 delevi.
1435 2721 1438 2777 Ι
1499 2725 1762 2775 vastumque
1802 2719 1857 2763 V.

175 2787 226 2825 11
260 2783 437 2826 obviam
460 2781 514 2825 V.
559 2782 563 2839 Ι
609 2781 897 2837 expositaque
919 2780 973 2824 V.
1077 2786 1130 2824 16
1163 2781 1391 2826 describas
1414 2779 1456 2823 V
1487 2779 1679 2824 describi
1706 2779 1755 2822 hi
1786 2779 1857 2822 ed.

175 2845 227 2884 18
261 2842 486 2898 laetayum
524 2839 648 2883 infra
686 2840 914 2896 laetaqum
948 2839 1140 2884 inferius
1173 2841 1375 2897 latagum
1405 2838 1459 2882 V.
1508 2839 1512 2896 i
1563 2838 1858 2895 Palmquue

173 2900 243 2942 ed.
282 2900 286 2958 1
320 2901 525 2957 fayacem
551 2900 613 2955 (et
635 2897 773 2954 infra)
790 2897 845 2942 V.
876 2898 880 2956 Ι
914 2899 1088 2942 huic—
1107 2903 1161 2942 19
1185 2899 1392 2955 fuyacem
1417 2911 1503 2941 om.
1524 2897 1595 2940 ed.
1688 2901 1740 2940 21
1766 2898 1857 2953 siq-

172 2973 271 3003 nem
295 2958 348 3003 V.
473 2963 528 3002 23
561 2963 769 3002 occurrat
800 2960 955 3014 (supra
986 2959 1190 3013 occupat)
1218 2958 1273 3001 V.
1397 2961 1452 3000 30
1483 2957 1654 3014 fuqiret
1682 2955 1736 2999 V.

1894 963 1936 995 10

1896 1330 1937 1364 15

1891 2068 1934 2102 25

1891 2438 1934 2470 30
