2078 3260
243 143 350 196 606
715 139 948 185 DONATI
977 140 1258 185 INTERPR.
1282 140 1462 186 VERG.

360 280 501 328 Haec
536 281 622 328 ubi
652 281 782 329 dicta
812 281 961 337 dedu,
993 281 1152 340 portis
1189 294 1292 328 sese
1322 281 1488 329 extulit
1515 281 1710 342 inyeus:
1747 282 1937 346 ingens,

243 354 408 403 animo
441 354 630 403 scilicet
661 357 712 402 et
742 369 959 417 corpore.
1013 354 1159 401 telum
1181 355 1381 402 inmane
1401 369 1556 403 manu
1578 356 1824 415 quatiens:
1845 356 1937 403 mi·

243 428 409 477 nantis
440 429 534 477 hoc
565 429 730 477 fuerat
761 429 959 492 signum
990 429 1040 476 et
1070 428 1220 491 plena
1246 427 1427 476 fiducia
1449 429 1702 493 pergentis
1727 429 1792 476 ad
1814 446 1937 493 pug-

243 519 374 564 nam,
393 502 520 551 ferre
547 505 712 550 autem
737 503 890 550 telum
914 502 1296 550 inaestimabilis
1319 501 1681 566 magnitudinis
1706 505 1756 551 et
1770 503 1824 551 id
1839 518 1940 551 una

205 568 210 574 ’
243 592 394 625 manu
424 579 639 625 tractare
673 578 920 638 quantum
949 577 1047 624 fuit
1073 576 1269 641 insigne
1305 575 1531 625 virtutis!
1570 578 1718 625 simul
1749 578 1941 638 aymiue
1993 588 2012 622 ⁵

244 651 390 699 denso
414 651 725 710 Antheusque
747 651 1123 710 Mnestheusque
1144 653 1298 698 ruusnt
1319 651 1567 710 omnisque
1587 651 1767 699 relictis
1796 652 1942 700 turba

243 726 352 783 fluit
375 726 572 773 castris:
602 725 898 786 procedente
921 725 1092 772 Aenea
1122 726 1176 772 in
1209 740 1440 787 campum
1471 725 1698 774 omnibus
1721 724 1943 774 bellandi

182 799 187 803 ’
245 798 465 847 studium
496 800 652 848 crevit
681 800 979 861 tantumque
1001 799 1141 847 illius
1165 799 1347 847 fiducia
1370 798 1484 860 fuit,
1521 801 1581 847 ut
1609 799 1776 848 nullus
1802 799 1942 847 dubi-

243 875 375 921 taret
414 872 566 921 exire:
603 874 950 935 processerunt
988 872 1199 935 denique
1239 872 1386 922 duces
1425 887 1515 920 nec
1554 873 1666 935 quis
1704 873 1944 922 remansit

141 957 226 996 445
243 948 294 994 in
319 946 507 995 castris,
562 950 664 994 tum
689 961 824 995 caeco
847 947 1046 1007 pulvere
1071 961 1272 1007 campus
1297 948 1548 995 miscetur:
1585 963 1781 996 necesse
1812 947 1944 995 enim
1975 961 2017 992 10

244 1021 411 1070 fuerat
441 1021 646 1085 globum
674 1022 895 1084 pulveris
928 1037 1142 1070 crescere
1175 1037 1324 1083 quem
1352 1021 1556 1070 maioris
1588 1023 1782 1070 numeri
1813 1037 1942 1070 com·

244 1095 476 1144 movebat
499 1095 754 1144 exercitus.
777 1096 1024 1155 pulsuque
1038 1095 1224 1156 pedum
1247 1096 1406 1143 tremit
1421 1096 1575 1144 excita
1590 1096 1754 1144 tellus:
1770 1097 1943 1144 tantus

243 1169 459 1232 impetus
498 1170 811 1234 pergentium
849 1171 969 1231 fuit,
1017 1172 1077 1218 ut
1115 1185 1287 1217 eorum
1324 1168 1533 1231 pedibus
1571 1171 1706 1218 terra
1742 1170 1945 1232 pulsata

246 1243 656 1292 contremisceret.
733 1244 855 1292 vidit
893 1245 955 1292 ab
996 1245 1199 1292 adverso
1236 1244 1471 1292 venientis
1510 1258 1680 1305 aqqere
1720 1245 1946 1292 Turnus:

244 1318 367 1366 bene
405 1319 567 1381 primo
615 1318 742 1366 dixit
781 1318 1003 1366 Turnum
1048 1318 1231 1367 vidisse
1277 1317 1544 1379 venientis,
1595 1318 1676 1367 vel
1727 1318 1847 1381 quia
1891 1318 1947 1365 in
1978 1330 2019 1363 15

247 1408 426 1456 aggere
465 1394 639 1440 contra
677 1394 871 1455 positus
909 1392 1007 1440 fuit
1050 1393 1129 1441 vel
1176 1393 1298 1455 quia
1343 1393 1396 1439 in
1445 1407 1594 1440 causa
1641 1408 1733 1441 sua
1777 1391 1948 1441 debuit

246 1481 351 1515 esse
391 1467 790 1529 circumspectus,
843 1467 1005 1514 videre
1035 1465 1249 1514 Ausonii
1283 1466 1564 1527 qelidusque
1597 1481 1687 1526 per
1725 1467 1828 1515 ima
1866 1481 1945 1514 cu-

247 1541 399 1589 currit
428 1555 542 1588 ossa
571 1543 771 1588 tremor:
802 1541 889 1603 qui
919 1541 1071 1602 paulo
1105 1543 1218 1588 ante
1250 1556 1339 1603 pro
1365 1540 1634 1589 victoribus
1659 1540 1947 1588 serebantur

246 1615 416 1663 Aenea
455 1631 515 1662 ex
553 1630 703 1663 causa
740 1614 957 1664 vulneris
1008 1613 1255 1677 inpedito,
1304 1616 1364 1662 ut
1401 1615 1635 1662 viderunt
1665 1630 1841 1678 agmen
1882 1614 1947 1662 ad

248 1705 297 1738 se
348 1705 546 1737 versum
594 1689 735 1750 ferri,
788 1688 1141 1736 intellexerunt
1189 1689 1243 1735 in
1289 1687 1379 1736 illa
1424 1688 1746 1736 multitudine
1794 1689 1947 1736 etiam
1978 1703 2021 1735 20

248 1763 453 1811 Aenean
483 1764 650 1825 ipsum
679 1762 831 1811 fuisse
862 1765 1195 1825 praesentem,
1237 1779 1333 1824 quo
1364 1761 1497 1810 facto
1529 1778 1629 1810 non
1659 1763 1760 1810 iam
1791 1777 1947 1825 pavor

250 1839 339 1885 aut
376 1839 560 1898 metus,
599 1836 685 1885 sed
723 1839 909 1886 tremor
947 1837 1105 1885 omnis
1144 1837 1412 1885 invaserat.
1467 1837 1636 1896 prima
1674 1839 1785 1884 aute
1823 1836 1947 1884 alios

247 1911 463 1958 Iuturna
499 1911 708 1959 Lati-uos
747 1911 906 1959 audiit
943 1911 1228 1971 aquovitque
1265 1925 1439 1958 sonum
1477 1914 1521 1958 et
1557 1911 1838 1970 tremefacta
1874 1924 1947 1957 re-

248 1985 397 2045 fuqit:
434 1985 666 2046 Iuturna,
706 2002 858 2048 quam
889 1986 1117 2048 specialis
1149 2000 1239 2048 pro
1273 1985 1434 2033 salute
1458 1985 1628 2034 fratris
1661 1984 1946 2033 sollicitudo

249 2058 503 2122 tangebat,
534 2060 696 2121 prima
719 2059 862 2120 vidit,
893 2061 1055 2123 prima
1087 2059 1296 2120 audivit,
1319 2058 1482 2121 prima
1513 2059 1760 2123 cognovit,
1784 2058 1948 2121 prima
1979 2072 2021 2104 25

251 2133 550 2180 contremuit
581 2135 630 2180 et
658 2133 867 2197 refugit:
908 2133 1042 2196 quod
1072 2133 1253 2181 idcirco
1286 2132 1419 2195 fecit,
1450 2149 1510 2180 ne
1541 2132 1730 2181 videret
1761 2133 1947 2180 exitum

148 2215 234 2255 450
252 2207 408 2254 Turni
438 2206 518 2254 vel
549 2206 652 2254 eius
684 2207 851 2270 copias
884 2208 1054 2256 sterni.
1114 2208 1194 2254 ille
1225 2207 1378 2255 volat:
1414 2209 1560 2255 tanta
1590 2206 1784 2254 Aeneas
1825 2206 1945 2254 cele-

251 2280 401 2329 ritate
440 2280 711 2341 ferebatur‚
760 2284 818 2328 ut
863 2298 961 2330 non
1010 2281 1283 2342 ambulare,
1334 2280 1420 2329 sed
1466 2281 1634 2330 volare
1681 2280 1945 2329 videretur.

254 2369 512 2415 campoque
535 2359 698 2402 atrum
720 2357 853 2415 rapit
877 2370 1048 2416 aqmeu
1073 2359 1261 2415 aperto:
1286 2371 1559 2417 campoque
1585 2356 1757 2416 aperto
1783 2356 1947 2402 atrum

252 2429 407 2492 rapit:
448 2430 611 2476 atrum
641 2429 775 2490 ideo,
813 2430 932 2492 quia
964 2429 1190 2478 sordibus
1223 2429 1440 2492 pulveris
1473 2430 1635 2477 fuerat
1667 2429 1945 2489 oneratum3
1979 2441 2021 2472 30

376 2605 398 2643 1
439 2602 599 2645 intulit
635 2600 683 2643 V.
806 2604 832 2642 2
871 2601 960 2643 tela
991 2614 1133 2644 mauu
1160 2599 1201 2642 V
1225 2600 1312 2654 ed„
1345 2599 1426 2643 sed
1457 2601 1642 2644 inmane
1674 2597 1945 2653 explicatur.

258 2663 283 2702 3
323 2664 365 2704 et
402 2673 489 2702 om.
525 2660 595 2703 ed.
717 2663 742 2702 5
781 2660 978 2716 iusiyuis
1017 2659 1087 2702 ed.
1211 2664 1236 2702 6
1276 2660 1551 2714 antheus-que
1574 2657 1615 2701 V
1647 2671 1730 2714 que
1761 2670 1848 2700 om.
1875 2656 1945 2701 ed.

259 2723 284 2762 8
330 2723 546 2774 tantaque
592 2718 662 2762 ed.
786 2722 811 2761 9
857 2731 914 2762 ue
956 2719 1057 2773 quis
1093 2718 1134 2760 V
1176 2732 1257 2762 uec
1299 2732 1371 2774 qu.
1416 2731 1499 2761 nos
1541 2731 1622 2762 ‘nec
1663 2717 1833 2771 aliquis
1875 2715 1946 2760 ed.

260 2782 314 2821 16
345 2777 440 2831 fuit
461 2777 502 2820 V
533 2778 687 2832 fuerat
718 2776 787 2820 ed.
833 2776 836 2834 Ι
884 2778 995 2832 quia
1025 2791 1112 2820 om.
1140 2777 1210 2820 ed.
1306 2781 1359 2820 19
1392 2778 1444 2820 iu
1474 2790 1520 2821 se
1552 2776 1621 2820 ed.
1715 2779 1769 2817 22
1803 2780 1884 2818 aut
1907 2774 1950 2817 V

258 2842 299 2880 et
329 2836 400 2880 ed.
445 2836 449 2893 Ι
492 2838 639 2880 omnis
661 2835 703 2878 V
733 2850 772 2880 ο.
805 2849 878 2880 eos
909 2835 966 2879 ed
1018 2836 1021 2889 Ι
1062 2842 1166 2880 aute
1197 2837 1313 2880 alios
1336 2835 1377 2878 V
1402 2835 1472 2879 ed.
1506 2840 1610 2879 ante
1640 2835 1785 2878 omnis
1808 2832 1946 2890 Verg.

257 2893 666 3011 {bigb'negssesstqit
690 2895 760 2939 ed.
843 2899 896 2937 27
922 2895 996 2938 illi
1018 2894 1071 2938 V.
1151 2899 1205 2938 28
1230 2895 1494 2949 feruebatur
1514 2893 1566 2937 V.
1645 2896 1699 2936 29
1733 2897 1884 2937 atrum
1907 2891 1949 2935 V
