2050 3226
119 988 162 1020 10

118 1357 159 1390 15

116 1729 159 1761 20

117 2099 159 2131 25

116 2469 160 2502 30

842 163 1146 209 AENEmos
1177 163 1243 207 x1
1779 166 1886 220 507

197 304 320 354 Tros
358 303 639 366 Italusque,
676 303 801 352 mihi
838 303 1028 368 pariter
1065 303 1150 352 det
1187 303 1428 368 sanguine
1466 320 1665 366 poenas.
1726 320 1888 367 perse-

197 394 409 441 quamur
444 393 578 426 nunc
617 377 838 442 singula,
876 380 934 427 ut
965 379 1212 428 dictorum
1241 379 1345 427 vim
1374 393 1661 427 reseremus.
1717 395 1890 428 verum

196 469 309 517 age,
339 452 526 513 labere,
556 452 715 501 invise
748 452 967 502 iubentis
1000 454 1096 514 est,
1129 469 1220 517 age
1244 454 1412 501 tamen
1441 452 1595 501 etiam
1617 453 1888 515 hortantis3

193 528 397 576 miscere
438 527 568 574 enim
601 526 772 575 debuit
803 526 1152 576 auctoritatem
1190 528 1240 575 et
1269 526 1680 587 benivolentiam,
1719 530 1778 575 ut
1815 527 1887 574 in-

193 602 414 664 pleretur
443 601 642 649 facilius
674 601 807 663 quod
837 601 1050 650 volebat.
1111 601 1300 663 labere,
1337 602 1579 664 nympha,
1609 602 1726 663 polo
1757 601 1890 649 finis-

194 692 291 738 que
329 675 487 724 invise
518 674 746 737 Latinos,
786 675 946 724 tristis
984 675 1073 723 ubi
1101 675 1322 725 infausto
1362 675 1692 724 committitur
1727 675 1889 724 omine

192 766 383 814 pugna:
423 751 474 798 et
502 749 675 798 relicto
706 751 906 798 interim
946 751 1082 798 caelo
1114 749 1278 798 labere
1311 750 1376 798 ad
1406 765 1488 798 eas
1520 749 1699 798 Italiae
1730 750 1889 812 partis

193 825 247 871 in
286 823 464 886 quibus
510 823 685 871 infelix
730 825 922 888 geritur
957 824 1143 872 bellum
1187 826 1238 871 et
1278 823 1541 873 Camillam
1578 823 1889 887 perditurum

194 900 281 947 est.
357 898 479 946 haec
519 914 660 961 cape:
699 899 822 946 haec
862 900 1049 959 tecum,
1087 898 1277 960 inquit,
1318 901 1480 960 porta.
1555 915 1728 947 verum
1770 899 1890 960 quia

191 973 436 1020 incertum
474 973 730 1035 fuit'quae
761 972 951 1021 tradita
980 972 1266 1022 viderentur
1297 966 1483 1040 (totum
1522 973 1652 1020 enim
1686 987 1888 1036 genera-

191 1046 309 1095 litas
349 1041 740 1114 obscuraverat),
779 1046 992 1095 subiecit
1030 1063 1089 1094 ea
1121 1047 1300 1109 quibus
1332 1045 1613 1095 ostenderet
1644 1046 1786 1094 data:
1840 1049 1890 1095 et

195 1121 422 1169 ultricem
473 1122 708 1184 pharetra
754 1121 984 1183 deprome
1032 1122 1286 1184 sagittam.
1359 1126 1545 1185 magna
1582 1120 1800 1169 brevitas
1840 1123 1891 1168 et

192 1195 526 1258 conpendiosa
550 1195 726 1256 dictio,
756 1195 807 1243 in
839 1211 938 1257 qua
960 1210 1076 1257 pars
1109 1195 1294 1244 dicitur
1316 1195 1619 1244 traditorum
1649 1197 1699 1243 et
1722 1197 1888 1244 tamen

191 1269 503 1333 intellegitur
538 1270 720 1318 totum.
797 1285 910 1318 cum
948 1269 1070 1318 dicit
1117 1269 1248 1317 enim
1287 1269 1516 1332 deprome
1563 1269 1802 1333 sagittam
1840 1271 1890 1317 et

190 1359 289 1391 non
320 1344 546 1392 nominat
575 1344 884 1406 pharetram,
924 1344 1142 1392 ostendit
1180 1343 1456 1392 evidentius
1497 1359 1626 1405 quae
1659 1343 1887 1392 dedisset.

191 1433 336 1466 arcus
370 1434 566 1481 quoque
605 1434 706 1466 non
745 1420 821 1467 est
850 1418 987 1467 facta
1025 1419 1451 1479 commemoratio,
1490 1417 1575 1467 sed
1606 1420 1775 1466 tamen
1813 1419 1887 1465 in-

188 1492 445 1556 tellegitur
483 1493 643 1541 datus.
697 1508 914 1555 namque
947 1492 1074 1541 dixit
1102 1493 1195 1541 hac
1227 1492 1525 1554 quicumque
1557 1508 1754 1542 sacrum
1784 1493 1887 1541 vio-

189 1566 310 1614 larit
363 1567 568 1615 vulnere
622 1582 823 1630 corpus,
878 1567 1001 1616 Tros
1055 1566 1334 1629 Italusque,
1387 1566 1510 1614 mihi
1562 1566 1752 1628 pariter
1805 1565 1890 1615 det

190 1641 431 1705 sanguine
470 1657 672 1703 poenas.
733 1642 899 1704 potest
939 1641 1099 1689 videri
1138 1643 1187 1689 et
1234 1657 1401 1689 arcum
1442 1640 1632 1689 dedisse
1674 1656 1771 1702 quo
1811 1655 1886 1689 sa·

191 1716 322 1779 gitta
351 1718 520 1778 posset
549 1715 759 1764 excludi.
814 1716 1110 1779 quicumque
1149 1731 1247 1763 non
1280 1716 1345 1763 ad
1374 1715 1625 1762 hominem
1655 1715 1887 1777 pertinet,

190 1788 276 1838 sed
301 1789 364 1837 ad
388 1792 608 1854 gentem3
633 1790 846 1852 denique
870 1791 1097 1852 sequitur
1120 1790 1242 1839 Tros
1266 1789 1523 1851 Italusque
1554 1788 1678 1837 mihi
1700 1790 1889 1852 pariter

191 1863 275 1911 det
305 1863 545 1928 sanguine
576 1880 776 1927 poenas.
820 1879 1030 1926 sacrum,
1052 1864 1232 1927 inquit,
1256 1863 1461 1912 violarit
1484 1864 1886 1930 vulnereycorpus

191 1940 241 1986 et
272 1938 330 1985 de
361 1941 519 1986 morte
549 1938 731 2000 tacuit,
763 1955 824 1986 ne
857 1955 1000 1987 omen
1026 1939 1254 2001 quamvis
1285 1939 1536 2000 periturae
1561 1938 1722 1986 facere
1751 1937 1886 1986 vide·

190 2013 341 2060 retur.
417 2012 628 2074 ideoque
674 2012 878 2061 violarit
923 2013 1094 2075 posuit
1141 2013 1286 2075 quasi
1331 2013 1508 2061 leviter
1551 2011 1754 2060 laeserit
1798 2027 1887 2060 nec

191 2085 318 2134 dixit
356 2086 652 2149 quicumque
699 2102 809 2134 eam
846 2086 1095 2135 occiderit.
1148 2089 1261 2147 post
1301 2101 1383 2148 eqo
1421 2087 1548 2134 nube
1587 2101 1710 2134 cava
1746 2087 1886 2134 mise-

189 2160 380 2208 randae
419 2174 592 2221 corpus
631 2163 675 2209 et
712 2176 855 2209 arma
891 2161 1157 2221 inspoliata
1186 2161 1346 2219 feram
1384 2161 1567 2208 twmulo
1601 2161 1886 2220 patriaeque

189 2248 448 2294 reponam:
501 2234 687 2283 solacia
725 2237 841 2283 sunt
878 2236 977 2283 ista
1016 2234 1110 2283 fati
1148 2234 1373 2296 extremi,
1421 2250 1549 2297 quae
1597 2250 1707 2282 cum
1745 2234 1885 2294 fiunt,

190 2309 418 2357 vivorum
456 2308 625 2370 potius
665 2309 829 2357 officia
867 2308 1083 2371 probant
1119 2308 1245 2356 nihil
1294 2309 1620 2358 sentientibus
1658 2309 1884 2356 mortuis.

192 2383 313 2445 quid
344 2383 474 2430 enim
497 2385 879 2445 consequeretur
900 2382 1126 2444 Camilla,
1150 2383 1193 2431 si
1215 2399 1475 2446 percussor
1498 2382 1601 2430 eius
1624 2380 1882 2430 interiret?

192 2456 312 2519 quid
353 2456 578 2517 sentiret,
629 2456 672 2505 si
719 2473 858 2505 arma
895 2472 995 2504 non
1033 2456 1292 2519 perderet?
1354 2458 1476 2520 quid
1513 2457 1717 2504 haberet
1755 2471 1883 2503 com·

189 2531 346 2592 modi,
387 2532 430 2579 si
467 2531 615 2578 funus
655 2532 843 2579 occisae
882 2531 1094 2579 ferretur
1133 2531 1196 2579 ad
1226 2530 1477 2594 patriam?
1529 2530 1613 2578 sed
1651 2530 1771 2577 haec
1809 2529 1882 2577 id·

192 2606 319 2653 circo
352 2605 777 2665 commemoravit,
811 2621 872 2653 ne
903 2605 955 2653 in
985 2607 1147 2654 totum
1180 2606 1226 2654 ei
1258 2622 1408 2668 quam
1440 2604 1638 2652 dolebat
1670 2604 1882 2652 defuisse

190 2678 456 2727 videretur.
519 2680 660 2735 dixit,
699 2679 793 2726 hoc
832 2681 907 2727 est
945 2681 1195 2742 conplevit
1232 2680 1398 2727 Diana
1438 2694 1563 2741 quae
1602 2678 1776 2726 voluit.
1834 2681 1986 2725 at595

313 2811 335 2849 1
361 2806 554 2850 italusve
573 2804 615 2847 V
632 2804 719 2857 ed„
744 2805 825 2848 sed
849 2804 971 2848 infra
993 2805 1065 2849 bis
1088 2807 1314 2862 italusque
1330 2805 1383 2848 V.
1471 2809 1496 2847 3
1520 2805 1664 2848 invise
1687 2803 1730 2846 V
1752 2818 1883 2861 nym—

186 2865 283 2920 pha
314 2865 386 2909 ed.
478 2870 505 2907 4
538 2865 851 2908 auctoritatem
881 2865 1225 2910 benivolentiam
1250 2865 1291 2907 V
1323 2865 1721 2908 eumauctoritate
1744 2863 1784 2907 b.
1810 2863 1880 2907 ed.

193 2928 235 2967 et
270 2923 542 2980 interposui.
673 2927 699 2966 8
731 2928 772 2967 et
804 2923 1046 2968 Camillam
1075 2925 1367 2980 perditurum
1392 2922 1433 2965 V
1463 2925 1637 2966 temere
1668 2923 1782 2965 mut.
1809 2921 1879 2966 ed.

195 2986 248 3025 19
276 2988 489 3039 potest-
507 2987 562 3025 22
588 2995 764 3038 poenas
795 2996 884 3027 om.
909 2983 980 3027 ed.
1103 2988 1157 3027 32
1191 2997 1326 3039 qaam
1349 2982 1391 3025 V
1414 2986 1601 3038 propter
1631 2995 1671 3037 q.
1705 2981 1777 3025 ed.
