2050 3226
27 982 70 1016 1⁰

27 1358 68 1392 1⁶

755 161 1059 208 AENEmos
1089 162 1131 206 Χ
1682 166 1788 220 367

101 303 220 351 fecit
250 302 676 365 conparationem,
708 305 853 366 quasi
881 303 1020 365 ipsae
1049 303 1307 366 proferant
1336 302 1503 365 fortiS,
1541 304 1679 366 ipsae
1711 303 1792 351 de·

101 376 217 425 bilis
240 375 441 425 faciant.
489 377 539 424 et
562 376 755 438 meliuS,
777 377 961 440 inquit,
983 377 1175 426 factum
1199 378 1275 425 est
1296 379 1355 425 ut
1377 379 1437 425 tu
1459 377 1602 426 nobis
1627 393 1791 426 occur-

100 451 246 511 reriS,
285 452 343 499 ut
380 451 514 499 salus
546 452 638 499 tua
676 450 826 499 simul
868 467 983 500 cum
1018 450 1116 501 isto
1150 451 1282 499 bello
1312 451 1581 500 terminum
1614 454 1792 500 sumat.

100 539 312 574 vaesano
336 525 458 573 talia
482 525 576 573 late
599 524 728 573 dieta
751 526 917 574 volant
938 525 1132 587 Isiqeri:
1161 525 1447 575 huiusmodi
1476 525 1627 575 verba
1645 524 1796 590 Liger

99 598 342 647 fundebat
362 613 579 648 vaesana
607 602 794 661 mente,
825 602 1000 662 utpote
1024 599 1114 662 qui
1141 599 1244 648 iam
1266 599 1386 650 fatis
1408 599 1600 649 ultimis
1630 600 1794 648 trahe-

7 684 12 690 ·
99 673 250 722 batur
270 673 324 720 in
346 675 572 722 mortem.
621 673 707 722 sed
728 687 827 721 non
851 678 896 722 et
918 674 1097 722 Troius
1118 674 1256 722 heros
1280 674 1410 724 dieta
1425 678 1581 735 parat
1603 677 1796 732 eontra,·
1813 683 1897 723 585

99 747 316 795 iaculum
352 762 471 796 nam
509 750 692 808 torquet
727 748 782 795 in
819 749 993 797 hostis:
1042 748 1219 797 Troius
1258 748 1403 798 heros
1441 748 1604 797 laudis
1646 763 1796 798 causa

100 820 321 885 positum
352 823 447 884 est3
480 821 766 886 adsignavit
788 822 975 886 quippe
1006 823 1053 871 ei
1074 822 1414 885 prudentiam,
1445 822 1657 886 denique
1682 838 1795 872 cum

100 895 382 944 adverteret
418 896 472 944 in
507 895 636 944 bello
675 911 776 944 non
805 896 1001 961 Lingua,
1040 896 1126 946 sed
1162 913 1319 945 manu
1348 913 1452 947 esse
1492 897 1795 958 certandum,

99 986 199 1018 non
230 970 380 1018 verba
411 969 466 1018 in
495 971 676 1032 hostiS,
708 970 794 1019 sed
822 971 1042 1020 iaculum
1071 972 1273 1034 paravit
1302 987 1392 1021 nec
1422 972 1584 1021 voluit
1613 971 1795 1020 referre

100 1043 344 1106 convicia,
377 1060 505 1107 quae
531 1045 752 1093 animum
775 1045 1016 1107 lacerare,
1039 1061 1139 1095 non
1164 1047 1298 1094 vitae
1323 1046 1588 1095 discrimen
1613 1046 1795 1094 inferre

99 1119 401 1181 potuissent,
440 1118 525 1167 sed
546 1119 744 1168 hastam
774 1119 912 1181 iecit,
953 1136 1080 1182 quae
1117 1119 1253 1182 ipsos
1290 1121 1516 1169 homines
1549 1136 1661 1169 cum
1692 1121 1795 1169 suis

99 1192 260 1241 verbis
300 1191 625 1257 extingueret.
702 1194 955 1256 conplevit
1000 1194 1239 1257 sapientis
1277 1194 1533 1243 bellatoris
1580 1194 1795 1255 laudem,

101 1267 188 1330 qui
223 1267 312 1315 illo
343 1269 565 1330 tempore
605 1270 756 1330 atque
794 1268 884 1316 isso
914 1268 1023 1317 loco
1055 1284 1156 1317 non
1187 1269 1405 1317 ventosis
1445 1268 1671 1329 vocibus,
1710 1269 1795 1318 sed

98 1342 228 1390 ferro
261 1340 434 1390 debuit
465 1343 514 1390 et
543 1341 654 1390 neci
681 1342 903 1391 hostium
927 1357 1130 1406 operam
1161 1342 1292 1391 dare.
1347 1343 1581 1404 Lucaque
1611 1347 1666 1391 ut
1679 1358 1796 1403 pro-

20 1448 27 1457 .
98 1429 194 1463 nus
219 1416 437 1475 pendens
467 1415 522 1463 in
550 1417 753 1464 verbera
783 1417 872 1464 telo
904 1417 1158 1465 admonuit
1188 1418 1395 1478 biiuyoS,
1428 1419 1640 1479 proiecto
1679 1418 1795 1466 dum

90 1489 215 1550 pede
254 1490 388 1538 laevo
427 1492 565 1550 aptat
593 1504 644 1538 se
665 1505 887 1552 puynae,
927 1492 1059 1539 subit
1093 1506 1209 1540 oras
1238 1492 1382 1540 hasta
1411 1506 1506 1552 per
1541 1493 1670 1540 imas
1699 1492 1796 1552 ful-

95 1564 251 1625 9entis
297 1563 457 1624 clipei,
505 1567 606 1612 tum
654 1565 845 1613 laevum
878 1568 1104 1626 perforat
1148 1567 1352 1627 inquens
1401 1556 1659 1630 LucaguS,
1706 1567 1796 1628 qui

97 1637 358 1702 pugnandi
401 1638 604 1687 tenebat
649 1639 890 1701 officium,
940 1639 1061 1688 dum
1106 1656 1260 1703 equos
1308 1640 1571 1689 admonere
1617 1640 1797 1689 nititur

98 1712 198 1761 telo
238 1714 288 1761 et
318 1727 423 1761 sese
456 1711 519 1760 ad
558 1715 807 1762 certamen
845 1714 1092 1763 schemate
1124 1715 1346 1778 specioso
1379 1715 1637 1777 conponit,
1677 1714 1793 1762 dum

98 1803 252 1834 unum
290 1786 468 1850 pedem
504 1787 723 1850 reducit,
762 1788 974 1836 alterum
1004 1789 1239 1853 porrigit,
1279 1790 1422 1838 laevo
1459 1789 1663 1853 inguine
1702 1788 1793 1837 sub

98 1861 224 1909 imas
257 1860 404 1924 clipei
434 1863 592 1924 partis
622 1862 779 1911 ictum
809 1863 982 1911 hastae
1015 1862 1272 1912 subeuntis
1304 1863 1509 1927 excepit.
1565 1877 1795 1912 exeussus
1812 1869 1897 1908 590

100 1949 249 1982 curru
285 1936 605 1984 moribundus
644 1937 852 1985 volvitur
883 1938 1042 1986 arvis:
1080 1954 1196 1986 nam
1229 1938 1476 2001 quomodo
1507 1939 1677 2001 potuit
1715 1954 1793 1986 ex-

99 2009 187 2056 imi
225 2024 374 2057 curru
405 2010 492 2072 qui
529 2010 768 2060 fulmineo
800 2012 908 2060 ictu
937 2012 1102 2060 fuerat
1131 2013 1341 2075 petitus,
1379 2011 1477 2060 nisi
1505 2012 1618 2060 inde
1649 2012 1795 2060 illum

99 2083 175 2131 vis
207 2083 328 2131 facti
366 2086 616 2133 excuteret
651 2085 978 2135 morientem}>
1022 2086 1155 2134 iacet
1185 2088 1352 2136 autem
1383 2086 1709 2135 moribundus
1741 2087 1791 2134 in

100 2172 274 2219 campo
308 2158 395 2220 qui
434 2158 667 2221 superbia
697 2159 951 2208 ferebatur
987 2159 1039 2207 in
1072 2176 1231 2208 curru.
1287 2175 1426 2222 quem
1447 2161 1568 2220 pius
1598 2160 1794 2209 Aeneas

100 2231 239 2279 dietis
278 2231 482 2292 adfatur
521 2234 732 2281 amaris:
777 2249 885 2282 ecce
925 2234 1186 2282 consilium
1222 2234 1319 2284 viri
1356 2235 1523 2297 fortiS,
1571 2236 1792 2284 confecto

101 2306 367 2354 certamine
414 2308 465 2354 et
508 2306 658 2356 unius
696 2307 897 2356 interim
938 2310 1206 2371 procurata
1243 2312 1401 2358 morte
1439 2310 1546 2373 ipse
1594 2325 1792 2373 quoque

102 2380 283 2428 amaris
330 2395 449 2429 usus
497 2384 573 2430 est
610 2381 772 2430 verbis
812 2397 1037 2447 egressus
1076 2383 1278 2446 pietatis
1325 2399 1443 2433 suae
1481 2384 1791 2443 modestiam,

222 2510 244 2549 1
277 2507 373 2563 ipse
404 2507 458 2550 R.
581 2513 607 2551 2
638 2513 691 2553 ut
721 2513 772 2553 tu
794 2508 879 2552 VR
911 2514 962 2554 tu
992 2523 1079 2554 om.
1106 2510 1177 2562 ed.
1225 2510 1229 2569 Ι
1281 2512 1530 2555 occurreris
1560 2510 1601 2552 R
1640 2523 1792 2553 occur-

37 2621 39 2627 *
100 2579 220 2609 rere-s
244 2565 283 2607 V
308 2566 380 2610 ed.
465 2572 492 2610 4
525 2568 661 2624 leyeri
684 2567 822 2624 (infra
845 2568 972 2625 Ziyer)
997 2568 1094 2612 VR.
1181 2573 1206 2612 6
1231 2575 1391 2615 contra
1415 2583 1502 2613 om.
1521 2569 1605 2612 VR
1630 2568 1737 2611 add.
1755 2584 1790 2611 r.

103 2628 127 2666 ’1
160 2625 298 2669 hostis
319 2625 405 2668 VR
434 2627 600 2670 hostem
624 2627 695 2670 ed.
733 2628 736 2683 Ι
779 2627 1008 2672 Troius—
1028 2633 1084 2672 10
1106 2629 1247 2673 hostis
1274 2643 1362 2672 om.
1387 2643 1480 2673 non
1504 2630 1626 2672 dicta
1650 2628 1791 2671 inter-

102 2683 182 2738 pol
220 2684 291 2727 ed.
385 2690 439 2728 12
471 2687 621 2741 ipsum
644 2687 867 2731 hominem
891 2687 961 2730 ed.
1053 2692 1106 2731 13
1139 2688 1362 2744 conplevit
1382 2689 1602 2743 sapientis
1624 2687 1791 2731 ultima

35 2759 37 2761 ·
102 2741 242 2786 verba
263 2743 314 2786 in
337 2743 378 2786 R
404 2743 460 2787 cf.
485 2745 630 2800 praef.
725 2749 779 2788 14
810 2746 992 2790 vocibus
1014 2746 1057 2790 V
1086 2748 1233 2792 verbis
1264 2747 1334 2790 ed.
1425 2751 1479 2790 15
1512 2752 1555 2790 et
1583 2760 1664 2790 nec
1693 2747 1791 2791 hos-

102 2802 215 2845 tium
245 2815 428 2858 operam
452 2803 494 2846 V
523 2805 624 2848 neci
654 2818 736 2848 nos
769 2810 811 2849 et
839 2819 944 2849 nece
966 2819 1148 2861 operam
1170 2807 1365 2851 hostium
1390 2806 1460 2849 ed.
1549 2809 1603 2848 18
1635 2810 1677 2849 et
1706 2820 1790 2861 pro

102 2864 198 2904 tum
220 2860 275 2904 V.
310 2860 317 2920 1
351 2863 532 2919 inquem
555 2863 608 2907 V.
704 2867 758 2906 19
789 2865 961 2908 nitetur
982 2864 1037 2909 V.
1131 2870 1187 2909 20
1218 2866 1435 2909 schemate
1458 2864 1500 2907 V
1530 2865 1691 2909 habitu
1717 2866 1789 2910 ed.

42 2949 47 2954 .
104 2922 158 2961 21
204 2921 424 2966 sublima-s·
461 2921 502 2965 V
555 2923 636 2967 sub
683 2924 800 2967 imas
846 2922 917 2967 ed.
1063 2929 1120 2967 22
1166 2925 1398 2969 subeuntis
1434 2923 1477 2966 V
1523 2926 1672 2969 euntis
1717 2925 1789 2969 ed.

106 2980 160 3020 25
191 2979 302 3023 iacit
323 2979 378 3024 V.
501 2985 556 3025 27
589 2982 779 3036 adfatus
801 2981 855 3025 V.
979 2987 1033 3027 29
1066 2997 1266 3041 eyressus
1289 2982 1331 3025 V
1361 2996 1395 3027 e.
1421 2988 1605 3039 praeter
1635 2984 1706 3028 ed.
