2050 3226
748 143 1053 189 AENEmos
1076 144 1186 189 vm
1713 150 1816 202 127

127 288 170 335 si
201 285 463 335 verborum
494 286 805 347 conponatur
835 283 1107 344 ordinatim
1140 300 1311 333 eorum
1342 285 1533 332 scilicet
1564 301 1691 348 quae
1720 302 1820 334 me·

125 363 319 408 trorum
365 374 515 408 causa
558 359 806 421 permixta
853 360 984 407 sunt.
1062 357 1133 406 sic
1170 360 1339 420 potest
1376 360 1427 406 et
1465 359 1604 406 aliud
1640 362 1819 407 vitium

125 433 322 498 corrigi,
353 435 397 482 si
426 433 517 482 fiat
547 432 818 494 ordinati03
849 432 988 495 prius
1014 431 1198 495 quippe
1230 431 1356 480 dixit
1384 434 1576 481 mactat
1606 435 1657 481 et
1687 433 1821 481 sistit

55 510 57 513 ’
123 512 319 572 postea,
366 523 482 556 cum
525 508 746 569 primum
790 508 858 555 sit
887 507 1085 568 sistere,
1130 507 1399 554 secundum
1436 508 1668 555 mactare.
1746 522 1820 554 or·

125 583 353 631 dinamus
377 597 495 645 ergo
520 583 611 630 sic:
637 597 788 644 quam
810 580 925 643 pius
951 582 1146 630 Aeneas
1178 580 1272 629 tibi
1302 581 1448 640 enim,
1471 581 1581 642 tibi,
1603 581 1822 629 maxima

123 656 273 718 Iun0‚
313 656 377 704 ad
416 671 527 704 aras
568 671 681 703 eum
719 670 867 719 grege
908 657 1042 704 sistit
1080 657 1131 702 et
1162 670 1303 704 sacra
1334 655 1495 703 ferens
1528 671 1642 704 cum
1673 670 1822 719 grege

122 731 334 792 mactat3
373 745 488 778 cum
526 746 675 794 grege
716 729 850 777 enim
886 729 963 778 bis
1004 729 1235 778 debemus
1288 730 1525 792 accipere.
1611 730 1822 790 Thybris

124 819 182 853 ea
219 805 440 863 fluvium,
482 819 629 864 quam
668 804 813 864 {onya
844 806 926 860 est,
958 807 1093 852 noete
1123 807 1379 852 tumentem
1412 805 1569 852 leniit:
1607 803 1822 866 Thybris

124 894 319 927 omnem
356 880 576 940 noctem,
614 879 668 926 in
708 880 954 940 quantum
990 878 1156 926 fuerat
1193 878 1361 942 longa,
1406 878 1617 926 fluvium
1662 879 1820 938 leniit,

123 954 216 1001 hoc
266 954 342 1001 est
391 968 578 1016 aquam
627 953 926 1001 verticosam
975 952 1194 1000 fluminis
1235 954 1328 1001 sui.
1405 967 1559 1015 supra
1598 954 1732 1000 enim
1770 955 1822 1000 in

124 1026 335 1089 septimo
367 1026 496 1076 libro
537 1020 658 1093 (31)
700 1028 773 1074 ait
811 1026 1109 1087 „verticibus
1146 1026 1337 1089 rapidis
1378 1029 1427 1074 et
1464 1028 1626 1075 multa
1663 1027 1822 1075 flavus

122 1102 309 1149 harena
357 1102 412 1149 in
460 1117 596 1148 mare
651 1099 979 1163 prorumpit.“
1071 1103 1158 1164 qui
1206 1117 1267 1148 ne
1317 1102 1435 1149 talis
1487 1103 1616 1150 esset
1653 1101 1823 1149 Aenea

122 1177 440 1239 navigaturo,
462 1175 718 1237 placidum
747 1175 935 1223 fecerat
957 1174 1046 1237 qui
1068 1175 1286 1223 faciendi
1308 1175 1485 1223 habuit
1508 1177 1821 1238 potestatem.

123 1253 320 1298 noctem
366 1250 612 1313 prolixam
657 1251 847 1312 posuit,
892 1249 1160 1297 hiemalem
1199 1249 1409 1297 scilicet:
1449 1249 1693 1311 probatur
1729 1250 1822 1298 hoc

124 1341 183 1372 ex
232 1339 311 1385 eo,
364 1326 484 1387 quia
529 1323 734 1371 Aenean
785 1323 911 1371 dixit
960 1323 1051 1372 sub
1106 1323 1261 1387 gelidi
1310 1323 1527 1372 aetheris
1575 1340 1663 1372 axe
1709 1339 1821 1386 pro·

126 1398 374 1459 cubuisse,
418 1399 512 1445 hoc
558 1400 634 1446 est
677 1398 731 1446 in
780 1398 889 1446 loco
936 1398 1175 1460 pruinoso
1224 1414 1283 1445 ex
1320 1397 1497 1446 hiemis
1538 1413 1704 1446 causa.
1782 1401 1827 1446 et

123 1474 271 1520 tacita
319 1473 532 1530 refluens
579 1473 652 1520 ita
699 1473 913 1520 substitit
958 1472 1099 1520 unda
1145 1472 1303 1520 mitis:
1356 1474 1426 1520 sic
1472 1473 1610 1520 mitis
1660 1473 1824 1520 fuerat

122 1547 283 1595 factus
322 1546 458 1594 unda
494 1546 731 1594 refluente
777 1547 870 1594 hoc
916 1549 992 1595 est
1035 1561 1262 1608 repressa
1310 1548 1360 1594 et
1404 1549 1625 1607 retenta,
1671 1550 1726 1594 ut
1768 1548 1822 1594 in

121 1636 303 1669 morem
350 1621 513 1682 staynt
555 1621 876 1680 placidaeque
917 1621 1125 1680 paludis
1173 1624 1404 1668 sterneret
1449 1635 1629 1680 aequor
1666 1622 1821 1681 aquis,

122 1694 282 1757 [remo
311 1699 366 1742 ut
405 1695 645 1743 luctamen
683 1693 899 1756 abesset]
906 1712 922 1742 .·
958 1697 1104 1743 tanta
1134 1695 1270 1743 illius
1302 1694 1523 1743 fluminis
1553 1695 1821 1757 placiditas
1852 1724 1880 1743 f

7 1772 12 1800 ³
124 1769 245 1830 fuit,
293 1771 350 1817 ut
400 1784 491 1816 nec
541 1784 719 1817 sonum
770 1769 990 1832 aliquem
1038 1770 1262 1818 mitteret
1308 1769 1530 1818 cadentis
1569 1769 1733 1817 undae
1773 1773 1823 1817 et

5 1851 14 1891 ὁ
122 1844 326 1891 remotis
364 1843 642 1892 tumoribus
680 1843 940 1906 praeberet
976 1843 1157 1892 faciem
1195 1844 1383 1908 stagni,
1428 1843 1482 1891 in
1519 1846 1718 1892 tantum
1763 1847 1824 1891 ut

123 1918 274 1965 remis
319 1917 570 1965 luctamen
616 1933 716 1966 non
766 1921 1064 1980 superasset.
1144 1933 1253 1979 erqo
1294 1919 1383 1966 iter
1419 1919 1662 1978 inceptum
1709 1918 1822 1966 cele·
1840 1928 1895 1968 90

124 1995 240 2039 rant
287 2006 481 2039 rwmore
529 1993 765 2040 seeundo:
812 1991 911 2040 iter
960 1992 1086 2041 dixit
1133 1991 1292 2054 ipsius
1331 1992 1549 2042 fluminis
1587 1994 1821 2053 tractum,

52 2077 95 2110 25
124 2081 225 2113 non
263 2065 398 2127 quod
435 2081 587 2114 naves
626 2068 888 2128 tamquam
932 2067 987 2114 in
1030 2069 1166 2115 terra
1213 2066 1541 2114 ambularent.
1625 2083 1821 2115 rumore

125 2139 362 2188 secundo:
420 2155 656 2204 prospero
708 2156 953 2202 aquarum
1003 2156 1265 2189 murmure.
1355 2157 1553 2190 rumore
1607 2141 1821 2189 secundo

124 2216 291 2276 potest
321 2215 474 2262 etiam
505 2215 576 2263 sic
605 2214 848 2278 intellegi,
879 2217 939 2263 ut
967 2214 1080 2263 ideo
1105 2215 1311 2262 Troiani
1342 2214 1624 2279 peragendo
1656 2217 1821 2278 spatio

124 2288 342 2336 fluminis
382 2304 585 2350 operam
624 2287 815 2349 darent,
853 2289 988 2350 quod
1025 2289 1236 2338 animati
1274 2290 1474 2338 fuerant
1505 2289 1821 2352 opinionibus

125 2363 375 2425 prosperis
415 2364 466 2410 et
503 2362 566 2411 ad
606 2363 849 2425 optimam
883 2378 1021 2425 spem
1052 2363 1401 2426 properabant.
1464 2365 1646 2411 labitur
1675 2367 1821 2411 uncta

51 2446 96 2479 ³⁰
124 2437 268 2484 vadis
307 2437 464 2484 abies:
509 2452 660 2486 naves
700 2436 765 2485 ad
809 2452 955 2484 usum
999 2437 1151 2486 maris
1192 2438 1393 2487 effectae
1439 2437 1733 2486 labebantur
1769 2437 1821 2484 in

26 2524 33 2531 ·
125 2509 267 2558 vadis
306 2511 399 2559 hoc
430 2512 506 2559 est
534 2513 587 2558 in
618 2511 819 2558 flumine
852 2511 987 2572 quod
1018 2512 1083 2559 ad
1112 2513 1272 2561 vicem
1302 2511 1544 2561 vadorum
1575 2514 1821 2559 straverat

247 2671 272 2709 2
303 2667 346 2710 si
365 2671 512 2722 potest
534 2667 667 2711 aliud
682 2666 725 2710 V
748 2672 791 2711 et
811 2668 878 2711 sic
899 2680 944 2723 p.
969 2681 1012 2711 a.
1038 2667 1111 2711 ed.
1134 2669 1201 2712 sie
1218 2682 1266 2724 p.
1292 2673 1335 2712 et
1357 2682 1399 2712 a.
1426 2682 1522 2711 nos,
1617 2672 1642 2710 6
1674 2668 1821 2723 yreyis

126 2726 206 2769 stit
227 2723 270 2767 V
301 2739 415 2769 corr.
449 2725 521 2770 ed.
646 2730 701 2769 10
739 2727 1003 2770 verticosam
1032 2725 1076 2770 V
1112 2728 1356 2772 verticibus
1393 2726 1701 2771 abundantem
1747 2726 1818 2769 ed.

131 2788 184 2827 12
209 2785 393 2829 Aeneae
426 2785 498 2830 ed.
591 2790 647 2828 14
679 2786 864 2829 divitem
889 2786 1123 2841 prolixam
1146 2785 1189 2828 V
1218 2791 1390 2831 noctem
1415 2800 1488 2842 pr.
1523 2799 1605 2828 nos
1638 2785 1821 2829 divitem

126 2848 297 2887 noctem
320 2857 396 2899 pr.
429 2844 502 2888 ed.
620 2848 676 2888 20
706 2845 1077 2889 remo—abesset
1108 2845 1240 2889 deest
1270 2846 1320 2888 in
1343 2844 1399 2895 V,
1432 2844 1513 2887 sed
1546 2843 1819 2899 explicatur.

129 2906 184 2944 22
222 2903 276 2946 in
311 2907 491 2948 tantum
512 2929 566 2935 —
593 2908 648 2947 23
683 2908 939 2960 superasset
968 2917 1064 2948 vom.
1103 2918 1159 2948 ac
1187 2904 1466 2960 tranquillae
1492 2903 1683 2959 paludis
1713 2902 1821 2947 sub-

129 2960 284 3004 stituit
322 2961 393 3006 ed.
516 2967 573 3006 24
610 2964 698 3007 iter
717 2989 772 2995 —
799 2967 855 3006 26
886 2963 1080 3007 secwndo
1115 2977 1203 3006 om.
1238 2963 1308 3006 ed.
1433 2966 1484 3005 31
1520 2963 1659 3006 undis
1681 2961 1723 3005 V
1747 2963 1818 3007 ecl.
