<?xml version="1.0" encoding="UTF-8"?>
<!DOCTYPE html PUBLIC "-//W3C//DTD XHTML 1.0 Transitional//EN"
    "http://www.w3.org/TR/xhtml1/DTD/xhtml1-transitional.dtd">
<html xmlns="http://www.w3.org/1999/xhtml" xml:lang="en" lang="en">
 <head>
  <title>
</title>
<meta http-equiv="Content-Type" content="text/html;charset=utf-8" />
  <meta name='ocr-system' content='tesseract 3.04.00' />
  <meta name='ocr-capabilities' content='ocr_page ocr_carea ocr_par ocr_line ocrx_word'/>
</head>
<body>
  <div class='ocr_page' id='page_1' title='image "./interpretationes02donauoft_0204.png"; bbox 0 0 2050 3226; ppageno 0'>
   <div class='ocr_carea' id='block_1_1' title="bbox 204 263 1427 318">
    <p class='ocr_par' dir='ltr' id='par_1_1' title="bbox 204 263 1427 318">
     <span class='ocr_line' id='line_1_1' title="bbox 204 263 1427 318; baseline -0.009 1"><span class='ocrx_word' id='word_1_1' title='bbox 204 265 313 318; x_wconf 83' lang='grc'>200</span> <span class='ocrx_word' id='word_1_2' title='bbox 679 263 912 308; x_wconf 86' lang='lat' dir='ltr'>DONATI</span> <span class='ocrx_word' id='word_1_3' title='bbox 941 263 1007 308; x_wconf 88' lang='lat' dir='ltr'>IN</span> <span class='ocrx_word' id='word_1_4' title='bbox 1009 264 1222 308; x_wconf 77' lang='lat' dir='ltr'>TERPR.</span> <span class='ocrx_word' id='word_1_5' title='bbox 1247 263 1427 309; x_wconf 79' lang='lat' dir='ltr'><strong>VERG.</strong></span> 
     </span>
    </p>
   </div>
   <div class='ocr_carea' id='block_1_2' title="bbox 101 402 2050 2673">
    <p class='ocr_par' dir='ltr' id='par_1_2' title="bbox 101 402 2050 2673">
     <span class='ocr_line' id='line_1_2' title="bbox 205 402 1899 466; baseline 0.001 -15"><span class='ocrx_word' id='word_1_6' title='bbox 205 402 501 464; x_wconf 74' lang='lat' dir='ltr'>ducebatur,</span> <span class='ocrx_word' id='word_1_7' title='bbox 547 402 796 452; x_wconf 89' lang='lat' dir='ltr'>reddenda</span> <span class='ocrx_word' id='word_1_8' title='bbox 841 406 1010 452; x_wconf 90' lang='lat' dir='ltr'>tamen</span> <span class='ocrx_word' id='word_1_9' title='bbox 1057 404 1103 451; x_wconf 88' lang='lat' dir='ltr'>ei</span> <span class='ocrx_word' id='word_1_10' title='bbox 1147 403 1275 452; x_wconf 88' lang='lat' dir='ltr'>ratio</span> <span class='ocrx_word' id='word_1_11' title='bbox 1321 403 1422 453; x_wconf 86' lang='lat' dir='ltr'>fuit</span> <span class='ocrx_word' id='word_1_12' title='bbox 1467 420 1555 453; x_wconf 86' lang='lat' dir='ltr'>cur</span> <span class='ocrx_word' id='word_1_13' title='bbox 1593 420 1693 452; x_wconf 90' lang='lat' dir='ltr'>non</span> <span class='ocrx_word' id='word_1_14' title='bbox 1730 407 1899 466; x_wconf 88' lang='lat' dir='ltr'>posset</span> 
     </span>
     <span class='ocr_line' id='line_1_3' title="bbox 202 477 1899 540; baseline 0.001 -16"><span class='ocrx_word' id='word_1_15' title='bbox 202 478 476 540; x_wconf 90' lang='lat' dir='ltr'>inpetrare,</span> <span class='ocrx_word' id='word_1_16' title='bbox 522 493 582 526; x_wconf 91' lang='lat' dir='ltr'>ne</span> <span class='ocrx_word' id='word_1_17' title='bbox 629 478 766 526; x_wconf 87' lang='lat' dir='ltr'>laesa</span> <span class='ocrx_word' id='word_1_18' title='bbox 811 477 1105 539; x_wconf 90' lang='lat' dir='ltr'>discederet,</span> <span class='ocrx_word' id='word_1_19' title='bbox 1158 480 1210 526; x_wconf 92' lang='lat' dir='ltr'>et</span> <span class='ocrx_word' id='word_1_20' title='bbox 1262 477 1440 526; x_wconf 90' lang='lat' dir='ltr'>mereri</span> <span class='ocrx_word' id='word_1_21' title='bbox 1491 480 1659 527; x_wconf 89' lang='lat' dir='ltr'>tamen</span> <span class='ocrx_word' id='word_1_22' title='bbox 1707 478 1899 540; x_wconf 88' lang='lat' dir='ltr'>aliquid</span> 
     </span>
     <span class='ocr_line' id='line_1_4' title="bbox 204 550 1899 616; baseline 0.001 -17"><span class='ocrx_word' id='word_1_23' title='bbox 204 551 376 600; x_wconf 89' lang='lat' dir='ltr'>debuit</span> <span class='ocrx_word' id='word_1_24' title='bbox 414 551 548 615; x_wconf 88' lang='lat' dir='ltr'>quod</span> <span class='ocrx_word' id='word_1_25' title='bbox 584 551 776 615; x_wconf 86' lang='lat' dir='ltr'>legibus</span> <span class='ocrx_word' id='word_1_26' title='bbox 817 551 947 600; x_wconf 88' lang='lat' dir='ltr'>datis</span> <span class='ocrx_word' id='word_1_27' title='bbox 987 567 1088 599; x_wconf 92' lang='lat' dir='ltr'>non</span> <span class='ocrx_word' id='word_1_28' title='bbox 1124 550 1380 616; x_wconf 77' lang='lat' dir='ltr'>inrogaret</span> <span class='ocrx_word' id='word_1_29' title='bbox 1409 553 1660 601; x_wconf 89' lang='lat' dir='ltr'>iniuriam.</span> <span class='ocrx_word' id='word_1_30' title='bbox 1720 552 1899 615; x_wconf 86' lang='lat' dir='ltr'>incipit</span> 
     </span>
     <span class='ocr_line' id='line_1_5' title="bbox 202 621 1897 690; baseline 0 -16"><span class='ocrx_word' id='word_1_31' title='bbox 202 626 359 690; x_wconf 85' lang='lat' dir='ltr'>igitur</span> <span class='ocrx_word' id='word_1_32' title='bbox 388 627 481 674; x_wconf 88' lang='lat' dir='ltr'>sic:</span> <span class='ocrx_word' id='word_1_33' title='bbox 520 640 547 674; x_wconf 93' lang='lat' dir='ltr'>o</span> <span class='ocrx_word' id='word_1_34' title='bbox 575 626 812 686; x_wconf 71' lang='lat' dir='ltr'>yenetrix,</span> <span class='ocrx_word' id='word_1_35' title='bbox 845 640 937 685; x_wconf 76' lang='lat' dir='ltr'>quo</span> <span class='ocrx_word' id='word_1_36' title='bbox 966 626 1077 685; x_wconf 77' lang='lat' dir='ltr'>fata</span> <span class='ocrx_word' id='word_1_37' title='bbox 1106 621 1289 674; x_wconf 74' lang='lat' dir='ltr'>vocas?</span> <span class='ocrx_word' id='word_1_38' title='bbox 1336 630 1424 674; x_wconf 89' lang='lat' dir='ltr'>aut</span> <span class='ocrx_word' id='word_1_39' title='bbox 1453 626 1569 688; x_wconf 76' lang='lat' dir='ltr'>quid</span> <span class='ocrx_word' id='word_1_40' title='bbox 1600 627 1727 686; x_wconf 88' lang='lat' dir='ltr'>petis</span> <span class='ocrx_word' id='word_1_41' title='bbox 1757 627 1897 675; x_wconf 76' lang='lat' dir='ltr'>istis?</span> 
     </span>
     <span class='ocr_line' id='line_1_6' title="bbox 202 699 1972 763; baseline -0.001 -16"><span class='ocrx_word' id='word_1_42' title='bbox 202 699 399 761; x_wconf 90' lang='lat' dir='ltr'>fiducia,</span> <span class='ocrx_word' id='word_1_43' title='bbox 436 699 616 762; x_wconf 89' lang='lat' dir='ltr'>inquit,</span> <span class='ocrx_word' id='word_1_44' title='bbox 657 699 814 747; x_wconf 84' lang='lat' dir='ltr'>uteris</span> <span class='ocrx_word' id='word_1_45' title='bbox 853 699 1028 748; x_wconf 88' lang='lat' dir='ltr'>matris</span> <span class='ocrx_word' id='word_1_46' title='bbox 1060 702 1228 763; x_wconf 90' lang='lat' dir='ltr'>atque,</span> <span class='ocrx_word' id='word_1_47' title='bbox 1258 702 1316 749; x_wconf 89' lang='lat' dir='ltr'>ut</span> <span class='ocrx_word' id='word_1_48' title='bbox 1344 700 1634 763; x_wconf 89' lang='lat' dir='ltr'>inpossibile</span> <span class='ocrx_word' id='word_1_49' title='bbox 1664 700 1898 763; x_wconf 73' lang='lat' dir='ltr'>inpetres,</span> <span class='ocrx_word' id='word_1_50' title='bbox 1953 712 1972 746; x_wconf 78' lang='lat'>5</span> 
     </span>
     <span class='ocr_line' id='line_1_7' title="bbox 204 772 1898 836; baseline 0.001 -15"><span class='ocrx_word' id='word_1_51' title='bbox 204 788 400 822; x_wconf 89' lang='lat' dir='ltr'>sacrum</span> <span class='ocrx_word' id='word_1_52' title='bbox 448 789 627 822; x_wconf 90' lang='lat' dir='ltr'>nomen</span> <span class='ocrx_word' id='word_1_53' title='bbox 676 772 879 836; x_wconf 87' lang='lat' dir='ltr'>pietatis</span> <span class='ocrx_word' id='word_1_54' title='bbox 928 774 1159 836; x_wconf 89' lang='lat' dir='ltr'>opponis,</span> <span class='ocrx_word' id='word_1_55' title='bbox 1207 775 1291 822; x_wconf 90' lang='lat' dir='ltr'>sed</span> <span class='ocrx_word' id='word_1_56' title='bbox 1335 775 1388 822; x_wconf 89' lang='lat' dir='ltr'>in</span> <span class='ocrx_word' id='word_1_57' title='bbox 1426 775 1521 824; x_wconf 87' lang='lat' dir='ltr'>hac</span> <span class='ocrx_word' id='word_1_58' title='bbox 1559 789 1731 835; x_wconf 89' lang='lat' dir='ltr'>causa,</span> <span class='ocrx_word' id='word_1_59' title='bbox 1779 790 1898 836; x_wconf 87' lang='lat' dir='ltr'>quo-</span> 
     </span>
     <span class='ocr_line' id='line_1_8' title="bbox 202 847 1898 913; baseline 0 -17"><span class='ocrx_word' id='word_1_60' title='bbox 202 847 340 896; x_wconf 86' lang='lat' dir='ltr'>niam</span> <span class='ocrx_word' id='word_1_61' title='bbox 384 847 590 912; x_wconf 87' lang='lat' dir='ltr'>regendi</span> <span class='ocrx_word' id='word_1_62' title='bbox 634 847 808 895; x_wconf 90' lang='lat' dir='ltr'>mundi</span> <span class='ocrx_word' id='word_1_63' title='bbox 852 848 1145 896; x_wconf 84' lang='lat' dir='ltr'>necessitate</span> <span class='ocrx_word' id='word_1_64' title='bbox 1196 849 1509 913; x_wconf 87' lang='lat' dir='ltr'>constringor</span> <span class='ocrx_word' id='word_1_65' title='bbox 1554 864 1644 898; x_wconf 93' lang='lat' dir='ltr'>nec</span> <span class='ocrx_word' id='word_1_66' title='bbox 1692 864 1898 911; x_wconf 87' lang='lat' dir='ltr'>possum</span> 
     </span>
     <span class='ocr_line' id='line_1_9' title="bbox 155 916 1896 986; baseline 0.001 -16"><span class='ocrx_word' id='word_1_67' title='bbox 155 916 159 918; x_wconf 61' lang='grc'><strong>’</strong></span> <span class='ocrx_word' id='word_1_68' title='bbox 204 921 437 970; x_wconf 87' lang='lat' dir='ltr'>caelestia</span> <span class='ocrx_word' id='word_1_69' title='bbox 473 921 587 970; x_wconf 89' lang='lat' dir='ltr'>iura</span> <span class='ocrx_word' id='word_1_70' title='bbox 618 922 913 983; x_wconf 86' lang='lat' dir='ltr'>convellere,</span> <span class='ocrx_word' id='word_1_71' title='bbox 952 937 1052 969; x_wconf 92' lang='lat' dir='ltr'>non</span> <span class='ocrx_word' id='word_1_72' title='bbox 1091 921 1252 971; x_wconf 88' lang='lat' dir='ltr'>solum</span> <span class='ocrx_word' id='word_1_73' title='bbox 1283 938 1409 986; x_wconf 89' lang='lat' dir='ltr'>quae</span> <span class='ocrx_word' id='word_1_74' title='bbox 1441 924 1532 971; x_wconf 87' lang='lat' dir='ltr'>aut</span> <span class='ocrx_word' id='word_1_75' title='bbox 1563 939 1592 972; x_wconf 90' lang='lat' dir='ltr'>a</span> <span class='ocrx_word' id='word_1_76' title='bbox 1624 938 1723 986; x_wconf 88' lang='lat' dir='ltr'>quo</span> <span class='ocrx_word' id='word_1_77' title='bbox 1755 924 1896 985; x_wconf 91' lang='lat' dir='ltr'>petas</span> 
     </span>
     <span class='ocr_line' id='line_1_10' title="bbox 202 995 1899 1060; baseline 0 -16"><span class='ocrx_word' id='word_1_78' title='bbox 202 1012 377 1045; x_wconf 83' lang='lat' dir='ltr'>verum</span> <span class='ocrx_word' id='word_1_79' title='bbox 415 996 566 1044; x_wconf 89' lang='lat' dir='ltr'>etiam</span> <span class='ocrx_word' id='word_1_80' title='bbox 605 996 727 1059; x_wconf 89' lang='lat' dir='ltr'>quid</span> <span class='ocrx_word' id='word_1_81' title='bbox 763 995 872 1043; x_wconf 90' lang='lat' dir='ltr'>fieri</span> <span class='ocrx_word' id='word_1_82' title='bbox 901 995 1025 1044; x_wconf 84' lang='lat' dir='ltr'>velis</span> <span class='ocrx_word' id='word_1_83' title='bbox 1057 995 1202 1045; x_wconf 90' lang='lat' dir='ltr'>debes</span> <span class='ocrx_word' id='word_1_84' title='bbox 1234 997 1521 1060; x_wconf 87' lang='lat' dir='ltr'>expendere.</span> <span class='ocrx_word' id='word_1_85' title='bbox 1581 996 1761 1060; x_wconf 81' lang='lat' dir='ltr'>incipit</span> <span class='ocrx_word' id='word_1_86' title='bbox 1797 997 1899 1045; x_wconf 88' lang='lat' dir='ltr'>iam</span> 
     </span>
     <span class='ocr_line' id='line_1_11' title="bbox 202 1069 1974 1133; baseline -0.001 -16"><span class='ocrx_word' id='word_1_87' title='bbox 202 1071 420 1118; x_wconf 88' lang='lat' dir='ltr'>tractare</span> <span class='ocrx_word' id='word_1_88' title='bbox 459 1069 607 1133; x_wconf 89' lang='lat' dir='ltr'>quale</span> <span class='ocrx_word' id='word_1_89' title='bbox 646 1069 713 1118; x_wconf 90' lang='lat' dir='ltr'>sit</span> <span class='ocrx_word' id='word_1_90' title='bbox 751 1069 887 1132; x_wconf 89' lang='lat' dir='ltr'>quod</span> <span class='ocrx_word' id='word_1_91' title='bbox 923 1072 1126 1132; x_wconf 89' lang='lat' dir='ltr'>petatur</span> <span class='ocrx_word' id='word_1_92' title='bbox 1172 1072 1222 1118; x_wconf 88' lang='lat' dir='ltr'>et</span> <span class='ocrx_word' id='word_1_93' title='bbox 1260 1071 1349 1133; x_wconf 90' lang='lat' dir='ltr'>qui</span> <span class='ocrx_word' id='word_1_94' title='bbox 1387 1070 1684 1119; x_wconf 89' lang='lat' dir='ltr'>desiderium</span> <span class='ocrx_word' id='word_1_95' title='bbox 1721 1072 1896 1120; x_wconf 83' lang='lat' dir='ltr'>matris</span> <span class='ocrx_word' id='word_1_96' title='bbox 1931 1084 1974 1116; x_wconf 88' lang='lat'>10</span> 
     </span>
     <span class='ocr_line' id='line_1_12' title="bbox 202 1143 1898 1206; baseline 0.001 -15"><span class='ocrx_word' id='word_1_97' title='bbox 202 1143 405 1192; x_wconf 84' lang='lat' dir='ltr'>nolebat</span> <span class='ocrx_word' id='word_1_98' title='bbox 448 1143 637 1206; x_wconf 92' lang='lat' dir='ltr'>inplere</span> <span class='ocrx_word' id='word_1_99' title='bbox 683 1159 802 1192; x_wconf 90' lang='lat' dir='ltr'>usus</span> <span class='ocrx_word' id='word_1_100' title='bbox 850 1146 925 1192; x_wconf 89' lang='lat' dir='ltr'>est</span> <span class='ocrx_word' id='word_1_101' title='bbox 969 1143 1256 1192; x_wconf 89' lang='lat' dir='ltr'>inventione</span> <span class='ocrx_word' id='word_1_102' title='bbox 1301 1144 1533 1206; x_wconf 90' lang='lat' dir='ltr'>mirifica,</span> <span class='ocrx_word' id='word_1_103' title='bbox 1579 1147 1637 1193; x_wconf 90' lang='lat' dir='ltr'>ut</span> <span class='ocrx_word' id='word_1_104' title='bbox 1682 1160 1782 1193; x_wconf 91' lang='lat' dir='ltr'>non</span> <span class='ocrx_word' id='word_1_105' title='bbox 1821 1160 1898 1193; x_wconf 89' lang='lat' dir='ltr'>ar·</span> 
     </span>
     <span class='ocr_line' id='line_1_13' title="bbox 201 1217 1897 1283; baseline 0.001 -18"><span class='ocrx_word' id='word_1_106' title='bbox 201 1217 379 1266; x_wconf 89' lang='lat' dir='ltr'>borum</span> <span class='ocrx_word' id='word_1_107' title='bbox 401 1233 669 1279; x_wconf 90' lang='lat' dir='ltr'>sacrarum,</span> <span class='ocrx_word' id='word_1_108' title='bbox 694 1234 820 1281; x_wconf 88' lang='lat' dir='ltr'>quae</span> <span class='ocrx_word' id='word_1_109' title='bbox 846 1218 1194 1266; x_wconf 84' lang='lat' dir='ltr'>aeternitatem</span> <span class='ocrx_word' id='word_1_110' title='bbox 1215 1218 1547 1280; x_wconf 88' lang='lat' dir='ltr'>merebantur,</span> <span class='ocrx_word' id='word_1_111' title='bbox 1570 1234 1659 1267; x_wconf 90' lang='lat' dir='ltr'>nec</span> <span class='ocrx_word' id='word_1_112' title='bbox 1691 1218 1897 1283; x_wconf 85' lang='lat' dir='ltr'>originis</span> 
     </span>
     <span class='ocr_line' id='line_1_14' title="bbox 202 1292 1898 1357; baseline 0.001 -18"><span class='ocrx_word' id='word_1_113' title='bbox 202 1292 443 1354; x_wconf 82' lang='lat' dir='ltr'>fabricae,</span> <span class='ocrx_word' id='word_1_114' title='bbox 483 1292 569 1340; x_wconf 89' lang='lat' dir='ltr'>sed</span> <span class='ocrx_word' id='word_1_115' title='bbox 605 1293 811 1341; x_wconf 85' lang='lat' dir='ltr'>navium</span> <span class='ocrx_word' id='word_1_116' title='bbox 841 1292 1026 1341; x_wconf 88' lang='lat' dir='ltr'>faceret</span> <span class='ocrx_word' id='word_1_117' title='bbox 1056 1308 1279 1341; x_wconf 85' lang='lat' dir='ltr'>causam:</span> <span class='ocrx_word' id='word_1_118' title='bbox 1323 1308 1351 1341; x_wconf 95' lang='lat' dir='ltr'>o</span> <span class='ocrx_word' id='word_1_119' title='bbox 1383 1292 1628 1357; x_wconf 88' lang='lat' dir='ltr'>genetrix,</span> <span class='ocrx_word' id='word_1_120' title='bbox 1659 1309 1759 1356; x_wconf 89' lang='lat' dir='ltr'>quo</span> <span class='ocrx_word' id='word_1_121' title='bbox 1791 1293 1898 1341; x_wconf 87' lang='lat' dir='ltr'>fata</span> 
     </span>
     <span class='ocr_line' id='line_1_15' title="bbox 130 1365 1898 1428; baseline 0.001 -15"><span class='ocrx_word' id='word_1_122' title='bbox 130 1374 185 1414; x_wconf 86' lang='lat'>95</span> <span class='ocrx_word' id='word_1_123' title='bbox 202 1365 385 1415; x_wconf 81' lang='lat' dir='ltr'>vocas?</span> <span class='ocrx_word' id='word_1_124' title='bbox 448 1368 536 1414; x_wconf 88' lang='lat' dir='ltr'>aut</span> <span class='ocrx_word' id='word_1_125' title='bbox 575 1366 698 1428; x_wconf 91' lang='lat' dir='ltr'>quid</span> <span class='ocrx_word' id='word_1_126' title='bbox 736 1365 899 1428; x_wconf 80' lang='lat' dir='ltr'>petis?</span> <span class='ocrx_word' id='word_1_127' title='bbox 960 1367 1216 1415; x_wconf 75' lang='lat' dir='ltr'>mortaline</span> <span class='ocrx_word' id='word_1_128' title='bbox 1253 1382 1408 1415; x_wconf 91' lang='lat' dir='ltr'>manu</span> <span class='ocrx_word' id='word_1_129' title='bbox 1444 1368 1606 1427; x_wconf 79' lang='lat' dir='ltr'>factae</span> <span class='ocrx_word' id='word_1_130' title='bbox 1642 1367 1898 1415; x_wconf 75' lang='lat' dir='ltr'>inmortale</span> 
     </span>
     <span class='ocr_line' id='line_1_16' title="bbox 203 1441 1972 1500; baseline -0.001 -12"><span class='ocrx_word' id='word_1_131' title='bbox 203 1441 403 1488; x_wconf 87' lang='lat' dir='ltr'>carinae</span> <span class='ocrx_word' id='word_1_132' title='bbox 454 1441 537 1500; x_wconf 76' lang='lat' dir='ltr'>fas</span> <span class='ocrx_word' id='word_1_133' title='bbox 589 1441 834 1488; x_wconf 74' lang='lat' dir='ltr'>habeant?</span> <span class='ocrx_word' id='word_1_134' title='bbox 912 1444 1158 1500; x_wconf 80' lang='lat' dir='ltr'>certusque</span> <span class='ocrx_word' id='word_1_135' title='bbox 1213 1442 1400 1489; x_wconf 86' lang='lat' dir='ltr'>incerta</span> <span class='ocrx_word' id='word_1_136' title='bbox 1443 1441 1671 1500; x_wconf 86' lang='lat' dir='ltr'>pericula</span> <span class='ocrx_word' id='word_1_137' title='bbox 1732 1441 1900 1489; x_wconf 76' lang='lat' dir='ltr'>lustret</span> <span class='ocrx_word' id='word_1_138' title='bbox 1931 1452 1972 1486; x_wconf 84' lang='lat'>15</span> 
     </span>
     <span class='ocr_line' id='line_1_17' title="bbox 201 1512 1897 1577; baseline 0 -15"><span class='ocrx_word' id='word_1_139' title='bbox 201 1512 431 1562; x_wconf 76' lang='lat' dir='ltr'>Aeneas?</span> <span class='ocrx_word' id='word_1_140' title='bbox 499 1515 579 1562; x_wconf 84' lang='lat' dir='ltr'>oui</span> <span class='ocrx_word' id='word_1_141' title='bbox 631 1517 770 1562; x_wconf 89' lang='lat' dir='ltr'>tanta</span> <span class='ocrx_word' id='word_1_142' title='bbox 824 1515 908 1562; x_wconf 85' lang='lat' dir='ltr'>deo</span> <span class='ocrx_word' id='word_1_143' title='bbox 955 1516 1203 1575; x_wconf 86' lang='lat' dir='ltr'>permissa</span> <span class='ocrx_word' id='word_1_144' title='bbox 1247 1516 1498 1574; x_wconf 72' lang='lat' dir='ltr'>potestas?</span> <span class='ocrx_word' id='word_1_145' title='bbox 1566 1515 1664 1576; x_wconf 74' lang='lat' dir='ltr'>vie,</span> <span class='ocrx_word' id='word_1_146' title='bbox 1716 1514 1897 1577; x_wconf 85' lang='lat' dir='ltr'>inquit,</span> 
     </span>
     <span class='ocr_line' id='line_1_18' title="bbox 201 1588 1896 1651; baseline 0.001 -15"><span class='ocrx_word' id='word_1_147' title='bbox 201 1589 382 1649; x_wconf 89' lang='lat' dir='ltr'>mater,</span> <span class='ocrx_word' id='word_1_148' title='bbox 428 1589 647 1636; x_wconf 87' lang='lat' dir='ltr'>fatorum</span> <span class='ocrx_word' id='word_1_149' title='bbox 693 1603 888 1636; x_wconf 88' lang='lat' dir='ltr'>cursum</span> <span class='ocrx_word' id='word_1_150' title='bbox 935 1588 1125 1637; x_wconf 91' lang='lat' dir='ltr'>mutari</span> <span class='ocrx_word' id='word_1_151' title='bbox 1170 1588 1463 1637; x_wconf 79' lang='lat' dir='ltr'>contrariis?</span> <span class='ocrx_word' id='word_1_152' title='bbox 1526 1588 1739 1651; x_wconf 88' lang='lat' dir='ltr'>posuisti</span> <span class='ocrx_word' id='word_1_153' title='bbox 1784 1589 1896 1649; x_wconf 91' lang='lat' dir='ltr'>duo,</span> 
     </span>
     <span class='ocr_line' id='line_1_19' title="bbox 201 1662 1898 1726; baseline 0 -16"><span class='ocrx_word' id='word_1_154' title='bbox 201 1664 414 1724; x_wconf 89' lang='lat' dir='ltr'>utraque</span> <span class='ocrx_word' id='word_1_155' title='bbox 438 1663 656 1711; x_wconf 86' lang='lat' dir='ltr'>fatorum</span> <span class='ocrx_word' id='word_1_156' title='bbox 686 1662 879 1726; x_wconf 84' lang='lat' dir='ltr'>legibus</span> <span class='ocrx_word' id='word_1_157' title='bbox 912 1679 1058 1711; x_wconf 87' lang='lat' dir='ltr'>nexa:</span> <span class='ocrx_word' id='word_1_158' title='bbox 1087 1679 1243 1710; x_wconf 90' lang='lat' dir='ltr'>unum</span> <span class='ocrx_word' id='word_1_159' title='bbox 1272 1665 1331 1710; x_wconf 91' lang='lat' dir='ltr'>ut</span> <span class='ocrx_word' id='word_1_160' title='bbox 1359 1662 1572 1712; x_wconf 86' lang='lat' dir='ltr'>navibus</span> <span class='ocrx_word' id='word_1_161' title='bbox 1604 1663 1898 1711; x_wconf 88' lang='lat' dir='ltr'>decernatur</span> 
     </span>
     <span class='ocr_line' id='line_1_20' title="bbox 202 1736 1897 1799; baseline 0.001 -16"><span class='ocrx_word' id='word_1_162' title='bbox 202 1737 488 1798; x_wconf 88' lang='lat' dir='ltr'>aeternitas,</span> <span class='ocrx_word' id='word_1_163' title='bbox 520 1737 734 1785; x_wconf 90' lang='lat' dir='ltr'>alterum</span> <span class='ocrx_word' id='word_1_164' title='bbox 757 1738 816 1783; x_wconf 91' lang='lat' dir='ltr'>ut</span> <span class='ocrx_word' id='word_1_165' title='bbox 838 1737 1032 1785; x_wconf 89' lang='lat' dir='ltr'>Aeneas</span> <span class='ocrx_word' id='word_1_166' title='bbox 1058 1739 1219 1786; x_wconf 85' lang='lat' dir='ltr'>certus</span> <span class='ocrx_word' id='word_1_167' title='bbox 1245 1736 1420 1785; x_wconf 89' lang='lat' dir='ltr'>subeat</span> <span class='ocrx_word' id='word_1_168' title='bbox 1441 1736 1652 1785; x_wconf 88' lang='lat' dir='ltr'>incerta:</span> <span class='ocrx_word' id='word_1_169' title='bbox 1684 1739 1897 1799; x_wconf 90' lang='lat' dir='ltr'>utraque</span> 
     </span>
     <span class='ocr_line' id='line_1_21' title="bbox 200 1809 1973 1873; baseline -0.002 -15"><span class='ocrx_word' id='word_1_170' title='bbox 200 1809 535 1873; x_wconf 68' lang='lat' dir='ltr'>inpossibilia,</span> <span class='ocrx_word' id='word_1_171' title='bbox 573 1825 692 1858; x_wconf 91' lang='lat' dir='ltr'>nam</span> <span class='ocrx_word' id='word_1_172' title='bbox 728 1810 930 1859; x_wconf 89' lang='lat' dir='ltr'>interire</span> <span class='ocrx_word' id='word_1_173' title='bbox 962 1826 1158 1859; x_wconf 89' lang='lat' dir='ltr'>necesse</span> <span class='ocrx_word' id='word_1_174' title='bbox 1198 1812 1273 1859; x_wconf 87' lang='lat' dir='ltr'>est</span> <span class='ocrx_word' id='word_1_175' title='bbox 1305 1810 1437 1873; x_wconf 91' lang='lat' dir='ltr'>quod</span> <span class='ocrx_word' id='word_1_176' title='bbox 1466 1826 1644 1859; x_wconf 89' lang='lat' dir='ltr'>manus</span> <span class='ocrx_word' id='word_1_177' title='bbox 1682 1811 1896 1859; x_wconf 82' lang='lat' dir='ltr'>hominis</span> <span class='ocrx_word' id='word_1_178' title='bbox 1929 1823 1973 1856; x_wconf 75' lang='lat'>80</span> 
     </span>
     <span class='ocr_line' id='line_1_22' title="bbox 201 1884 1896 1948; baseline 0.001 -16"><span class='ocrx_word' id='word_1_179' title='bbox 201 1884 388 1946; x_wconf 89' lang='lat' dir='ltr'>fecerit,</span> <span class='ocrx_word' id='word_1_180' title='bbox 419 1887 590 1933; x_wconf 88' lang='lat' dir='ltr'>tantus</span> <span class='ocrx_word' id='word_1_181' title='bbox 615 1886 784 1933; x_wconf 89' lang='lat' dir='ltr'>autem</span> <span class='ocrx_word' id='word_1_182' title='bbox 813 1886 888 1932; x_wconf 90' lang='lat' dir='ltr'>est</span> <span class='ocrx_word' id='word_1_183' title='bbox 911 1886 963 1932; x_wconf 90' lang='lat' dir='ltr'>in</span> <span class='ocrx_word' id='word_1_184' title='bbox 988 1884 1291 1933; x_wconf 88' lang='lat' dir='ltr'>discursibus</span> <span class='ocrx_word' id='word_1_185' title='bbox 1315 1884 1653 1948; x_wconf 81' lang='lat' dir='ltr'>navigationis</span> <span class='ocrx_word' id='word_1_186' title='bbox 1678 1887 1896 1945; x_wconf 85' lang='lat' dir='ltr'>eventus,</span> 
     </span>
     <span class='ocr_line' id='line_1_23' title="bbox 201 1958 1898 2022; baseline 0.001 -16"><span class='ocrx_word' id='word_1_187' title='bbox 201 1961 279 2019; x_wconf 90' lang='lat' dir='ltr'>ut,</span> <span class='ocrx_word' id='word_1_188' title='bbox 326 1958 370 2006; x_wconf 91' lang='lat' dir='ltr'>si</span> <span class='ocrx_word' id='word_1_189' title='bbox 412 1958 531 2007; x_wconf 88' lang='lat' dir='ltr'>deus</span> <span class='ocrx_word' id='word_1_190' title='bbox 580 1959 762 2021; x_wconf 88' lang='lat' dir='ltr'>aliquis</span> <span class='ocrx_word' id='word_1_191' title='bbox 810 1959 934 2007; x_wconf 85' lang='lat' dir='ltr'>velit</span> <span class='ocrx_word' id='word_1_192' title='bbox 971 1959 1231 2022; x_wconf 81' lang='lat' dir='ltr'>navigare,</span> <span class='ocrx_word' id='word_1_193' title='bbox 1270 1958 1510 2007; x_wconf 89' lang='lat' dir='ltr'>securitas</span> <span class='ocrx_word' id='word_1_194' title='bbox 1547 1958 1627 2006; x_wconf 88' lang='lat' dir='ltr'>illi</span> <span class='ocrx_word' id='word_1_195' title='bbox 1664 1958 1898 2022; x_wconf 90' lang='lat' dir='ltr'>sponderi</span> 
     </span>
     <span class='ocr_line' id='line_1_24' title="bbox 200 2032 1899 2095; baseline 0 -15"><span class='ocrx_word' id='word_1_196' title='bbox 200 2047 301 2080; x_wconf 92' lang='lat' dir='ltr'>non</span> <span class='ocrx_word' id='word_1_197' title='bbox 338 2032 510 2095; x_wconf 88' lang='lat' dir='ltr'>possit.</span> <span class='ocrx_word' id='word_1_198' title='bbox 586 2034 731 2080; x_wconf 88' lang='lat' dir='ltr'>immo</span> <span class='ocrx_word' id='word_1_199' title='bbox 769 2033 855 2080; x_wconf 87' lang='lat' dir='ltr'>ubi</span> <span class='ocrx_word' id='word_1_200' title='bbox 901 2033 1155 2092; x_wconf 75' lang='lat' dir='ltr'>defunctae</span> <span class='ocrx_word' id='word_1_201' title='bbox 1192 2035 1341 2092; x_wconf 80' lang='lat' dir='ltr'>finem</span> <span class='ocrx_word' id='word_1_202' title='bbox 1369 2036 1637 2093; x_wconf 79' lang='lat' dir='ltr'>portusque</span> <span class='ocrx_word' id='word_1_203' title='bbox 1675 2034 1899 2081; x_wconf 84' lang='lat' dir='ltr'>tenebunt</span> 
     </span>
     <span class='ocr_line' id='line_1_25' title="bbox 101 2104 1897 2168; baseline 0.002 -17"><span class='ocrx_word' id='word_1_204' title='bbox 101 2110 185 2150; x_wconf 90' lang='lat'>100</span> <span class='ocrx_word' id='word_1_205' title='bbox 201 2104 449 2154; x_wconf 85' lang='lat' dir='ltr'>Ausonios</span> <span class='ocrx_word' id='word_1_206' title='bbox 495 2107 629 2162; x_wconf 90' lang='lat' dir='ltr'>olim,</span> <span class='ocrx_word' id='word_1_207' title='bbox 678 2121 1002 2167; x_wconf 79' lang='lat' dir='ltr'>quaecumque</span> <span class='ocrx_word' id='word_1_208' title='bbox 1049 2108 1255 2155; x_wconf 77' lang='lat' dir='ltr'>evaserit</span> <span class='ocrx_word' id='word_1_209' title='bbox 1298 2107 1447 2155; x_wconf 86' lang='lat' dir='ltr'>undis</span> <span class='ocrx_word' id='word_1_210' title='bbox 1485 2107 1897 2168; x_wconf 77' lang='lat' dir='ltr'>Dardaniumque</span> 
     </span>
     <span class='ocr_line' id='line_1_26' title="bbox 201 2180 2050 2240; baseline -0.002 -13"><span class='ocrx_word' id='word_1_211' title='bbox 201 2180 370 2228; x_wconf 81' lang='lat' dir='ltr'>ducem</span> <span class='ocrx_word' id='word_1_212' title='bbox 407 2180 685 2229; x_wconf 89' lang='lat' dir='ltr'>Laurentia</span> <span class='ocrx_word' id='word_1_213' title='bbox 730 2181 910 2229; x_wconf 77' lang='lat' dir='ltr'>vexerit</span> <span class='ocrx_word' id='word_1_214' title='bbox 951 2196 1096 2237; x_wconf 82' lang='lat' dir='ltr'>arva,</span> <span class='ocrx_word' id='word_1_215' title='bbox 1143 2181 1395 2229; x_wconf 77' lang='lat' dir='ltr'>mortalem</span> <span class='ocrx_word' id='word_1_216' title='bbox 1441 2182 1648 2240; x_wconf 75' lang='lat' dir='ltr'>eripiam</span> <span class='ocrx_word' id='word_1_217' title='bbox 1684 2182 1897 2240; x_wconf 81' lang='lat' dir='ltr'>formam</span> <span class='ocrx_word' id='word_1_218' title='bbox 1928 2191 1970 2225; x_wconf 78' lang='lat'>25</span> <span class='ocrx_word' id='word_1_219' title='bbox 2049 2195 2050 2234; x_wconf 68' lang='lat'>3</span> 
     </span>
     <span class='ocr_line' id='line_1_27' title="bbox 199 2252 2050 2315; baseline 0.001 -15"><span class='ocrx_word' id='word_1_220' title='bbox 199 2254 460 2314; x_wconf 69' lang='lat' dir='ltr'>maynique</span> <span class='ocrx_word' id='word_1_221' title='bbox 498 2255 667 2302; x_wconf 87' lang='lat' dir='ltr'>iubebo</span> <span class='ocrx_word' id='word_1_222' title='bbox 707 2255 931 2315; x_wconf 76' lang='lat' dir='ltr'>aequoris</span> <span class='ocrx_word' id='word_1_223' title='bbox 971 2269 1071 2303; x_wconf 88' lang='lat' dir='ltr'>esse</span> <span class='ocrx_word' id='word_1_224' title='bbox 1110 2255 1248 2311; x_wconf 80' lang='lat' dir='ltr'>oleas,</span> <span class='ocrx_word' id='word_1_225' title='bbox 1290 2255 1451 2315; x_wconf 77' lang='lat' dir='ltr'>qualis</span> <span class='ocrx_word' id='word_1_226' title='bbox 1480 2255 1666 2303; x_wconf 85' lang='lat' dir='ltr'>Nereia</span> <span class='ocrx_word' id='word_1_227' title='bbox 1695 2255 1823 2302; x_wconf 87' lang='lat' dir='ltr'>Doto</span> <span class='ocrx_word' id='word_1_228' title='bbox 1855 2258 1899 2302; x_wconf 91' lang='lat' dir='ltr'>et</span> <span class='ocrx_word' id='word_1_229' title='bbox 2049 2252 2050 2271; x_wconf 68' lang='lat'>³</span> 
     </span>
     <span class='ocr_line' id='line_1_28' title="bbox 205 2326 1896 2389; baseline -0.001 -13"><span class='ocrx_word' id='word_1_230' title='bbox 205 2326 416 2376; x_wconf 80' lang='lat' dir='ltr'>Galatea</span> <span class='ocrx_word' id='word_1_231' title='bbox 453 2331 619 2376; x_wconf 82' lang='lat' dir='ltr'>secant</span> <span class='ocrx_word' id='word_1_232' title='bbox 657 2332 963 2389; x_wconf 75' lang='lat' dir='ltr'>spumantem</span> <span class='ocrx_word' id='word_1_233' title='bbox 992 2332 1184 2388; x_wconf 83' lang='lat' dir='ltr'>pectore</span> <span class='ocrx_word' id='word_1_234' title='bbox 1216 2332 1446 2389; x_wconf 76' lang='lat' dir='ltr'>pontum.-</span> <span class='ocrx_word' id='word_1_235' title='bbox 1491 2328 1674 2376; x_wconf 86' lang='lat' dir='ltr'>faciam</span> <span class='ocrx_word' id='word_1_236' title='bbox 1712 2330 1896 2389; x_wconf 87' lang='lat' dir='ltr'>tamen,</span> 
     </span>
     <span class='ocr_line' id='line_1_29' title="bbox 201 2400 1897 2465; baseline 0.001 -17"><span class='ocrx_word' id='word_1_237' title='bbox 201 2400 391 2463; x_wconf 87' lang='lat' dir='ltr'>inquit,</span> <span class='ocrx_word' id='word_1_238' title='bbox 432 2402 565 2464; x_wconf 89' lang='lat' dir='ltr'>quod</span> <span class='ocrx_word' id='word_1_239' title='bbox 602 2405 767 2463; x_wconf 88' lang='lat' dir='ltr'>tuum,</span> <span class='ocrx_word' id='word_1_240' title='bbox 806 2404 987 2463; x_wconf 84' lang='lat' dir='ltr'>mater,</span> <span class='ocrx_word' id='word_1_241' title='bbox 1029 2404 1264 2465; x_wconf 90' lang='lat' dir='ltr'>exuperet</span> <span class='ocrx_word' id='word_1_242' title='bbox 1301 2403 1636 2464; x_wconf 75' lang='lat' dir='ltr'>postulatum,</span> <span class='ocrx_word' id='word_1_243' title='bbox 1675 2404 1735 2450; x_wconf 88' lang='lat' dir='ltr'>ut</span> <span class='ocrx_word' id='word_1_244' title='bbox 1773 2402 1897 2450; x_wconf 90' lang='lat' dir='ltr'>fiant</span> 
     </span>
     <span class='ocr_line' id='line_1_30' title="bbox 202 2475 1894 2539; baseline 0 -16"><span class='ocrx_word' id='word_1_245' title='bbox 202 2475 371 2539; x_wconf 84' lang='lat' dir='ltr'>pelagi</span> <span class='ocrx_word' id='word_1_246' title='bbox 410 2475 528 2524; x_wconf 87' lang='lat' dir='ltr'>deae</span> <span class='ocrx_word' id='word_1_247' title='bbox 568 2491 694 2537; x_wconf 90' lang='lat' dir='ltr'>quae</span> <span class='ocrx_word' id='word_1_248' title='bbox 732 2476 996 2524; x_wconf 89' lang='lat' dir='ltr'>laborandi</span> <span class='ocrx_word' id='word_1_249' title='bbox 1032 2477 1326 2525; x_wconf 86' lang='lat' dir='ltr'>necessitate</span> <span class='ocrx_word' id='word_1_250' title='bbox 1371 2477 1665 2525; x_wconf 89' lang='lat' dir='ltr'>transmissa</span> <span class='ocrx_word' id='word_1_251' title='bbox 1704 2476 1894 2524; x_wconf 90' lang='lat' dir='ltr'>Darda·</span> 
     </span>
     <span class='ocr_line' id='line_1_31' title="bbox 202 2549 2050 2613; baseline -0.001 -17"><span class='ocrx_word' id='word_1_252' title='bbox 202 2549 342 2597; x_wconf 86' lang='lat' dir='ltr'>nium</span> <span class='ocrx_word' id='word_1_253' title='bbox 381 2549 434 2597; x_wconf 88' lang='lat' dir='ltr'>in</span> <span class='ocrx_word' id='word_1_254' title='bbox 471 2549 674 2598; x_wconf 89' lang='lat' dir='ltr'>Italiam</span> <span class='ocrx_word' id='word_1_255' title='bbox 703 2550 930 2598; x_wconf 86' lang='lat' dir='ltr'>iuvenem</span> <span class='ocrx_word' id='word_1_256' title='bbox 964 2566 1109 2599; x_wconf 89' lang='lat' dir='ltr'>cursu</span> <span class='ocrx_word' id='word_1_257' title='bbox 1140 2549 1448 2613; x_wconf 88' lang='lat' dir='ltr'>prosperiore</span> <span class='ocrx_word' id='word_1_258' title='bbox 1479 2551 1815 2613; x_wconf 85' lang='lat' dir='ltr'>pervexerint,</span> <span class='ocrx_word' id='word_1_259' title='bbox 1847 2552 1897 2598; x_wconf 88' lang='lat' dir='ltr'>et</span> <span class='ocrx_word' id='word_1_260' title='bbox 1927 2562 1970 2594; x_wconf 81' lang='lat'>30</span> <span class='ocrx_word' id='word_1_261' title='bbox 2049 2573 2050 2611; x_wconf 64' lang='lat'><em>3</em></span> 
     </span>
     <span class='ocr_line' id='line_1_32' title="bbox 204 2614 2050 2673; baseline 0 -2"><span class='ocrx_word' id='word_1_262' title='bbox 204 2624 270 2671; x_wconf 85' lang='lat' dir='ltr'>sit</span> <span class='ocrx_word' id='word_1_263' title='bbox 307 2623 550 2673; x_wconf 85' lang='lat' dir='ltr'>miraculo</span> <span class='ocrx_word' id='word_1_264' title='bbox 591 2623 820 2672; x_wconf 87' lang='lat' dir='ltr'>omnibus</span> <span class='ocrx_word' id='word_1_265' title='bbox 860 2624 950 2672; x_wconf 89' lang='lat' dir='ltr'>sub</span> <span class='ocrx_word' id='word_1_266' title='bbox 991 2624 1092 2673; x_wconf 89' lang='lat' dir='ltr'>alia</span> <span class='ocrx_word' id='word_1_267' title='bbox 1130 2625 1290 2672; x_wconf 88' lang='lat' dir='ltr'>forma</span> <span class='ocrx_word' id='word_1_268' title='bbox 1321 2624 1463 2672; x_wconf 87' lang='lat' dir='ltr'>navis</span> <span class='ocrx_word' id='word_1_269' title='bbox 1494 2623 1759 2672; x_wconf 86' lang='lat' dir='ltr'>incolumis</span> <span class='ocrx_word' id='word_1_270' title='bbox 1791 2638 1894 2672; x_wconf 87' lang='lat' dir='ltr'>esse</span> <span class='ocrx_word' id='word_1_271' title='bbox 2049 2614 2050 2631; x_wconf 54' lang='lat'><em>³</em></span> 
     </span>
    </p>
   </div>
   <div class='ocr_carea' id='block_1_3' title="bbox 205 2716 561 2723">
    <p class='ocr_par' dir='ltr' id='par_1_3' title="bbox 205 2716 561 2723">
     <span class='ocr_line' id='line_1_33' title="bbox 205 2716 561 2723; baseline 0 0"><span class='ocrx_word' id='word_1_272' title='bbox 205 2716 561 2723; x_wconf 95' lang='lat' dir='ltr'> </span> 
     </span>
    </p>
   </div>
   <div class='ocr_carea' id='block_1_4' title="bbox 202 2778 1896 3130">
    <p class='ocr_par' dir='ltr' id='par_1_4' title="bbox 202 2778 1896 3130">
     <span class='ocr_line' id='line_1_34' title="bbox 322 2778 1893 2835; baseline 0 -14"><span class='ocrx_word' id='word_1_273' title='bbox 322 2783 347 2821; x_wconf 89' lang='lat'>5</span> <span class='ocrx_word' id='word_1_274' title='bbox 386 2780 648 2835; x_wconf 85' lang='lat' dir='ltr'>inpossibile</span> <span class='ocrx_word' id='word_1_275' title='bbox 683 2778 725 2822; x_wconf 94' lang='lat' dir='ltr'><strong>V</strong></span> <span class='ocrx_word' id='word_1_276' title='bbox 765 2780 978 2835; x_wconf 86' lang='lat' dir='ltr'>possibile</span> <span class='ocrx_word' id='word_1_277' title='bbox 1017 2780 1086 2823; x_wconf 88' lang='lat' dir='ltr'>ed.</span> <span class='ocrx_word' id='word_1_278' title='bbox 1211 2785 1236 2823; x_wconf 87' lang='grc'>6</span> <span class='ocrx_word' id='word_1_279' title='bbox 1276 2779 1493 2835; x_wconf 80' lang='lat' dir='ltr'>quoniam</span> <span class='ocrx_word' id='word_1_280' title='bbox 1523 2778 1565 2822; x_wconf 93' lang='lat' dir='ltr'><strong>V</strong></span> <span class='ocrx_word' id='word_1_281' title='bbox 1604 2793 1695 2835; x_wconf 79' lang='lat' dir='ltr'>qua</span> <span class='ocrx_word' id='word_1_282' title='bbox 1731 2779 1784 2823; x_wconf 87' lang='lat' dir='ltr'>in</span> <span class='ocrx_word' id='word_1_283' title='bbox 1823 2778 1893 2822; x_wconf 90' lang='lat' dir='ltr'>ed.</span> 
     </span>
     <span class='ocr_line' id='line_1_35' title="bbox 204 2837 1896 2894; baseline 0.001 -15"><span class='ocrx_word' id='word_1_284' title='bbox 204 2841 257 2879; x_wconf 88' lang='lat'>13</span> <span class='ocrx_word' id='word_1_285' title='bbox 290 2837 494 2891; x_wconf 81' lang='lat' dir='ltr'>fabricae</span> <span class='ocrx_word' id='word_1_286' title='bbox 517 2838 560 2882; x_wconf 91' lang='lat' dir='ltr'><strong>V</strong></span> <span class='ocrx_word' id='word_1_287' title='bbox 590 2843 673 2883; x_wconf 88' lang='lat' dir='ltr'>aut</span> <span class='ocrx_word' id='word_1_288' title='bbox 701 2839 735 2892; x_wconf 79' lang='lat' dir='ltr'>f.</span> <span class='ocrx_word' id='word_1_289' title='bbox 770 2838 841 2882; x_wconf 89' lang='lat' dir='ltr'>ed.</span> <span class='ocrx_word' id='word_1_290' title='bbox 951 2843 1006 2882; x_wconf 85' lang='lat'>14</span> <span class='ocrx_word' id='word_1_291' title='bbox 1037 2839 1133 2892; x_wconf 77' lang='lat' dir='ltr'>fate</span> <span class='ocrx_word' id='word_1_292' title='bbox 1159 2848 1246 2894; x_wconf 82' lang='lat' dir='ltr'>pro</span> <span class='ocrx_word' id='word_1_293' title='bbox 1278 2839 1429 2892; x_wconf 83' lang='lat' dir='ltr'>factae</span> <span class='ocrx_word' id='word_1_294' title='bbox 1452 2837 1505 2881; x_wconf 92' lang='lat' dir='ltr'>V.</span> <span class='ocrx_word' id='word_1_295' title='bbox 1619 2842 1674 2882; x_wconf 80' lang='lat'>15</span> <span class='ocrx_word' id='word_1_296' title='bbox 1705 2851 1896 2882; x_wconf 87' lang='lat' dir='ltr'>carenae</span> 
     </span>
     <span class='ocr_line' id='line_1_36' title="bbox 204 2895 1894 2953; baseline 0.001 -15"><span class='ocrx_word' id='word_1_297' title='bbox 204 2898 272 2951; x_wconf 89' lang='lat' dir='ltr'>(ut</span> <span class='ocrx_word' id='word_1_298' title='bbox 305 2896 438 2953; x_wconf 86' lang='lat' dir='ltr'>solet)</span> <span class='ocrx_word' id='word_1_299' title='bbox 471 2896 526 2940; x_wconf 93' lang='lat' dir='ltr'>V.</span> <span class='ocrx_word' id='word_1_300' title='bbox 650 2901 703 2941; x_wconf 84' lang='grc'>17</span> <span class='ocrx_word' id='word_1_301' title='bbox 736 2898 981 2941; x_wconf 83' lang='lat' dir='ltr'>contrariis</span> <span class='ocrx_word' id='word_1_302' title='bbox 1003 2897 1045 2939; x_wconf 96' lang='lat' dir='ltr'><strong>V</strong></span> <span class='ocrx_word' id='word_1_303' title='bbox 1075 2898 1234 2953; x_wconf 89' lang='lat' dir='ltr'>inepte</span> <span class='ocrx_word' id='word_1_304' title='bbox 1266 2897 1327 2940; x_wconf 88' lang='lat' dir='ltr'>ad</span> <span class='ocrx_word' id='word_1_305' title='bbox 1358 2897 1602 2951; x_wconf 84' lang='lat' dir='ltr'>sequentia</span> <span class='ocrx_word' id='word_1_306' title='bbox 1632 2895 1776 2940; x_wconf 87' lang='lat' dir='ltr'>traxit</span> <span class='ocrx_word' id='word_1_307' title='bbox 1807 2896 1894 2947; x_wconf 62' lang='lat' dir='ltr'>ed„</span> 
     </span>
     <span class='ocr_line' id='line_1_37' title="bbox 203 2955 1893 3012; baseline 0.001 -15"><span class='ocrx_word' id='word_1_308' title='bbox 203 2967 347 3008; x_wconf 86' lang='lat' dir='ltr'>quare</span> <span class='ocrx_word' id='word_1_309' title='bbox 379 2957 614 3001; x_wconf 86' lang='lat' dir='ltr'>contraria</span> <span class='ocrx_word' id='word_1_310' title='bbox 637 2956 825 3012; x_wconf 85' lang='lat' dir='ltr'>scripsit</span> <span class='ocrx_word' id='word_1_311' title='bbox 849 2956 920 3000; x_wconf 90' lang='lat' dir='ltr'>ed.</span> <span class='ocrx_word' id='word_1_312' title='bbox 946 2958 1065 3011; x_wconf 84' lang='lat' dir='ltr'>post.</span> <span class='ocrx_word' id='word_1_313' title='bbox 1161 2961 1214 3000; x_wconf 91' lang='lat'>19</span> <span class='ocrx_word' id='word_1_314' title='bbox 1240 2970 1401 3000; x_wconf 83' lang='lat' dir='ltr'>currus</span> <span class='ocrx_word' id='word_1_315' title='bbox 1424 2955 1466 2998; x_wconf 93' lang='lat' dir='ltr'><strong>V</strong></span> <span class='ocrx_word' id='word_1_316' title='bbox 1490 2956 1578 2999; x_wconf 90' lang='lat' dir='ltr'>edI</span> <span class='ocrx_word' id='word_1_317' title='bbox 1609 2969 1768 3000; x_wconf 84' lang='lat' dir='ltr'>cursus</span> <span class='ocrx_word' id='word_1_318' title='bbox 1792 2955 1893 2999; x_wconf 83' lang='lat' dir='ltr'>edF</span> 
     </span>
     <span class='ocr_line' id='line_1_38' title="bbox 202 3013 1892 3071; baseline -0.001 -14"><span class='ocrx_word' id='word_1_319' title='bbox 202 3019 349 3058; x_wconf 84' lang='lat' dir='ltr'>certus</span> <span class='ocrx_word' id='word_1_320' title='bbox 379 3029 462 3058; x_wconf 85' lang='lat' dir='ltr'>nos</span> <span class='ocrx_word' id='word_1_321' title='bbox 495 3029 600 3058; x_wconf 88' lang='lat' dir='ltr'>cum</span> <span class='ocrx_word' id='word_1_322' title='bbox 632 3015 689 3059; x_wconf 91' lang='lat' dir='ltr'>H.</span> <span class='ocrx_word' id='word_1_323' title='bbox 783 3019 838 3058; x_wconf 86' lang='lat'>20</span> <span class='ocrx_word' id='word_1_324' title='bbox 869 3030 979 3059; x_wconf 89' lang='lat' dir='ltr'>nam</span> <span class='ocrx_word' id='word_1_325' title='bbox 1002 3014 1044 3057; x_wconf 89' lang='lat' dir='ltr'><strong>V</strong></span> <span class='ocrx_word' id='word_1_326' title='bbox 1074 3029 1167 3059; x_wconf 89' lang='lat' dir='ltr'>non</span> <span class='ocrx_word' id='word_1_327' title='bbox 1198 3015 1270 3059; x_wconf 90' lang='lat' dir='ltr'>ed.</span> <span class='ocrx_word' id='word_1_328' title='bbox 1371 3019 1426 3058; x_wconf 85' lang='lat'>30</span> <span class='ocrx_word' id='word_1_329' title='bbox 1451 3015 1735 3071; x_wconf 77' lang='lat' dir='ltr'>prosperiori</span> <span class='ocrx_word' id='word_1_330' title='bbox 1755 3013 1798 3057; x_wconf 89' lang='lat' dir='ltr'><strong>V</strong></span> <span class='ocrx_word' id='word_1_331' title='bbox 1821 3014 1892 3058; x_wconf 91' lang='lat' dir='ltr'>ed.</span> 
     </span>
     <span class='ocr_line' id='line_1_39' title="bbox 205 3073 1236 3130; baseline 0.002 -14"><span class='ocrx_word' id='word_1_332' title='bbox 205 3086 277 3117; x_wconf 90' lang='lat' dir='ltr'>-re</span> <span class='ocrx_word' id='word_1_333' title='bbox 310 3075 381 3129; x_wconf 87' lang='lat' dir='ltr'>(ut</span> <span class='ocrx_word' id='word_1_334' title='bbox 412 3073 531 3118; x_wconf 82' lang='lat' dir='ltr'>solet</span> <span class='ocrx_word' id='word_1_335' title='bbox 554 3074 612 3130; x_wconf 91' lang='lat' dir='ltr'>V)</span> <span class='ocrx_word' id='word_1_336' title='bbox 645 3088 728 3118; x_wconf 84' lang='lat' dir='ltr'>nos</span> <span class='ocrx_word' id='word_1_337' title='bbox 762 3087 823 3118; x_wconf 86' lang='lat' dir='ltr'>an</span> <span class='ocrx_word' id='word_1_338' title='bbox 847 3087 1063 3130; x_wconf 86' lang='lat' dir='ltr'>prospero</span> <span class='ocrx_word' id='word_1_339' title='bbox 1095 3075 1236 3118; x_wconf 81' lang='lat' dir='ltr'>olim?</span> 
     </span>
    </p>
   </div>
   <div class='ocr_carea' id='block_1_5' title="bbox 2047 1329 2050 2193">
    <p class='ocr_par' dir='ltr' id='par_1_5' title="bbox 2047 1329 2050 2193">
     <span class='ocr_line' id='line_1_40' title="bbox 2047 1329 2050 2193; baseline 0 0"><span class='ocrx_word' id='word_1_340' title='bbox 2047 1329 2050 2193; x_wconf 95' lang='lat' dir='ltr'> </span> 
     </span>
    </p>
   </div>
  </div>
 </body>
</html>
