2050 3226
773 191 1079 238 AENEIDOS
1111 191 1175 235 IX
1714 197 1822 250 239

129 333 328 381 duceret
350 347 518 394 causa,
549 333 666 380 ante
695 333 862 381 omnia
892 331 1142 382 clamabat
1172 333 1230 380 ut
1259 334 1464 394 starent,
1495 348 1593 394 quo
1625 333 1822 383 facilius

23 453 29 462 „
127 407 429 455 instruerent
457 407 788 471 ignorantem.
849 423 964 456 cum
993 421 1110 456 vero
1143 406 1384 454 clamaret
1401 405 1621 456 Vulcens
1645 409 1695 456 et
1723 408 1823 456 ista

125 480 422 544 inquireret,
460 480 585 529 nihil
619 480 716 537 illi,
756 481 851 530 hoc
885 484 961 530 est
989 480 1187 528 nullum
1215 480 1294 528 1111
1325 479 1501 528 dedere
1531 496 1823 544 responsum

126 570 216 604 nec
245 555 514 604 voluerunt
543 555 825 616 consistere,
857 555 1094 619 quoniam
1124 554 1224 603 fuit
1251 553 1354 603 illis
1385 554 1589 604 inimica
1613 555 1821 604 cessatio

125 631 177 678 et
205 628 396 677 homini
424 628 754 678 incertissimo
791 645 892 677 non
929 629 1029 678 fuit
1065 644 1226 677 sermo
1263 628 1540 677 reddendus
1573 630 1660 692 qui
1695 629 1823 678 arbi-

123 704 288 752 tratus
337 705 414 752 est
458 704 548 751 aut
591 703 716 751 stari
759 719 904 766 posse
951 706 1043 752 aut
1087 702 1252 752 emitti
1294 718 1589 766 responsum
1634 703 1698 751 ab
1743 703 1823 752 his

125 776 215 841 qui
260 776 503 826 evadendi
548 776 847 827 discriminis
894 793 1047 827 causa
1092 776 1400 840 quaerebant
1444 777 1671 842 fugiendi
1708 778 1822 826 sub-

124 851 323 900 sidium.
385 851 576 900 tendere
613 854 783 900 contra
821 855 864 900 et
894 853 1102 901 celerare
1129 853 1303 913 fuyam
1331 852 1388 900 in
1416 852 1571 900 silvas
1602 855 1646 900 et
1671 852 1823 911 fidere

122 926 273 974 nocti:
316 925 574 975 nutriebat
617 925 919 990 fugientium
967 941 1107 989 spem
1157 925 1377 989 qualitas
1422 926 1521 975 loci
1566 929 1618 975 et
1662 928 1822 975 noctis

123 1002 427 1064 oportunum
463 1002 687 1063 tempus,
733 1017 862 1064 quae
900 1001 1012 1064 ipsa
1056 1001 1112 1048 111
1157 1001 1464 1049 contrarium
1501 1016 1646 1050 versa
1691 1003 1822 1049 sunt.

122 1073 237 1123 inde
285 1075 469 1138 quippe
508 1074 703 1137 decepti
740 1077 860 1123 sunt
895 1075 1028 1124 unde
1067 1090 1119 1123 se
1157 1074 1262 1123 fore
1301 1077 1625 1137 speraverant
1662 1076 1822 1138 tutos3

122 1164 240 1197 nam
284 1149 395 1197 loca
439 1149 700 1212 incognita
746 1165 804 1197 ac
850 1148 1156 1198 densissimis
1203 1148 1266 1198 ab
1304 1148 1525 1198 sentibus
1565 1151 1822 1212 occupata,

121 1223 355 1272 tenebrae
393 1223 555 1272 noctis
593 1226 646 1271 et
681 1223 918 1272 instantis
956 1223 1171 1287 periculi
1205 1225 1367 1271 metus
1401 1224 1473 1272 sic
1503 1239 1677 1273 eorum
1709 1239 1821 1272 con·

122 1298 239 1346 silia
276 1297 627 1359 confuderunt,
663 1300 723 1346 ut
759 1299 811 1346 et
841 1298 1239 1346 discernerentur
1276 1297 1552 1346 abinvicem
1582 1300 1633 1346 et
1672 1314 1822 1361 quam

121 1372 176 1419 in
227 1373 424 1434 partem
469 1371 670 1420 tendere
717 1371 1003 1421 debuissent
1046 1370 1242 1420 turbati
1292 1371 1553 1420 nescirent.
1628 1373 1822 1420 interea

124 1445 538 1495 considerandum
575 1448 652 1495 est
690 1446 938 1509 quomodo
977 1447 1190 1495 istorum
1235 1461 1472 1508 personas
1518 1462 1610 1509 pro
1658 1449 1821 1495 aetate

120 1522 270 1582 poeta
309 1519 647 1583 descripserit3
685 1519 787 1569 alia
825 1519 958 1569 enim
995 1520 1135 1569 dedit
1169 1519 1294 1570 Niso
1333 1520 1544 1570 consilia
1582 1520 1670 1584 qui
1698 1524 1823 1570 natu

122 1594 289 1643 fuerat
310 1593 485 1658 maior,
502 1595 604 1644 alia
618 1594 842 1658 Euryalo
867 1594 927 1643 de
945 1611 1045 1658 quo
1070 1610 1223 1658 supra
1240 1595 1367 1642 dixit
1382 1588 1542 1661 (181)
1557 1611 1677 1657 „ora
1696 1612 1823 1658 puer

120 1669 283 1732 prima
320 1670 525 1733 signans
562 1670 764 1718 intonsa
799 1668 1059 1718 iuventa“.
1117 1669 1270 1718 Nisus
1309 1669 1570 1717 consilium
1603 1670 1823 1732 repperit

47 1754 90 1787 20
121 1758 221 1805 quo
254 1742 319 1792 ad
342 1742 547 1792 Aenean
577 1744 641 1792 iri
663 1744 926 1806 potuisset,
955 1743 1110 1792 Nisus
1135 1744 1314 1792 ducere
1337 1743 1616 1807 Euryalum
1641 1743 1821 1805 noluit,

120 1816 275 1866 Nisus
306 1816 433 1865 dixit
462 1817 686 1881 Euryalo
715 1820 776 1867 ut
805 1820 1004 1867 caveret
1032 1834 1095 1866 ne
1127 1817 1237 1882 quis
1270 1833 1301 1866 a
1330 1820 1472 1883 tergo
1505 1817 1819 1881 inprudentis

119 1891 399 1954 invaderet,
429 1891 581 1941 Nisus
621 1891 750 1940 dixit
786 1892 1149 1954 „absistamus‚
1187 1908 1305 1941 nam
1341 1892 1428 1940 lux
1465 1891 1670 1940 inimica
1707 1909 1820 1955 pro·

119 1964 388 2028 pinquat‘ss
436 1966 589 2015 Nisus
638 1966 765 2015 1111111
809 1967 932 2015 tulit
971 1966 1104 2029 quod
1142 1969 1317 2029 postea
1353 1966 1494 2015 fieret
1542 1966 1820 2028 adversum,

119 2039 273 2089 Nisus
313 2040 472 2088 evasit
507 2039 561 2087 in
594 2041 722 2090 silva
753 2042 805 2089 et
832 2041 1074 2104 inplesset
1102 2041 1310 2102 factum,
1348 2041 1390 2090 si
1422 2041 1633 2103 Euryali
1663 2042 1819 2104 capti-

46 2124 90 2158 115
119 2115 250 2162 vitas
275 2129 375 2162 non
400 2113 659 2163 extiffisset.
717 2117 890 2164 contra
914 2115 1136 2178 Euryalo
1161 2130 1273 2178 spes
1296 2130 1497 2179 magna,
1521 2115 1607 2164 sed
1630 2115 1819 2178 puerile

120 2187 406 2250 consilium,
445 2190 610 2236 totum
646 2189 841 2238 fervens
881 2192 931 2238 et
967 2189 1335 2238 inmoderatum
1373 2205 1432 2238 ac
1461 2190 1583 2238 leve.
1646 2192 1819 2238 contra

119 2261 297 2310 Rutuli
336 2261 456 2325 quid
493 2263 683 2312 fuerint
719 2263 884 2312 moliti
921 2263 1200 2312 videamus:
1251 2264 1464 2312 obiciunt
1502 2265 1680 2323 equites
1717 2277 1819 2312 sese

121 2337 188 2384 ad
224 2337 435 2385 divortia
472 2340 589 2385 nota
624 2337 738 2385 hinc
775 2341 916 2397 atque
951 2338 1064 2386 hinc
1100 2351 1380 2399 omnemque
1409 2338 1598 2386 aditum
1629 2338 1819 2386 custode
1835 2340 1922 2381 380

121 2414 376 2459 coronant.-
411 2413 687 2474 potuerunt
714 2412 847 2460 inter
874 2411 1024 2460 initia
1053 2411 1310 2461 aestimari
1339 2411 1399 2460 de
1429 2427 1635 2460 numero
1667 2411 1819 2459 fuisse

48 2494 91 2527 ³0
120 2484 423 2533 Rutulorum
463 2501 676 2548 quorum
714 2485 859 2550 galea
896 2485 1129 2548 fulserat,
1176 2487 1264 2535 sed
1302 2501 1414 2535 cum
1452 2486 1688 2534 Vchenti
1718 2500 1817 2532 non

120 2558 301 2608 fuisset
335 2575 651 2622 responsum,
681 2559 990 2609 intellectum
1022 2562 1097 2609 est
1125 2560 1283 2610 hostis
1316 2575 1420 2609 esse
1453 2575 1603 2623 quam
1637 2559 1816 2608 sociost

242 2718 267 2758 3
298 2715 480 2759 nullum
508 2716 583 2760 illi
604 2715 646 2759 V
677 2717 750 2760 illi
784 2729 874 2760 0111.
907 2716 979 2760 ed.
1101 2721 1128 2761 8
1159 2717 1279 2760 m7zil
1307 2717 1382 2760 illi
1411 2714 1622 2759 lemmati
1654 2717 1817 2757 contra

121 2773 312 2829 interpr.
355 2774 575 2830 praefixit
620 2775 692 2819 ed.
752 2776 756 2832 Ι
822 2780 864 2820 et
904 2777 1098 2821 celerare
1132 2775 1175 2820 V
1216 2776 1295 2820 sed
1336 2789 1373 2819 c.
1412 2774 1550 2830 Verg.
1589 2772 1700 2816 libri
1742 2773 1815 2816 ed.

124 2837 178 2876 12
213 2834 271 2877 ab
300 2834 504 2879 sentibus
541 2847 630 2878 0111.
666 2833 910 2890 sequentia
946 2837 1123 2879 temere
1159 2836 1274 2878 mut.
1311 2834 1382 2878 ed.
1507 2837 1561 2876 14
1600 2832 1816 2886 confude-

120 2897 296 2936 runt—
311 2893 562 2938 abinvicem
605 2907 770 2950 corrup
773 2894 813 2938 it
854 2894 925 2938 ed.
978 2895 982 2952 ἱ
1039 2895 1366 2939 discerneretur
1403 2891 1445 2935 V
1488 2897 1672 2936 -rentur
1717 2905 1814 2935 nos.

124 2954 178 2994 26
210 2956 351 2996 totum
374 2951 417 2994 V
446 2957 626 3054 &dmum
658 2953 729 2997 ed.
847 2957 902 2997 29
935 2954 1190 2998 existimari
1220 2953 1292 2996 ed.
1408 2955 1460 2994 31
1494 2965 1584 2996 esse
1614 2964 1750 3007 quam
1773 2950 1815 2994 V

122 3023 157 3053 e.
182 3011 340 3066 potius
370 3024 410 3067 q.
443 3024 467 3055 0

7 3058 22 3226 mu*
15 2966 18 2972 ν
