2050 3226
224 179 333 232 240
697 177 929 222 DONATI
959 177 1241 222 INTERPR.
1267 177 1444 222 VERG.

223 317 430 380 proinde
490 318 672 366 notitia
724 319 946 367 locorum
997 318 1231 366 instructi
1291 317 1577 366 clauserunt
1629 317 1914 366 custodibus

222 391 400 440 silvam
440 393 491 440 et
529 391 696 439 omnia
733 393 842 440 loca
879 407 969 454 per
1007 407 1134 454 quae
1174 391 1319 440 evadi
1353 391 1597 454 potuisset
1633 394 1914 440 tenuerunt.

222 466 350 514 silva
385 466 484 526 fuit
521 466 614 514 late
651 467 814 514 dumis
846 469 987 525 atque
1024 466 1132 513 ilice
1161 466 1307 526 niqra
1337 466 1558 523 horrida,
1600 481 1747 528 Quam
1778 466 1916 514 densi

222 540 504 600 conpleranl
538 540 752 599 undique
789 543 965 596 senteS,
1005 554 1128 587 rara
1161 553 1251 599 per
1279 540 1483 588 occultos
1513 540 1717 588 ducebat
1743 540 1915 588 semita

223 614 391 662 calles:
437 615 563 662 situs
604 613 758 662 silvae
804 613 858 660 in
894 614 1094 661 tantum
1133 613 1448 675 describitur,
1486 616 1546 662 ut
1582 615 1711 662 nihil
1749 629 1916 676 super·
1969 629 1990 664 5

221 687 376 735 fluum
420 689 611 749 teneat,
657 688 750 736 hoc
796 687 952 751 exigit
990 687 1249 736 brevitatis
1287 687 1440 750 rati03
1486 689 1539 736 id
1578 688 1709 736 enim
1755 688 1917 736 solum

221 761 401 810 habere
441 761 586 810 debet
623 761 756 824 quod
786 761 910 811 Niso
946 763 997 809 et
1028 762 1249 824 Euryalo
1288 762 1449 810 facere
1479 764 1648 824 posset
1678 778 1915 824 errorem3

223 838 385 884 cetera
423 851 538 884 vero
579 835 827 898 descripta
848 852 965 884 vnon
1004 837 1122 883 sunt
1161 851 1290 897 quae
1320 836 1519 900 negotio
1549 852 1649 884 non
1681 837 1934 900 congrue?

166 932 170 934 ·
222 909 355 958 bant.
427 911 555 958 silva
598 909 756 974 igitur
803 911 1046 972 occupata
1092 909 1314 958 sentibus
1361 910 1462 958 fuit
1508 926 1598 972 per
1641 911 1917 959 inmensam

222 983 540 1032 latitudinem
578 983 725 1045 fusiS‚
770 983 968 1032 ilicibus
1007 984 1184 1048 nigris,
1230 983 1440 1033 ramosis
1481 987 1531 1032 et
1569 985 1742 1047 spissis
1780 986 1916 1032 tene·
1949 1002 1992 1034 10

221 1057 390 1118 brosa,
428 1059 487 1105 ut
524 1059 723 1120 praeter
760 1058 1117 1106 obscuritatem
1147 1059 1307 1106 noctis
1347 1059 1472 1107 alias
1505 1060 1628 1107 atris
1658 1058 1915 1107 frondibus

223 1132 324 1180 suis
364 1132 591 1181 tenebras
632 1131 847 1180 adderet.
917 1148 1033 1180 rara
1079 1149 1168 1194 per
1214 1133 1432 1181 occultos
1481 1132 1692 1181 ducebat
1740 1132 1918 1181 semita

223 1207 394 1268 calles;
434 1205 653 1254 difficilis
692 1206 933 1255 transitus
973 1208 1024 1254 et
1061 1207 1210 1269 plena
1240 1205 1626 1270 investigatione
1663 1205 1916 1268 quaesitus

221 1281 353 1328 inter
385 1283 622 1344 angustos
654 1281 803 1328 calles
835 1283 1035 1343 poterat
1066 1280 1286 1343 reperiri.
1348 1281 1496 1330 calles
1531 1280 1652 1343 quid
1682 1280 1784 1329 sint
1811 1280 1918 1343 ipse

222 1356 372 1417 poeta
403 1355 655 1417 exposuit3
694 1355 805 1403 viae
838 1355 1021 1418 quippe
1055 1357 1174 1403 sunt
1212 1357 1542 1419 perangustae
1580 1355 1711 1403 inter
1743 1354 1992 1403 dumos'15

224 1444 350 1491 quae
374 1428 457 1477 vix
481 1428 752 1477 admittant
773 1429 1117 1477 transiturum.
1159 1429 1255 1476 duo
1278 1428 1434 1493 igitur
1457 1429 1694 1491 subsidia,
1718 1429 1920 1478 videndi

223 1502 411 1552 scilicet
457 1504 606 1565 atque
653 1503 935 1566 gradiendi,
987 1503 1291 1567 fugientibus
1342 1503 1658 1567 negabantur
1711 1505 1760 1551 et
1808 1504 1920 1565 ipsa

224 1576 571 1625 describendae
611 1577 766 1625 silvae
804 1577 970 1626 fuerat
1008 1593 1180 1639 causa3
1226 1593 1315 1640 per
1359 1578 1480 1626 haec
1530 1578 1662 1625 enim
1700 1578 1920 1639 separati

224 1653 342 1699 sunt
373 1653 460 1714 qui
490 1667 590 1698 non
629 1650 902 1700 debuerant
934 1651 1147 1700 discerni
1185 1654 1235 1699 et
1272 1651 1465 1700 ultimis
1505 1651 1763 1714 suppliciis
1796 1651 1918 1699 dari.

222 1725 401 1788 incipit
437 1725 540 1772 iam
580 1724 919 1788 deceptionem.
956 1726 1120 1788 ipsam
1152 1725 1325 1775 dicere.
1385 1726 1668 1786 Euryalum
1698 1726 1919 1773 tenebrae
1950 1741 1994 1773 20

122 1802 206 1843 385
223 1814 475 1847 ramorum
506 1813 800 1859 onerosaque
824 1800 1015 1860 praeda
1036 1800 1293 1859 inpediunt
1313 1800 1535 1861 fallitque
1557 1801 1699 1847 timor
1728 1800 1919 1860 reqione

224 1874 443 1921 viarum:
481 1889 582 1922 non
605 1874 791 1936 praeda
812 1873 1090 1936 inpediunt,
1123 1873 1359 1936 quoniam
1386 1873 1655 1937 singularis
1686 1888 1918 1921 numerus

225 1948 410 2010 plurali
446 1947 591 2011 iungi
628 1964 726 1996 non
766 1947 954 2011 potuit,
994 1948 1080 1996 sed
1109 1964 1363 1997 ramorum
1393 1948 1622 1997 tenebrae
1653 1950 1704 1996 et
1733 1948 1919 2010 praeda

224 2020 546 2084 inpediebant
602 2022 772 2086 fugere
831 2021 1112 2085 cupientem
1165 2022 1425 2071 accedente
1475 2022 1627 2070 etiam
1677 2038 1733 2070 eo
1786 2021 1919 2085 quod

225 2098 410 2143 terrore
461 2096 611 2144 simul
660 2098 710 2144 et
759 2097 981 2145 locorum
1028 2096 1343 2160 ignoratione
1399 2097 1630 2145 confusus
1681 2111 1778 2159 quo
1824 2097 1920 2143 iter
1951 2109 1994 2142 25

225 2170 449 2217 tenderet
486 2170 750 2218 nesciebat.
818 2171 976 2218 Nisus
1014 2171 1140 2229 abit‚·
1177 2171 1370 2230 iamque
1403 2171 1670 2231 inprudens
1701 2172 1922 2218 evaserat

225 2244 373 2291 hostis
419 2247 561 2302 alque
606 2243 729 2292 locos
768 2246 851 2303 qm·
887 2248 1004 2304 post
1038 2243 1197 2292 Albae
1239 2245 1296 2292 de
1333 2245 1527 2292 nomine
1565 2245 1680 2292 dieti
1716 2243 1917 2300 Albani,

226 2321 328 2365 tum
357 2331 442 2365 rea
472 2318 667 2365 stabula
699 2319 801 2366 alta
824 2319 1040 2366 Latinus
1062 2319 1290 2366 habebat.-
1319 2318 1493 2379 NisuS,
1526 2319 1613 2380 qui
1635 2318 1774 2365 nullo
1798 2333 1919 2380 pon·

227 2390 356 2440 deris
394 2390 731 2454 inpedimento
770 2394 1044 2454 teneretur,
1091 2392 1290 2441 adiutus
1328 2393 1655 2455 prosperitate
1693 2390 1919 2452 fortuita,

228 2466 394 2514 omnia
424 2464 670 2527 inpedita,
703 2465 820 2513 dum
850 2466 1027 2528 nescit,
1060 2468 1232 2516 evasit.
1293 2470 1346 2514 ut
1384 2467 1509 2514 stetit
1543 2469 1585 2513 et
1613 2468 1804 2527 frustra
1835 2466 1917 2514 ab·
1951 2479 1994 2511 so

348 2641 372 2679 2
400 2638 657 2693 potuissent
687 2635 757 2679 ed.
862 2641 887 2679 3
919 2637 1108 2681 horrida
1139 2637 1373 2680 Donatum
1405 2638 1566 2680 contra
1589 2638 1789 2680 metrum
1815 2650 1919 2680 cum

229 2697 332 2740 ilice
374 2695 653 2752 coniungere
694 2696 832 2750 putat
874 2695 1086 2752 Hoppius
1124 2711 1169 2752 p.
1192 2699 1266 2750 39,
1308 2696 1418 2751 quia
1455 2697 1646 2740 ramosis
1683 2701 1724 2739 et
1761 2696 1921 2750 spissis

230 2755 582 2810 interpretatur:
618 2754 700 2798 sed
732 2753 939 2797 dubitari
970 2757 1139 2810 potest.
1242 2759 1270 2798 4
1301 2755 1492 2799 ducebat
1523 2756 1586 2810 (et
1617 2755 1755 2811 infra)
1781 2753 1822 2797 V
1845 2754 1916 2799 ed.

232 2814 287 2857 cf.
322 2814 444 2858 Serv.
567 2818 620 2857 12
649 2827 732 2870 per
761 2814 947 2858 occultis
970 2814 1012 2857 V
1037 2828 1149 2858 corr.
1177 2814 1246 2857 ed.
1369 2819 1423 2857 14
1454 2814 1586 2858 callis
1616 2814 1726 2869 quid
1755 2814 1817 2858 sit
1846 2813 1917 2857 ed.

234 2877 286 2915 16
319 2875 562 2917 transitum
594 2873 664 2916 ed.
787 2877 844 2916 24
881 2874 1151 2928 impediebat
1182 2874 1252 2917 ed.
1304 2873 1308 2917 Ι
1366 2873 1642 2917 accedentem
1666 2872 1708 2916 V
1739 2878 1805 2917 -te
1835 2886 1918 2916 nos

233 2932 290 2975 cf.
341 2936 409 2986 10,
439 2936 493 2976 63
549 2932 786 2976 accedebat
831 2931 901 2975 ed.
961 2932 964 2990 Ῑ
1023 2934 1158 2976 etiam
1205 2946 1254 2976 eo
1300 2931 1342 2975 V
1393 2933 1527 2976 timor
1579 2932 1799 2987 interpos.
1846 2931 1916 2975 ed.

234 2995 287 3033 27
321 2992 437 3036 locos
460 2991 501 3034 V
533 2992 661 3036 lacus
692 2991 762 3035 ed.
887 2995 942 3034 30
975 2992 1296 3047 impedimenta
1327 2990 1398 3034 ed.
