2050 3226
235 202 307 255 84
707 198 941 243 DONATI
970 198 1251 242 INTERPR.
1276 198 1457 243 VERG.

235 338 472 402 spexisse‚
513 355 623 387 cum
657 338 1009 387 mandatorum
1047 354 1291 387 summam
1328 337 1548 387 traderet
1583 339 1787 400 Furiae,
1826 356 1925 388 non

235 413 437 461 admisit
468 413 658 474 oblata,
698 413 784 461 sed
822 417 994 461 contra
1031 412 1301 475 respondit.
1370 416 1609 461 terrorum
1647 417 1691 461 et
1726 415 1927 474 fraudis

235 488 428 536 abunde
476 491 565 535 est:
615 486 759 548 satiS,
807 486 995 550 inquit,
1041 487 1231 535 factum
1278 488 1353 535 est
1401 486 1566 535 animo
1611 503 1743 549 me0,
1790 490 1927 536 extat

235 563 500 624 conpetens
547 563 707 609 terror
745 563 795 610 et
833 562 1037 624 superat
1081 560 1273 609 fraudis
1320 561 1602 623 inventum,
1650 560 1782 624 quod
1822 563 1926 609 tur-

233 635 409 684 bandis
440 635 585 683 rebus
617 635 784 683 fuerat
812 634 1154 684 necessarium.
1207 638 1339 683 stant
1361 635 1471 683 belli
1495 650 1694 692 causae,
1726 636 1820 683 1100
1852 638 1928 684 est

167 717 171 720 '
232 710 411 758 idonea
449 710 570 758 belli
607 709 931 758 fundamenta
970 710 1276 772 constructa3
1313 708 1412 757 nisi
1447 725 1710 758 causarum
1741 710 1926 773 quippe

235 783 518 832 substantia
554 783 740 832 bellum
779 784 918 832 nasci
955 799 1055 832 non
1093 784 1282 846 potuit,
1322 782 1558 846 quoniam
1597 783 1925 833 dissensiones

234 874 400 907 omnes
442 860 492 906 et
522 857 731 906 discidia
763 873 1010 922 emergere
1043 859 1194 920 atque
1226 857 1405 906 exoriri
1433 873 1533 906 non
1563 861 1794 920 possunt,
1828 858 1927 907 nisi

232 932 464 995 primitus
525 931 745 980 extiterit
806 932 941 995 quod
1003 931 1318 980 concordiam
1377 934 1593 994 rumpat.
1669 936 1928 993 puynatur

234 1007 500 1055 comminus
524 1007 702 1054 armis:
731 1006 932 1069 plenum
955 1005 1143 1054 bellum
1167 1008 1242 1055 est
1273 1021 1386 1054 cum
1408 1005 1609 1054 venitur
1632 1006 1697 1054 ad
1726 1021 1927 1068 manus;

234 1080 307 1129 ait
345 1080 475 1128 enim
515 1080 738 1143 superius
778 1083 928 1142 poeta
966 1080 1231 1141 „derexere
1279 1080 1431 1141 acies,
1477 1095 1576 1127 non
1621 1080 1724 1127 iam
1771 1083 1926 1129 certa·

231 1156 364 1203 mine
404 1155 611 1219 agresti,
651 1153 908 1217 stipitibus
949 1153 1083 1202 duris
1132 1154 1301 1218 agitur
1355 1153 1619 1203 sudibusve
1664 1155 1927 1216 praeustiS,

233 1229 318 1277 sed
356 1229 487 1276 ferro
522 1228 730 1291 ancipiti
761 1228 1053 1288 decernunt,
1094 1230 1304 1291 atraque
1335 1229 1437 1277 late
1467 1228 1708 1277 horrescit
1739 1228 1927 1278 strictis

233 1318 373 1366 seges
405 1301 656 1352 ensibus“.
731 1304 791 1350 ut
827 1302 1061 1365 probaret
1104 1303 1307 1365 plenum
1352 1304 1638 1366 susceptum
1683 1318 1787 1351 esse
1827 1318 1926 1351 cer-

232 1380 401 1425 tamen
441 1378 590 1438 atque
628 1378 687 1424 ut
724 1377 777 1424 in
817 1393 873 1424 eo
912 1377 1021 1439 ipso
1053 1376 1234 1425 Furiae
1272 1375 1502 1425 laudaret
1541 1376 1764 1438 effectus,
1806 1393 1926 1439 quo-

231 1451 368 1499 niam
397 1450 510 1513 ipsa
539 1450 733 1499 Allecto
767 1451 959 1499 dixerat
989 1450 1432 1513 „quandoquidem
1461 1450 1684 1499 Ausonio
1714 1452 1928 1514 respersi

233 1526 474 1589 sanguine
522 1525 733 1573 Teucros
745 1523 787 1586 “‚
833 1525 959 1573 Iuno
1006 1526 1123 1574 huic
1168 1525 1277 1574 loco
1323 1525 1600 1588 respondit:
1654 1539 1778 1584 quae
1822 1526 1928 1584 fors

222 1600 395 1659 prima
440 1599 590 1656 dedit,
642 1600 847 1660 sanquis
885 1614 1034 1647 novos
1071 1600 1246 1647 imbuit
1283 1614 1447 1655 arma,
1501 1598 1594 1647 11οο
1643 1601 1740 1660 est,
1793 1598 1927 1662 quod

234 1672 451 1735 optabile
491 1674 611 1734 fuit,
648 1673 763 1720 inde
803 1675 879 1721 est
910 1674 1082 1722 datum
1118 1673 1322 1722 initium
1359 1671 1504 1721 malis
1539 1672 1671 1721 unde
1703 1672 1814 1720 dari
1845 1673 1926 1720 de·

130 1757 215 1796 555
232 1747 358 1795 buit.
435 1747 558 1795 talia
597 1748 822 1808 coniuyia
861 1751 904 1795 et
940 1748 1054 1796 talis
1094 1748 1325 1796 celebrent
1360 1747 1647 1808 hymenaeos
1686 1748 1927 1808 eyreyiwm

242 1821 442 1869 Veneris
462 1835 615 1881 yenus
648 1824 691 1869 et
718 1835 804 1869 rex
834 1822 938 1881 ipse
961 1822 1202 1870 Latinus:
1232 1821 1370 1882 talia,
1399 1820 1581 1883 inquit,
1604 1823 1724 1870 vota
1746 1821 1927 1869 habere

234 1894 373 1959 digni
411 1897 527 1943 sunt
565 1894 652 1957 qui
690 1895 885 1944 faciunt
916 1895 1050 1958 quod
1089 1895 1156 1944 sit
1193 1894 1324 1945 votis
1362 1896 1484 1943 meis
1518 1896 1782 1958 animoque
1814 1910 1926 1943 con-

233 1970 455 2017 trarium.
526 1973 568 2017 te
617 1983 765 2029 super
815 1970 1054 2018 aetherias
1108 1983 1274 2018 errare
1327 1969 1547 2017 licentius
1601 1984 1755 2018 aumas
1807 1970 1929 2018 haut

224 2046 370 2103 pater
399 2043 480 2090 ille
510 2043 641 2099 velit,
681 2045 862 2091 summi
894 2047 1122 2104 reynator
1155 2042 1372 2104 Olympi:
1411 2043 1544 2105 quod
1573 2044 1706 2092 ultro
1730 2043 1927 2092 Allecto

234 2117 484 2165 obtulerat
513 2133 574 2165 ne
605 2116 855 2165 videretur
885 2117 1010 2166 Iuno
1043 2117 1302 2167 fastidiose
1336 2118 1607 2180 respuisse,
1645 2117 1772 2165 dixit
1802 2117 1924 2166 duas

234 2206 430 2240 causas:
469 2191 773 2253 superfluum
797 2193 894 2253 est,
932 2193 1121 2255 inquit,
1162 2191 1296 2254 quod
1317 2192 1465 2240 rebus
1495 2191 1698 2253 inpletis
1732 2191 1924 2239 adicere

234 2263 430 2327 quaeris
470 2267 813 2328 augmentum,
861 2267 911 2312 et
948 2267 998 2314 te
1038 2265 1224 2314 diutius
1263 2266 1346 2313 hic
1384 2266 1623 2314 remorari
1660 2265 1926 2314 molestum

234 2341 331 2401 est3
369 2355 468 2387 non
508 2339 639 2386 enim
678 2339 771 2387 1100
801 2341 969 2400 potest
999 2339 1227 2403 Iuppiter
1259 2340 1429 2401 aequis
1470 2338 1648 2387 animis
1680 2339 1830 2401 ferre,
1867 2341 1926 2387 ut

231 2412 442 2461 ulterius
467 2428 646 2475 supera
669 2414 883 2462 tenearis
915 2414 969 2461 in
1000 2413 1124 2475 luce,
1148 2414 1318 2476 itaque
1350 2413 1459 2462 cede
1491 2413 1629 2460 locis:
1667 2428 1767 2461 non
1799 2412 1926 2460 dixit

232 2490 288 2535 tu
334 2486 459 2535 vade
505 2487 642 2547 hinc,
693 2487 779 2534 sed
821 2487 936 2534 cede
983 2490 1187 2550 propter
1230 2486 1363 2536 Iovis
1410 2501 1694 2549 personam,
1742 2488 1829 2549 qui
1867 2503 1925 2535 ex

234 2560 428 2609 diutina
467 2560 850 2609 commoratione
882 2560 1063 2609 Furiae
1101 2563 1300 2624 poterat
1337 2561 1557 2624 graviter
1595 2561 1798 2622 offendi,
1835 2576 1925 2608 nec

233 2634 331 2683 fuit
367 2634 574 2695 iniuria,
612 2633 655 2682 si
691 2632 874 2682 diceret
911 2635 1110 2696 potiori.
1180 2649 1282 2697 eqo,
1322 2635 1367 2682 si
1405 2648 1502 2694 qua
1539 2647 1686 2693 super
1722 2635 1925 2694 fortuna

354 2780 379 2818 6
410 2776 504 2819 nisi
527 2773 569 2817 V
591 2775 689 2819 sine
713 2774 783 2818 ed.
877 2778 902 2817 9
928 2776 1171 2820 concordia
1186 2775 1228 2820 V
1246 2789 1359 2819 corr.
1378 2774 1448 2818 ed.
1543 2778 1596 2817 11
1623 2774 1826 2818 direxere
1851 2774 1921 2817 ed.

236 2838 290 2876 16
314 2834 463 2889 ipsam
486 2835 643 2878 allecto
659 2832 702 2875 V
719 2847 832 2876 corr.
851 2833 922 2876 ed.
1011 2839 1063 2877 18
1087 2848 1224 2879 novos
1243 2833 1285 2876 V
1310 2847 1391 2878 -us
1414 2833 1485 2878 ed.
1570 2837 1626 2876 20
1650 2834 1866 2890 coniugia
1881 2832 1923 2875 V

234 2893 461 2936 connubia
492 2892 562 2936 ed.
657 2896 711 2936 23
744 2893 938 2937 aethere-s·
968 2891 1021 2935 V.
1116 2898 1171 2937 24
1202 2894 1280 2938 ille
1311 2892 1353 2936 V
1383 2894 1479 2950 ipse
1510 2891 1579 2935 ed.
1619 2891 1623 2950 Ι
1665 2904 1836 2936 summo
1867 2891 1922 2935 V.

235 2955 291 2994 28
330 2965 471 3007 aequo
509 2953 663 2996 animo
702 2950 772 2995 ed.
895 2955 950 2995 29
989 2953 1142 3008 itaque
1181 2966 1268 2996 om.
1302 2952 1372 2996 ed.
1426 2952 1431 3010 Ι
1481 2951 1596 2996 disci
1626 2950 1667 2994 V
1699 2951 1820 2995 dimit
1850 2950 1922 2994 ed.

235 3014 291 3053 30
322 3015 374 3054 tu
403 3010 517 3055 vade
547 3010 589 3054 V
621 3011 698 3055 abi
729 3010 800 3054 ed.
924 3014 978 3053 32
1005 3012 1159 3067 potior
1191 3011 1261 3054 ed.

1959 1018 2002 1050 10

1959 1392 2001 1426 15

1958 1764 2002 1796 20

1957 2131 1999 2165 25

1956 2500 2002 2533 30
