2050 3226
207 180 315 234 398
682 177 916 223 DONATI
945 178 1226 223 INTERPR.
1251 178 1432 224 VERG.

206 333 446 381 prospera
483 317 632 367 simul
663 320 714 367 et
744 318 953 368 adversa
974 318 1260 382 proposuit,
1300 320 1539 382 quoniam
1568 318 1756 368 habent
1783 319 1906 368 11666

205 392 395 441 incerta
423 392 690 454 bellorum,
722 392 808 441 sed
838 395 1007 441 tamen
1032 392 1274 442 desiderio
1304 408 1405 441 non
1428 393 1650 455 vivendi,
1682 393 1768 442 sed
1797 393 1903 442 vin-

205 465 407 515 dicandi
435 467 611 515 filium.
663 467 785 515 haec
814 469 976 530 primo
1008 466 1270 516 constituit
1300 483 1430 531 quae
1461 467 1694 531 cupiebat
1721 467 1905 531 inpleri

205 542 528 603 secutumque
567 542 643 590 est
673 540 807 603 quod
841 543 1042 604 poterat
1078 556 1182 591 esse
1223 543 1526 591 contrarium
1564 557 1773 604 cumque
1811 542 1904 591 1106

203 614 371 677 ipsum
403 615 607 676 diceret,
647 614 844 664 addidit
873 614 1117 664 solacium
1145 615 1301 679 ipsius
1329 617 1534 666 eventus
1569 615 1784 666 adversi:
1817 618 1905 665 61113
1958 626 1989 663 5·

154 754 157 757 ·
203 689 554 750 remeabimus,
599 689 789 751 inquit,
834 689 1039 754 gloriosi
1075 692 1192 754 post
1228 690 1419 739 factum
1457 692 1507 739 et
1551 690 1626 738 fili
1659 689 1759 738 mei
1798 689 1904 739 vin-

204 763 480 812 dicabimus
514 764 726 811 mortem
757 765 846 812 aut
876 763 973 812 erit
1002 764 1144 813 nobis
1175 765 1361 827 perisse
1391 764 1699 813 beneficium.
1752 778 1904 824 neque

203 838 354 894 enim,
402 837 685 897 fortissime,
730 838 890 895 crede,
938 839 1079 887 iussa
1117 837 1283 888 aliena
1313 839 1425 900 pati
1462 843 1505 887 et
1542 839 1762 887 dominos
1799 838 1902 900 diq—

203 912 383 960 nabere
415 912 651 960 Teucros:
688 928 848 974 neque
887 915 1020 961 enim
1058 913 1266 977 dignum
1305 915 1381 962 est
1417 915 1476 962 ut
1512 914 1565 961 in
1603 914 1903 976 potestatem

202 985 436 1034 hostilem
466 985 637 1035 venias
670 987 722 1033 et
751 987 939 1036 servias
973 987 1188 1035 Teucris
1238 1003 1552 1051 prosperum,
1584 990 1642 1036 ut
1672 987 1903 1049 diximus,
1934 999 1978 1032 10

202 1060 372 1122 posuit
409 1061 460 1108 et
499 1060 786 1122 adversum,
837 1061 923 1110 sed
960 1061 1091 1110 falsa
1129 1077 1216 1125 spe
1253 1062 1308 1109 in
1347 1061 1447 1110 alio
1487 1061 1666 1110 ductus
1704 1063 1803 1123 est,
1848 1062 1903 1109 in

202 1133 361 1182 altero
392 1134 711 1199 praesagium
740 1136 969 1198 protulit.
1016 1152 1134 1185 nam
1166 1136 1253 1198 qui
1282 1135 1391 1184 fieri
1420 1137 1588 1198 potuit
1618 1137 1676 1183 ut
1705 1135 1902 1184 Aeneae

200 1223 380 1257 manus
427 1208 716 1258 debilitatus
769 1209 1002 1259 evaderet
1041 1210 1127 1273 qui
1164 1209 1287 1258 bene
1326 1209 1516 1259 valenti
1554 1225 1758 1272 corpore
1796 1211 1904 1258 tam

200 1282 423 1346 graviter
452 1282 620 1346 potuit
641 1283 927 1333 vulnerari?
967 1283 1105 1332 aliud
1127 1286 1319 1346 tamen,
1355 1284 1489 1347 quod
1519 1283 1771 1348 praesagii
1793 1284 1901 1333 1060

203 1357 472 1420 conplexus
513 1359 610 1419 est,
650 1358 847 1420 accidit3
886 1374 1003 1407 nam
1042 1361 1252 1421 uterque
1290 1359 1344 1407 in
1384 1358 1597 1408 6661111ᾱο
1632 1359 1902 1408 certamine
1933 1369 1975 1403 15

197 1431 495 1481 ceciderunt.

318 1506 462 1554 Dixit
508 1509 551 1554 et
595 1510 817 1567 exceptus
864 1510 992 1568 teryo
1039 1510 1266 1555 consueta
1305 1507 1479 1555 locavit
1514 1507 1756 1555 membra:
1801 1521 1902 1554 11011

200 1580 328 1628 dixit
375 1579 621 1645 ascendit,
672 1579 910 1644 quoniam
955 1581 1049 1629 hoc
1097 1581 1259 1629 facere
1309 1596 1408 1628 non
1457 1580 1646 1643 potuit,
1697 1579 1783 1629 sed
1821 1597 1899 1629 ex-

198 1656 374 1717 ceptus
414 1657 490 1702 est
527 1655 718 1717 inquit,
757 1657 818 1703 ut
849 1654 1129 1704 ostenderet
1160 1671 1219 1702 ex
1257 1654 1509 1717 superiore
1548 1655 1656 1703 loco
1695 1654 1749 1702 in
1782 1653 1901 1718 equi

198 1730 342 1792 terga
388 1744 492 1778 6666
539 1730 839 1793 susceptum.
915 1743 1187 1788 manusque
1233 1730 1405 1778 ambas
1453 1729 1631 1777 iaculis
1680 1729 1901 1777 oneravit
1930 1741 1974 1773 20

197 1803 379 1851 acutis:
426 1805 671 1866 quantum
714 1803 945 1851 timorem
983 1803 1293 1866 procedentis
1333 1803 1596 1865 expressit,
1637 1804 1746 1865 qui,
1786 1818 1898 1851 cum

199 1891 251 1925 se
303 1876 583 1926 adverteret
632 1877 820 1926 viribus
872 1878 1064 1940 parvis,
1115 1877 1284 1926 ambas
1335 1892 1512 1925 manus
1563 1876 1676 1925 telis
1723 1877 1896 1925 multis

199 1952 251 1998 et
301 1952 459 1999 acutis
512 1953 760 2012 oneravit,
811 1951 959 2014 quasi
1007 1953 1231 2000 cessante
1282 1951 1563 2000 substantia
1613 1950 1895 2000 dimicantis

198 2024 413 2072 telorum
465 2023 603 2089 rigor
657 2029 747 2074 aut
798 2041 1032 2074 numerus
1086 2026 1280 2073 hostem
1341 2040 1574 2088 superare
1627 2026 1894 2088 potuisset!

200 2112 311 2146 aere
349 2102 496 2158 eaput
542 2099 735 2160 falyens
775 2101 1015 2160 cristaque
1057 2100 1276 2148 hirsutas
1322 2101 1522 2160 equina.-
1572 2099 1695 2162 quid
1745 2098 1896 2147 debili
1927 2109 1969 2143 25

199 2172 432 2235 prodesse
484 2175 653 2234 posset
703 2175 791 2222 aut
840 2175 1040 2238 fulgens
1090 2174 1236 2238 galea
1286 2176 1375 2222 aut
1421 2176 1618 2222 saetosa
1664 2188 1694 2221 a
1733 2173 1894 2236 capite

94 2252 182 2293 870
200 2245 385 2295 crista?
448 2247 519 2294 sic
557 2261 755 2295 carswm
791 2248 846 2295 in
884 2248 1065 2296 medios
1103 2248 1312 2308 rapidus
1350 2248 1503 2296 dedit:
1541 2246 1656 2309 equi
1695 2262 1893 2295 cursum

199 2323 252 2368 in
289 2320 478 2369 medios
519 2320 675 2383 dedit,
714 2337 814 2368 non
853 2337 1012 2370 suum,
1089 2325 1280 2370 aestuat
1316 2322 1488 2383 inqens
1524 2336 1622 2369 ano
1660 2322 1715 2368 in
1754 2321 1892 2369 corde

194 2395 358 2455 pudor
409 2395 649 2454 mioetoque
700 2396 903 2444 insania
957 2396 1111 2444 luctu:
1165 2395 1395 2458 exposuit
1448 2411 1535 2444 cur
1587 2395 1772 2442 dictum
1826 2394 1893 2443 sit

199 2484 399 2517 cursum
436 2468 640 2532 rapidus
681 2468 839 2531 dedit3
879 2468 1072 2518 duobus
1111 2471 1243 2518 enim
1282 2469 1436 2518 animi
1473 2468 1688 2517 motibus
1728 2471 1891 2517 aestu·
1923 2480 1965 2512 30

199 2542 340 2602 abat,
380 2542 605 2605 1111110116,
645 2542 765 2605 quia
802 2542 1060 2592 invenerat
1097 2543 1355 2592 fortiorem
1394 2545 1445 2592 et
1475 2542 1614 2592 cuius
1653 2543 1891 2591 virtutem

322 2704 344 2742 1
370 2699 586 2755 quoniam
601 2697 643 2741 V
667 2712 783 2755 quae
809 2698 881 2742 ed.
975 2703 1030 2742 10
1054 2699 1313 2744 hostilemV
1334 2699 1529 2744 hostium
1552 2698 1623 2742 ed.
1719 2702 1770 2742 11
1797 2699 1890 2743 alio

200 2758 241 2801 V
272 2758 414 2802 altero
445 2758 517 2802 ed.
611 2761 665 2801 13
698 2759 748 2802 be
777 2758 949 2802 valenti
971 2757 1013 2801 V
1039 2759 1324 2814 praevalenti
1347 2758 1417 2802 ed.
1512 2761 1567 2800 15
1589 2758 1771 2813 utrique
1794 2757 1887 2801 ed.:

199 2822 384 2872 uterque
415 2817 588 2860 codicis
618 2830 711 2860 non
741 2817 939 2871 mutavi,
973 2831 1257 2873 quamquam
1284 2818 1400 2861 Don.
1425 2816 1542 2860 talia
1572 2816 1741 2859 vitiosa
1773 2815 1889 2860 dicit

202 2881 271 2930 11,
299 2881 396 2919 145.
483 2880 538 2919 18
569 2876 803 2921 abscendit
824 2875 877 2919 V.
972 2880 1025 2919 19
1059 2878 1162 2933 equi
1185 2891 1292 2934 erya
1313 2875 1357 2919 V
1386 2881 1406 2920 t
1436 2888 1659 2930 superscr.
1684 2888 1808 2918 man.
1831 2875 1885 2919 Π.

201 2939 258 2978 24
288 2936 413 2991 riyor
436 2934 478 2977 V
508 2936 634 2992 viyor
666 2935 735 2978 ed.
859 2939 914 2978 25
947 2935 1086 2979 debili
1113 2935 1154 2979 V
1184 2935 1417 2980 debilitato
1449 2934 1520 2978 ed.
1649 2939 1703 2978 26
1742 2939 1888 2979 saetos

199 2996 379 3049 acapite
406 2993 444 3037 V
475 2999 620 3038 setosa
651 2995 702 3038 in
733 3007 768 3038 c.
803 2993 873 3037 ed.
997 2998 1052 3037 28
1084 3008 1176 3039 ωηο
1199 2994 1242 3038 V
1271 2995 1361 3038 imo
1393 2993 1463 3038 ed.
