2050 3226
764 203 1068 264 AENEmos
1100 218 1164 262 IX
1707 222 1808 275 191

38 371 42 402 ῑ
119 375 309 409 003311111
354 358 582 408 tenebras
631 359 818 421 campis
863 358 1163 406 incumbere.
1238 359 1291 406 in
1329 358 1615 421 inperfectis
1654 360 1814 408 maior

118 449 311 497 semper
349 436 425 482 est
452 435 634 495 terror,
671 433 799 481 illud
837 434 970 482 enim
1009 433 1142 495 quod
1171 431 1275 480 iam
1306 433 1497 495 accepit
1527 434 1715 482 statum
1754 433 1813 481 de

43 550 45 556 .
117 508 419 571 perfectione
457 509 624 570 potest
660 507 842 555 habere
890 506 1188 570 dispositum
1235 506 1479 569 animum,
1524 506 1653 555 illud
1697 523 1812 555 vero

119 583 254 645 quod
285 581 446 631 adhuc
475 583 529 629 in
561 581 843 645 augmentis
874 582 950 629 est
980 583 1031 630 et
1059 581 1272 630 habetur
1300 582 1546 630 incertum
1575 582 1628 628 in
1668 597 1815 644 quem

117 656 321 706 modum
358 671 624 705 evasurum
663 657 731 704 sit
767 655 881 718 plus
920 657 1074 703 terret
1113 670 1266 719 quam
1303 671 1498 705 necesse
1538 658 1625 704 est.
1678 656 1814 703 deni·

119 747 216 793 que
266 731 459 778 malum
506 729 657 791 illud,
708 730 842 792 quod
892 731 963 778 sic
1011 746 1100 791 per
1147 731 1402 779 momenta
1447 729 1717 791 crescebat,
1757 732 1817 778 ut

117 806 278 868 primo
316 805 370 852 in
408 804 613 852 modum
650 803 861 852 nubium
899 803 1195 868 glomeratio
1234 805 1418 865 taetra,
1466 804 1644 852 dehinc
1682 806 1816 852 tene·

116 879 234 927 brae
283 895 385 927 non
435 895 670 943 agrorum
721 879 957 942 angusta,
1009 878 1094 927 sed
1144 893 1344 941 campos
1383 878 1613 942 obtegere
1652 894 1815 926 cerne-

35 951 37 954 ’
117 957 314 1014 rentur,
353 953 570 1001 addebat
606 954 846 1000 terrorem
882 951 1209 1001 intuentibus
1265 954 1465 1012 primus
1503 954 1565 1001 ab
1606 953 1815 1001 adversa
1834 962 1888 1001 35

118 1028 388 1076 conclamat
423 1027 545 1075 mole
578 1025 782 1075 Caicus:
822 1026 1031 1075 adversa
1069 1026 1195 1074 dixit
1223 1026 1354 1074 unde
1386 1027 1553 1076 videre
1584 1029 1817 1090 poterant

29 1115 33 1119 ·
119 1101 207 1165 qui
248 1103 422 1150 contra
475 1101 755 1150 veniebant.
843 1101 1036 1163 primus
1089 1099 1287 1162 Caicus,
1339 1102 1472 1163 quod
1525 1103 1655 1150 esset
1707 1102 1815 1150 loco

118 1177 392 1238 superiore,
431 1177 482 1224 et
518 1175 647 1224 vidit
685 1177 736 1222 et
773 1175 1030 1224 nuntiavit
1067 1174 1233 1223 dicens
1279 1176 1423 1223 haec:
1477 1177 1587 1235 quis
1629 1175 1814 1236 ylobnS,

24 1310 25 1316 1
118 1265 144 1298 0
185 1251 330 1306 cives,
372 1250 578 1311 caliyine
615 1250 826 1297 volvitur
864 1250 1010 1297 atra?
1061 1249 1182 1308 ferte
1220 1250 1302 1297 citi
1337 1250 1547 1309 ferram,
1581 1249 1692 1298 date
1722 1250 1817 1298 tela

22 1340 26 1349 ·
119 1327 162 1371 et
198 1325 416 1372 scandite
460 1338 648 1379 muros,
695 1324 845 1371 hostis
891 1323 1047 1379 adest,
1087 1323 1226 1371 heia!
1307 1323 1361 1370 in
1400 1340 1501 1371 una
1548 1324 1817 1387 eademque

20 1393 87 1444 ⁴1⁶

118 1413 330 1460 persona
353 1398 537 1447 diversi
559 1399 764 1446 extitere
787 1399 1056 1459 tractatus3
1079 1397 1363 1446 videntibus
1388 1397 1571 1460 quippe
1589 1398 1817 1446 Troianis

118 1472 341 1534 nihilque
381 1472 748 1534 suspicantibus
787 1471 909 1519 mali
948 1471 1112 1520 solum
1149 1472 1344 1533 profuit
1375 1470 1579 1520 Caicum
1618 1473 1817 1533 vidisse,

24 1581 26 1587 ·
119 1546 206 1608 qui
242 1547 431 1609 primus
469 1547 692 1594 hostium
729 1545 976 1594 intellexit
1014 1545 1306 1607 adventum,
1354 1548 1405 1594 et
1448 1549 1619 1594 tamen
1667 1548 1819 1594 etiam

22 1634 27 1678 3
117 1621 224 1683 ipse
265 1621 335 1669 sic
374 1635 574 1669 exorsus
614 1622 710 1682 est,
748 1622 808 1668 ut
845 1620 1088 1668 fateretur
1126 1635 1177 1668 se
1216 1621 1377 1683 primo
1426 1620 1679 1682 dubitare,
1724 1621 1818 1669 hoo

22 1703 24 1705 ’
119 1697 195 1743 est
248 1695 382 1757 quod
430 1694 575 1758 quasi
629 1695 942 1758 interrogans
997 1695 1196 1742 locutus
1244 1696 1321 1743 est
1371 1695 1482 1757 quis
1534 1694 1733 1758 globus,
1788 1711 1816 1743 0

20 1764 90 1832 {no

120 1770 274 1830 cives,
314 1769 527 1833 caligine
566 1769 788 1818 volvitur
826 1767 970 1816 atra?
1030 1768 1118 1816 ubi
1151 1769 1320 1817 nullus
1351 1768 1599 1817 intellexit
1628 1769 1817 1817 nullus-

22 1848 29 1867 ‘
121 1858 215 1904 que
253 1843 531 1905 respondit,
569 1844 677 1905 ipse
707 1858 908 1891 rursum
940 1843 1231 1892 confirmato
1265 1842 1429 1890 animo
1463 1843 1537 1891 ait
1566 1843 1691 1892 ferte
1731 1844 1820 1891 citi

48 2150 90 2184 25

120 1917 328 1978 sermm,
378 1916 492 1965 date
542 1917 645 1965 tela
695 1919 746 1964 et
794 1917 1017 1966 scandite
1063 1932 1246 1965 muros.
1324 1917 1631 1966 subnectitur
1669 1933 1819 1966 causa

121 1991 359 2053 faciendi,
411 1990 570 2039 hostis
626 1990 788 2052 adest,
843 1993 993 2053 atque
1048 1994 1106 2040 ut
1154 1994 1349 2039 mature
1399 1991 1560 2052 fieret,
1613 1993 1820 2040 accessit

119 2065 340 2113 hortatio
380 2066 431 2112 et
469 2064 656 2113 dictum
696 2067 771 2113 est
807 2065 934 2113 heia.
994 2066 1128 2114 hunc
1166 2066 1330 2113 locum
1367 2081 1503 2113 more
1543 2081 1632 2115 suo
1671 2067 1820 2128 poeta

122 2141 351 2187 executus
403 2141 500 2200 est3
547 2139 600 2186 in
649 2138 726 2187 his
778 2140 910 2187 enim
961 2155 1088 2202 quae
1137 2139 1324 2188 habent
1363 2139 1587 2202 aliquam
1626 2142 1818 2203 pertur-

121 2212 373 2261 bationem
425 2214 588 2275 primo
643 2212 764 2261 dicit
816 2212 1067 2275 facienda,
1130 2213 1306 2261 dehinc
1368 2213 1523 2262 adicit
1574 2215 1820 2262 rationem

121 2290 326 2350 propter
357 2303 509 2349 quam
542 2286 722 2334 debent
750 2286 881 2348 fieri,
913 2289 969 2334 ut
998 2289 1051 2334 in
1084 2289 1263 2350 quarto
1294 2287 1421 2336 libro
1447 2281 1608 2355 (573)
1640 2305 1817 2351 „prae-

123 2361 298 2423 cipites
347 2361 578 2424 vigilate,
628 2361 745 2421 viri,
798 2363 848 2409 et
897 2361 1137 2410 considite
1186 2362 1441 2423 transtriS,
1490 2362 1668 2411 solvite
1708 2362 1818 2410 vela

23 2476 29 2496 ,
123 2435 169 2483 01
196 2434 269 2482 '“:
299 2451 408 2484 ecce
441 2435 568 2483 dixit
598 2435 732 2497 quod
761 2450 852 2496 pro
883 2451 1049 2482 rerum
1078 2437 1371 2484 necessitate
1401 2436 1509 2484 fieri
1548 2436 1818 2496 debuisset3

22 2523 27 2565 ς
123 2508 298 2557 dehinc
344 2509 562 2558 ostendit
614 2508 850 2557 iussionis
901 2524 1019 2557 suae
1067 2511 1336 2571 rationem,
1383 2509 1593 2572 „deus“‚
1640 2510 1818 2572 inquit,

125 2584 358 2644 „aethere
396 2584 576 2632 missus
610 2583 672 2631 ab
706 2583 808 2631 alto
840 2583 1076 2631 festinare
1108 2584 1281 2648 fugam
1310 2586 1568 2647 tortosque
1601 2583 1816 2631 incidere

124 2743 230 2782 ante
260 2752 344 2782 nos
375 2737 432 2782 cf.
460 2744 500 2793 1,
519 2742 618 2782 254.
689 2752 871 2784 excessu
895 2738 966 2782 ed.
1059 2744 1084 2783 2
1116 2745 1285 2784 statum
1308 2739 1351 2782 V
1373 2741 1527 2783 statim
1552 2739 1624 2782 ed.
1709 2744 1736 2782 4
1767 2740 1818 2782 in

124 2811 254 2853 quem
276 2797 319 2840 V
350 2812 478 2854 quem
509 2798 572 2842 ad
603 2811 627 2842 e
666 2834 674 2843 .
779 2802 804 2841 9
836 2798 1067 2843 addebant
1088 2797 1131 2841 V
1155 2799 1226 2843 ed.
1268 2800 1271 2857 1
1323 2812 1514 2842 errorem
1538 2798 1580 2841 V
1605 2811 1718 2841 corr,
1745 2798 1816 2841 ed.

25 2884 38 2910 ,¹
127 2859 182 2898 10
213 2857 364 2901 videre
387 2862 604 2912 poterant
625 2857 668 2900 V
698 2871 737 2901 v.
764 2862 948 2913 poterat
978 2857 1049 2901 ed.
1081 2858 1228 2902 videri
1253 2862 1498 2914 poterant?
1601 2862 1651 2900 11
1687 2858 1818 2914 lonyo

23 2921 58 2986 L·
125 2913 169 2956 V
199 2916 328 2972 lonye
359 2916 431 2959 ed.
464 2917 560 2961 loco
589 2930 673 2960 nos
706 2916 764 2961 cf.
799 2920 840 2970 5,
866 2920 964 2959 193.
1089 2921 1142 2960 12
1182 2918 1411 2972 superiore
1435 2915 1476 2957 V
1507 2917 1713 2972 superior
1744 2917 1816 2960 ed.

129 2977 185 3016 14
223 2979 263 3018 et
299 2975 504 3019 scandite
544 2975 750 3031 itemque
794 2975 843 3019 in
884 2975 1075 3031 interpr.
1109 2975 1150 3019 V
1191 2982 1233 3019 et
1272 2975 1358 3018 del.
1394 2974 1510 3018 edF.
1568 2975 1575 3033 1
1630 2976 1703 3019 eia
1745 2975 1816 3019 ed.

24 3023 41 3095 'J
129 3036 186 3075 24
216 3038 281 3077 est
311 3047 400 3077 om.
425 3034 496 3078 ed.
