2050 3226
765 253 1069 300 AENEmos
1101 254 1164 298 1x
1707 257 1810 311 197

122 403 334 447 inserere
373 398 445 458 et,
489 397 550 444 ut
586 395 771 444 maiore
817 395 912 443 fide
953 393 1265 455 consisteret,
1311 393 1424 443 vult
1460 392 1620 442 videri
1657 394 1813 442 Musis

122 470 504 536 suggerentibus
542 469 768 532 posuisse
806 470 1083 518 veritatem.
1142 468 1322 530 incipit
1362 468 1465 516 iam
1502 467 1645 530 loqui
1682 467 1814 530 quod

50 582 67 613 f
122 546 282 595 veluti
332 545 504 593 Musae
556 545 763 608 rogatae
818 543 1106 592 docuerunt.
1197 546 1406 602 tempore
1455 556 1547 601 quo
1593 543 1815 602 primwm
1832 552 1888 593 80

120 620 338 682 Phryqia
374 619 622 679 formabat
665 618 720 665 in
763 617 865 666 Ida
901 615 1098 666 Aeneas
1143 617 1346 665 classem
1385 619 1427 664 et
1458 616 1624 677 pelayi
1652 619 1816 676 petere

71 706 91 738 ⁶
122 694 226 742 alta
254 694 475 754 parabat
514 693 626 753 ipsa
657 692 800 740 deum
828 692 986 751 fertur
1012 691 1229 752 yenetrix
1258 690 1552 752 Berecyntia
1580 705 1817 751 maynum

6 778 37 838 αῖ,
121 768 317 816 vocibus
361 767 438 815 his
484 766 661 826 adfata
705 766 894 814 Iovem:
947 768 1144 828 tempus
1192 766 1242 813 et
1286 764 1453 813 locum
1491 766 1542 813 et
1579 779 1815 827 personas

14 841 42 886 ’ζ
122 843 172 891 et
218 858 325 890 rem
372 841 564 904 posuit,
619 840 796 903 quibus
849 841 1119 889 maximam
1170 838 1429 888 relationis
1478 838 1627 886 fidem
1675 838 1816 900 fecit3

7 949 10 963 .
61 954 65 955 γ
121 918 242 964 tunc
279 915 412 964 enim
449 931 623 964 verum
661 914 943 964 ostenditur
979 914 1191 975 factum,
1237 929 1350 962 cum
1395 912 1578 962 dicitur
1616 913 1816 975 quando

121 989 341 1039 extiterit
379 993 429 1038 et
467 988 556 1037 ubi
594 990 644 1036 et
683 989 861 1052 quibus
901 987 1250 1036 adnitentibus.
1315 987 1496 1050 Itaque
1527 987 1818 1035 memoriam

120 1063 288 1128 tangit
323 1063 461 1112 illius
500 1064 738 1126 temporis
779 1079 876 1126 quo
914 1077 1225 1127 regressurus
1257 1061 1451 1111 Aeneas
1491 1078 1550 1109 ex
1587 1061 1818 1110 litoribus

122 1139 318 1202 patriae
369 1154 487 1187 suae
536 1138 743 1201 navigia
790 1136 1146 1201 praeparabat,
1198 1137 1328 1185 sicut
1376 1137 1430 1183 in
1476 1136 1638 1198 prima
1675 1138 1818 1199 parte

121 1212 260 1262 tertii
289 1212 407 1261 libri
440 1206 523 1278 (5)
560 1211 748 1260 dictum
787 1214 863 1260 est
900 1211 1243 1274 „classemque
1283 1209 1374 1259 sub
1412 1211 1526 1272 ipsa
1555 1209 1818 1259 Antandro

123 1289 174 1335 et
217 1286 467 1351 Phrygiae
512 1286 747 1335 molimur
783 1285 1034 1334 montibus
1081 1283 1254 1333 Idae“.
1327 1299 1426 1332 non
1472 1287 1641 1347 posset
1687 1285 1819 1333 enim

122 1361 220 1409 nisi
258 1360 470 1411 navibus
501 1361 696 1424 fugere,
734 1375 863 1422 quae
893 1359 1004 1423 ipso
1036 1362 1258 1422 tempore
1290 1374 1391 1406 non
1421 1359 1637 1407 fuerunt.
1693 1358 1820 1406 dixit

121 1438 341 1498 tempuS,
373 1434 500 1483 dixit
529 1435 695 1484 locum
725 1437 775 1483 et
805 1434 1019 1497 speciem
1049 1433 1174 1482 facti
1197 1435 1247 1482 et
1270 1432 1396 1480 dixit
1426 1433 1574 1496 plena
1606 1434 1820 1481 auctori-

122 1511 249 1572 tate,
287 1509 546 1558 manifeste
584 1508 715 1557 enim
753 1508 1015 1557 constabat
1053 1507 1256 1556 Aenean
1294 1508 1502 1571 navigia
1536 1506 1820 1556 fabricasse,

123 1583 210 1632 ubi
241 1584 306 1632 ad
337 1599 445 1632 eam
473 1585 669 1646 partem
699 1583 837 1631 venit
868 1598 996 1646 quae
1028 1583 1082 1630 in
1114 1582 1250 1630 caelo
1283 1583 1335 1630 et
1363 1582 1496 1629 inter
1531 1581 1647 1630 deos
1680 1584 1821 1646 gesta

124 1657 393 1719 dicebatur,
426 1657 499 1706 ait
527 1659 640 1720 ipsa
664 1657 812 1706 deum
835 1657 994 1706 fertur
1018 1657 1243 1721 genetrix
1264 1655 1562 1719 Berecyntia
1584 1672 1821 1720 magnum

123 1732 326 1781 vocibus
366 1731 443 1781 his
484 1732 658 1781 adfata
696 1732 886 1780 Iovem:
938 1732 1061 1780 haec
1101 1730 1210 1793 quis
1252 1729 1478 1779 audivit?
1534 1730 1667 1793 quiS,
1707 1746 1820 1778 cum

125 1807 420 1867 dicerentur,
450 1804 713 1855 interfuit?
760 1806 872 1868 quis
905 1805 1130 1854 ascendit
1160 1803 1388 1853 caelum?
1434 1804 1515 1853 vel
1546 1804 1659 1867 quis
1690 1804 1820 1865 inde,

124 1883 182 1929 ut
229 1881 456 1941 referret,
511 1879 796 1929 descendit?
858 1880 987 1928 solas
1041 1879 1212 1928 Musas
1266 1893 1528 1942 possumus
1586 1878 1822 1927 arbitrari

122 1954 400 2003 insinuasse
430 1954 669 2018 Vergilio,
701 1955 753 2002 et
782 1955 1022 2016 quoniam
1052 1953 1204 2002 etiam
1235 1954 1307 2002 sic
1337 1955 1536 2015 poterat
1567 1952 1823 2002 aestimari

124 2029 422 2090 fabulosum,
446 2029 520 2077 ait
542 2030 654 2092 ipsa
678 2028 824 2076 deum
848 2029 1009 2076 fertur
1032 2027 1258 2092 genetrix
1273 2028 1568 2090 Berecyntia
1583 2043 1820 2092 magnum

123 2102 328 2153 vocibus
359 2102 436 2151 his
469 2102 643 2151 adfata
672 2102 857 2151 Iovem.
918 2103 1090 2163 fertur,
1121 2102 1303 2165 inquit,
1334 2103 1503 2150 locuta
1542 2102 1606 2150 ad
1635 2102 1820 2163 Iovem,

124 2178 369 2226 incertum
407 2177 595 2240 posuit,
627 2176 747 2239 quia
776 2192 948 2225 verum
980 2176 1096 2226 sciri
1125 2192 1226 2225 non
1255 2177 1435 2239 potuit.
1493 2176 1616 2224 haec
1654 2178 1822 2224 autem

124 2251 278 2300 fuisse
327 2253 669 2300 memorantur
712 2250 865 2299 verba
921 2251 1246 2314 postulantis:
1322 2250 1410 2307 da,
1462 2254 1595 2306 nate,
1638 2251 1821 2310 petenti

124 2324 157 2387 [
155 2325 281 2386 quod
327 2329 414 2374 tua
459 2340 578 2374 cara
619 2339 804 2384 parens
850 2325 1025 2373 domito
1072 2328 1115 2374 te
1151 2325 1310 2385 poscit
1359 2323 1590 2386 Olympo]
1597 2342 1613 2372 .·
1665 2325 1821 2372 mixta

127 2399 278 2448 dictio
331 2400 517 2449 habens
573 2399 923 2448 auctoritatem
976 2399 1174 2460 matris,
1230 2399 1417 2447 habens
1471 2401 1521 2447 et
1572 2398 1820 2462 poscentis

126 2473 362 2522 blandam
384 2490 570 2523 vocem.
616 2474 681 2522 da
705 2473 836 2522 enim
860 2489 973 2521 cum
996 2473 1063 2522 sit
1084 2473 1409 2536 imperativus
1434 2472 1625 2532 modus,
1657 2474 1822 2534 potest

55 2556 98 2590 ⁸⁰
128 2548 382 2596 ostendere
427 2547 660 2596 fiduciam
704 2548 949 2611 parentis3
996 2547 1122 2595 dixit
1166 2549 1306 2608 nate,
1354 2547 1489 2609 quod
1533 2562 1711 2595 nomen
1758 2546 1822 2593 ad

126 2622 411 2684 inpetrandi
449 2637 647 2671 causam
685 2622 808 2671 satis
848 2621 1139 2685 abundeque
1175 2623 1452 2684 supererat3
1492 2622 1716 2669 secutum
1747 2623 1822 2668 est

128 2695 339 2758 petenti,
383 2698 443 2744 ut
491 2696 689 2745 facilius
740 2697 1011 2744 mereretur
1058 2695 1319 2759 postulans
1360 2711 1485 2758 quae
1531 2694 1697 2742 iubere
1739 2694 1819 2741 de-

128 2768 316 2818 buerat,
380 2772 431 2818 et
467 2770 560 2818 hoc
597 2770 763 2832 ipsum
801 2769 946 2831 facit,
995 2771 1139 2833 quasi
1186 2770 1319 2818 dicat
1365 2769 1491 2816 nihil
1537 2766 1819 2831 negandum

248 2900 274 2940 5
307 2897 582 2941 erechinthia
605 2895 659 2939 V.
783 2901 839 2939 14
870 2897 981 2951 quia
1003 2895 1047 2939 V
1069 2896 1140 2940 ed.
1174 2910 1289 2952 quae
1320 2909 1417 2939 nos
1533 2898 1586 2937 22
1620 2895 1755 2938 etiam
1779 2893 1822 2937 V

133 2954 242 2998 mihi
272 2955 345 2999 ed.
377 2969 466 2999 om.
498 2955 570 3000 ed.
602 2957 722 3011 post.
842 2959 898 2998 25
928 2956 1078 2999 virum
1100 2954 1143 2998 V
1173 2969 1326 2999 verum
1357 2954 1427 2998 ed.
1542 2957 1597 2996 27
1631 2954 1821 3009 quod—

137 3011 324 3069 Olympo
356 3014 487 3058 deest
516 3014 566 3057 in
589 3013 645 3069 V,
679 3014 761 3058 sed
793 3013 1066 3069 explicatur.
1159 3018 1214 3057 29
1247 3015 1365 3058 enim
1397 3026 1484 3057 om.
1512 3012 1582 3056 ed.
1669 3017 1724 3056 31
1756 3026 1822 3057 se-

53 3092 57 3095 ·
133 3076 285 3116 cutum
307 3071 350 3116 V
379 3086 586 3118 securum
619 3073 689 3116 ed.
812 3077 867 3116 33
899 3073 1047 3127 faciat
1071 3072 1111 3116 V
1136 3073 1207 3117 ed.
