2050 3226
769 163 1074 209 AENEmos
1097 163 1206 209 v111
1734 169 1840 222 173

147 308 456 370 superatum,
507 308 550 354 et
596 305 785 365 formae
835 304 1027 353 conseia
1076 304 1308 362 coniunx,
1360 311 1411 353 et
1458 305 1602 353 illum
1652 305 1841 355 victum

147 395 251 429 esse
301 381 462 428 forma
511 379 679 442 potius
731 395 883 441 quam
932 377 1094 427 verbis
1143 379 1333 440 uxoris,
1384 379 1574 427 laetata
1622 395 1722 428 non
1766 380 1841 427 in-

145 453 322 503 merito
373 456 450 502 est
498 453 637 502 dolos
689 468 802 502 suos
852 452 1012 516 plenis
1064 452 1319 501 effectibus
1370 452 1651 516 profecisse.
1741 457 1842 501 tum

137 532 284 588 pater
322 531 513 576 aeterno
550 528 689 588 fatur
727 527 975 575 devinctus
1006 541 1193 575 amore:
1230 529 1427 590 patrem
1458 527 1584 576 dixit
1615 528 1704 590 qui
1733 527 1841 575 loco

23 620 27 668 4
95 619 114 652 5
145 602 305 666 patris
344 601 540 650 Aeneae
591 601 758 650 fuerat
805 601 1121 664 profuturuS,
1171 601 1288 650 licet
1331 601 1477 649 illum
1522 601 1691 649 Venus
1742 601 1843 650 alia

144 676 338 725 ratione
375 676 628 725 vinxisset.
691 675 809 735 quid
847 689 1026 723 causas
1055 675 1185 734 petis
1225 689 1280 723 ex
1320 675 1450 723 alto?
1487 676 1674 735 fiducia
1705 677 1842 724 cessit
1860 687 1944 727 395

146 765 237 810 quo
276 750 383 807 tibi,
424 750 562 806 diva,
601 750 728 797 mei?
805 765 933 812 quae
972 748 1334 811 circumitione,
1376 749 1469 811 ait,
1515 749 1592 798 uti
1637 750 1843 798 voluisti

144 823 406 873 verborum
447 823 700 872 dubitasse
747 826 797 872 te
845 823 904 871 de
950 822 1122 871 mariti
1167 823 1425 872 voluntate
1471 823 1697 872 firmasti.
1774 824 1842 872 sic

146 914 347 947 exorsus
373 900 471 959 est,·
487 899 634 961 quasi
656 913 756 947 non
779 897 886 959 ipse
910 899 1039 946 esset
1063 896 1152 960 qui
1175 898 1325 961 paulo
1352 899 1467 946 ante
1493 898 1842 947 cunctabatur:

72 989 115 1022 ιο
144 973 218 1021 ita
257 987 309 1021 se
347 972 546 1021 facilem
583 971 790 1036 praebet
820 974 871 1020 et
899 973 1160 1034 tamquam
1189 972 1398 1021 Veneris
1429 988 1528 1021 non
1558 972 1842 1021 intellectus

143 1047 344 1111 ingenio
383 1046 571 1095 bonum
609 1062 660 1095 se
699 1046 822 1095 satis
862 1047 913 1094 et
951 1046 1237 1095 benivolum
1274 1049 1500 1109 praestat
1537 1063 1686 1109 quem
1724 1047 1845 1095 fecit

144 1121 299 1170 libido
325 1121 623 1169 subiectum!
678 1121 723 1168 si
754 1120 1112 1182 considerareS,
1143 1121 1333 1183 inquit,
1366 1136 1469 1170 esse
1500 1123 1550 1169 te
1584 1121 1843 1185 coniugem

145 1211 307 1243 meam
353 1198 403 1244 et
450 1194 570 1258 quid
615 1210 738 1242 uxor
784 1194 843 1242 de
888 1195 1071 1242 marito
1109 1196 1358 1243 mereatur
1395 1195 1698 1257 adverteres,
1744 1211 1844 1244 non

147 1270 349 1317 duceres
388 1285 446 1318 ex
478 1258 581 1317 alto
612 1268 860 1331 principia
890 1284 979 1316 nec
1010 1268 1303 1331 petitionem
1333 1271 1475 1317 tuam
1505 1269 1844 1317 circumitione

72 1359 115 1393 15
146 1345 380 1391 munires,
436 1342 707 1392 diffidentis
745 1343 838 1391 hoc
878 1343 1077 1406 signum
1109 1345 1205 1405 est3
1243 1359 1519 1406 numquam
1550 1345 1682 1391 enim
1713 1344 1845 1391 inter

147 1419 435 1466 coniunctas
484 1417 724 1481 religione
774 1432 1010 1479 personas
1061 1417 1355 1480 petitionem
1409 1418 1631 1466 futuram
1684 1433 1843 1466 sermo

146 1491 402 1540 laboratus
443 1491 708 1551 antevenit,
746 1491 845 1540 nisi
876 1506 989 1539 cum
1018 1492 1296 1540 honestatis
1327 1491 1458 1540 ratio
1489 1507 1590 1540 non
1622 1491 1845 1555 suppetit

147 1568 237 1615 aut
287 1565 580 1614 destituitur
627 1566 820 1614 meritis
870 1581 1083 1628 persona
1131 1566 1396 1628 poscentis.
1483 1566 1634 1616 velim
1686 1566 1845 1630 igitur

145 1641 292 1689 istius
346 1639 652 1688 diffidentiae
706 1655 849 1688 nosse
902 1640 1148 1689 rationem
1201 1640 1339 1689 cuius
1394 1640 1638 1689 erroribus
1694 1641 1844 1688 ducta

72 1730 116 1763 20
146 1715 409 1763 verborum
455 1714 714 1777 superfluis
763 1713 1070 1763 anfractibus
1115 1715 1368 1777 inpetrare
1407 1715 1661 1764 contendis
1709 1715 1845 1777 quod

147 1789 380 1838 submota
427 1803 595 1850 posses
645 1789 951 1852 loquacitate
996 1804 1323 1852 praesumere.
1411 1789 1587 1837 similis
1633 1790 1678 1837 si
1723 1803 1844 1837 cura

145 1864 332 1923 fuisset,
373 1866 486 1910 tune
524 1877 708 1922 quoque
744 1864 827 1923 fas
865 1863 1004 1911 nobis
1045 1863 1256 1911 Teucros
1294 1877 1491 1912 armare
1527 1864 1725 1924 fuisset:
1769 1879 1842 1911 re-

146 1936 494 1999 prehendendo
533 1936 803 2000 superioris
843 1939 893 1985 et
931 1937 1205 2000 praesentis
1243 1937 1482 2000 temporis
1515 1938 1844 1986 diffidentiam

146 2010 416 2073 proclivem
466 2026 517 2059 se
566 2013 813 2060 monstrat
862 2011 1112 2074 effectumt,
1163 2012 1235 2060 ait
1284 2013 1470 2075 quippe
1522 2014 1572 2060 et
1619 2014 1761 2074 tunc,
1801 2013 1844 2060 si

73 2100 116 2133 25
149 2086 480 2149 suggessisses
520 2085 714 2147 aliquid
751 2085 855 2133 tuis
895 2085 1047 2134 fuisse
1079 2085 1433 2148 necessarium,
1463 2087 1554 2134 hos
1585 2101 1842 2149 possemus

148 2161 467 2222 conpetenter
527 2174 740 2221 armare3
800 2175 901 2208 non
962 2159 1094 2207 enim
1153 2160 1380 2208 futurum
1441 2161 1629 2208 exitum
1680 2177 1844 2209 rerum

148 2234 327 2297 aliquis
367 2234 566 2295 poterat
603 2248 760 2282 nosse.
838 2232 1043 2282 dicendo
1095 2236 1145 2281 et
1193 2236 1313 2283 tunc
1363 2235 1582 2283 ostendit
1628 2250 1679 2283 se
1717 2235 1844 2282 nihil

145 2307 199 2356 in
238 2308 488 2371 praesenti
526 2309 839 2370 negaturum.
893 2322 980 2356 nee
1011 2311 1156 2369 pater
1193 2309 1493 2369 omnipotens
1527 2309 1729 2357 Troiam
1758 2323 1844 2356 nee

146 2383 256 2442 fata
293 2383 537 2443 neyabant
573 2385 703 2430 stare
742 2381 991 2441 decemque
1030 2383 1154 2430 alios
1190 2383 1449 2431 Priamum
1479 2397 1728 2444 superesse
1754 2396 1844 2441 per

74 2468 117 2501 30
148 2470 329 2504 armos:
378 2455 457 2504 hic
504 2457 692 2504 tractat
739 2457 889 2518 poeta
925 2457 1142 2505 fatorum
1181 2456 1284 2506 vim
1323 2456 1522 2519 quidem
1561 2473 1660 2505 non
1699 2471 1843 2519 posse

149 2529 390 2591 subverti,
444 2545 588 2592 posse
642 2531 809 2578 tamen
863 2531 1108 2580 inminens
1169 2531 1357 2579 malum
1419 2531 1590 2594 aliqua
1650 2530 1841 2578 ratione

269 2689 293 2729 7
338 2699 452 2742 quae
486 2684 528 2728 V
575 2685 632 2729 cf.
666 2689 751 2729 299
800 2700 891 2742 qua
934 2686 1004 2729 ed.
1128 2690 1154 2730 8
1193 2687 1389 2741 firmasti
1418 2685 1460 2728 V
1498 2686 1732 2731 ostendisti
1769 2686 1840 2729 ed.

152 2749 204 2788 11
238 2758 365 2800 quem
389 2743 432 2787 V
463 2750 684 2801 quantum
712 2746 845 2789 illum
877 2745 949 2788 ed.
1043 2750 1097 2789 12
1128 2747 1499 2790 consideraris—
1521 2750 1572 2788 13
1599 2745 1844 2790 adverteris

148 2803 191 2846 V
217 2816 330 2847 corr.
357 2803 428 2847 ed.
529 2808 582 2847 19
614 2805 748 2848 istius
770 2803 812 2847 V
845 2805 941 2848 eius
972 2804 1042 2849 ed.
1136 2810 1190 2848 21
1224 2806 1537 2861 loquacitatem
1563 2804 1604 2846 V
1629 2817 1743 2847 corr.
1769 2804 1840 2848 ed.

150 2867 205 2905 22
238 2863 543 2918 repraeheudo
566 2862 609 2906 V
633 2877 709 2907 -e-
734 2863 804 2908 ed.
831 2863 1191 2919 reprehendendo
1223 2878 1319 2908 nos.
1413 2868 1468 2906 24
1492 2877 1537 2907 se
1560 2863 1601 2906 V
1625 2863 1678 2907 de
1701 2877 1746 2907 se
1768 2864 1839 2908 ed.

152 2926 207 2964 25
235 2935 465 2976 possemus
487 2921 530 2964 V
557 2923 805 2978 potuissem
837 2922 907 2966 ed.
1031 2927 1085 2966 29
1125 2924 1352 2980 ‘neyabaut
1375 2922 1417 2965 V
1447 2923 1660 2967 vetabant
1690 2922 1761 2966 ed.
1795 2926 1842 2967 et

150 2979 288 3037 Verg.
322 2979 451 3024 libri:
483 2981 810 3037 interpretatio
841 2982 1091 3037 utrumque
1123 2982 1315 3038 patitur.
