2050 3226
163 202 272 256 510
636 199 868 271 DONATI
898 199 1180 245 INTERPR.
1205 199 1383 244 VERG.

163 339 371 401 clamor,
432 355 533 388 non
593 341 725 387 enim
784 341 838 388 in
899 354 1095 388 cassum
1157 338 1425 399 emittitur,
1484 339 1599 387 inde
1670 340 1853 403 quippe

162 416 439 462 nascuntur
459 413 763 462 incrementa
793 413 993 462 virtutis
1025 415 1076 461 et
1105 414 1372 462 necessitas
1402 413 1551 476 plena
1581 414 1854 478 pugnandi,

161 488 278 536 inde
322 489 512 537 timidis
558 503 716 551 pavor
762 487 973 549 accedit,
1019 487 1135 535 inde
1174 487 1385 536 fortibus
1423 488 1552 537 vires
1593 491 1854 552 augentur.

162 577 262 610 non
300 578 417 626 ergo
455 562 609 610 missa
647 563 763 609 sunt
799 561 924 623 tela,
963 561 1050 610 sed
1089 561 1204 609 fusa
1241 563 1298 609 ut
1334 561 1496 624 niveS,
1533 578 1622 610 nec
1661 562 1724 610 ab
1755 577 1854 610 11110

163 638 252 684 aut
290 652 349 683 ex
385 652 486 684 una
516 638 679 698 parte,
713 635 799 683 sed
830 636 978 683 simul
1009 635 1071 684 ab
1104 635 1343 684 omnibus.
1390 635 1659 686 veniebant
1689 638 1856 685 autem
1910 648 1930 681 5
2019 647 2021 683 ζ
2048 695 2050 698 Ι

162 710 355 759 nivium
405 725 567 770 more,
619 709 891 772 praebebat
941 710 1070 758 hanc
1124 709 1337 772 speciem
1390 710 1575 759 candor
1626 711 1747 758 ferri
1807 714 1857 758 et

139 785 377 833 ¹telorum
415 784 595 832 diffusa
635 786 900 848 congeries,
977 785 1202 832 continuo
1241 784 1462 833 adversis
1501 785 1784 846 Tyrrhenus
1815 788 1859 832 et

162 873 273 907 acer
302 857 545 906 Aconteus
577 859 736 905 conixi
771 859 1032 906 incurrunt
1066 858 1244 906 hastis:
1280 859 1374 907 hoc
1404 858 1593 907 dictum
1623 860 1699 908 est
1719 875 1855 908 more

161 932 458 993 bellantum3
496 948 615 980 nam
651 931 812 995 primo
861 932 1019 994 aliqui
1065 932 1351 981 audaciores
1397 935 1684 996 erumpunt,
1732 948 1856 995 quos

162 1010 378 1055 ceteram
436 1006 622 1068 pubem
681 1007 823 1069 sequi
883 1007 1161 1055 conveniat.
1260 1007 1544 1069 Tyrrhenus
1598 1008 1756 1071 igitur
1808 1010 1858 1056 et
1890 1020 1932 1052 10

160 1081 409 1129 Aconteus
442 1096 556 1128 cum
586 1081 799 1144 singulis
833 1097 891 1129 ex
922 1080 1130 1130 diversis
1153 1081 1382 1143 partibus
1406 1083 1672 1144 eruperant
1699 1081 1856 1130 hastis

161 1156 304 1202 tanto
364 1154 559 1218 impetu
619 1156 772 1218 atque
831 1155 956 1216 ictu,
1017 1156 1075 1202 ut
1126 1154 1302 1204 ruinae
1354 1171 1490 1203 more
1552 1155 1857 1204 cecidissent.

163 1229 375 1291 denique
415 1230 489 1277 ait
519 1230 765 1289 primique
801 1230 1003 1277 ruinam
1033 1230 1157 1277 dant
1183 1231 1346 1277 sonitu
1374 1230 1558 1290 inqenti
1581 1230 1856 1290 perfracta-

61 1312 145 1351 615
163 1318 251 1363 que
282 1303 726 1363 quadripedantum
751 1307 949 1363 pectora
975 1304 1248 1364 pectoribus
1277 1307 1537 1363 rumpunt:
1575 1319 1859 1367 expressum

163 1380 239 1426 est
287 1393 457 1425 eorum
507 1378 697 1426 factum
747 1377 837 1440 qui
885 1377 981 1426 sibi
1029 1378 1230 1426 fuerant
1275 1377 1423 1427 obvii.
1502 1377 1638 1441 equi,
1676 1377 1856 1440 inquit,
1891 1393 1933 1426 15

159 1452 385 1515 ipsorum
435 1451 633 1500 conlisis
682 1452 812 1500 inter
861 1467 912 1500 se
962 1452 1244 1514 pectoribus
1298 1469 1539 1515 magnum
1591 1452 1859 1500 emiserant

161 1526 400 1588 sonitum3
455 1541 552 1588 quo
603 1526 737 1574 facto
793 1540 1023 1574 excussus
1085 1528 1161 1574 est
1214 1525 1458 1574 Aconteus
1517 1526 1743 1586 subminis
1803 1527 1858 1573 in

159 1614 340 1648 rnorem
393 1603 481 1648 aut
531 1603 761 1648 tormento
806 1600 1043 1660 ponderis
1097 1600 1214 1657 acti,
1269 1616 1382 1648 cum
1443 1602 1614 1662 pectus
1668 1599 1859 1662 pectori

161 1674 340 1722 fuisset
376 1673 593 1722 inlisum.
647 1690 758 1723 cum
788 1674 1040 1724 Aconteus
1072 1689 1301 1723 excussus
1341 1673 1540 1735 dicitur,
1580 1674 1856 1722 similitudo

161 1749 385 1796 fulminis
433 1748 553 1796 data
598 1751 674 1797 est
720 1751 809 1797 aut
854 1750 983 1797 certe
1034 1748 1266 1811 ponderis
1315 1748 1522 1797 alicuius
1573 1749 1708 1810 quod
1752 1751 1858 1796 tru-
1889 1764 1932 1796 20

163 1822 300 1870 ditur
347 1823 632 1870 adiumento
682 1823 1023 1885 violentiaque
1069 1823 1320 1871 tormenti.
1389 1822 1686 1882 praecipitat
1724 1823 1859 1883 lonye

163 1899 206 1944 et
241 1897 393 1944 vitam
431 1897 663 1958 disperyit
699 1899 754 1945 in
784 1911 964 1945 auras:
995 1897 1207 1959 inplevit
1236 1896 1396 1959 partis
1428 1897 1621 1945 excussi
1653 1896 1857 1945 dicendo

162 1970 309 2033 longe
347 1970 564 2018 iactatus
603 1973 698 2032 est,
737 1971 791 2019 in
828 1974 1028 2019 tantum
1066 1974 1124 2019 ut
1154 1970 1410 2019 habuisset
1442 1971 1661 2033 spatium
1691 1986 1858 2019 morae

164 2059 261 2107 quo
311 2043 364 2091 in
415 2060 524 2092 aere
574 2046 889 2094 concluderet
937 2045 1095 2094 vitam
1145 2047 1196 2093 et
1242 2047 1356 2094 ante
1395 2046 1670 2093 moreretur
1708 2061 1857 2107 quam

162 2118 308 2165 ruina
358 2119 576 2180 corporis
628 2120 705 2167 sui
753 2121 1001 2182 premeret
1049 2122 1257 2182 terram3
1305 2120 1617 2182 Tyrrhenum
1655 2119 1858 2181 inpulsu
1889 2131 1932 2164 25

162 2193 336 2239 ruinae
398 2192 673 2254 descriptae
720 2193 1111 2258 intellegendum
1165 2195 1253 2242 est.
1346 2193 1574 2253 extemplo
1637 2194 1859 2241 turbatae

164 2267 316 2314 acies:
366 2281 476 2314 ecce
522 2269 637 2328 post
683 2266 895 2315 duorum
941 2283 1280 2331 congressum,
1318 2270 1377 2316 ut
1416 2266 1651 2328 diximus,
1691 2282 1858 2316 omnes

164 2356 276 2388 cum
328 2341 519 2404 ingenti
572 2341 948 2402 perturbatione
1000 2344 1165 2390 motae
1220 2343 1338 2390 sunt
1398 2342 1542 2389 acies,
1639 2341 1859 2400 versique

163 2414 338 2462 Latini
375 2415 582 2462 reiciunt
608 2429 820 2474 parmas
860 2419 903 2462 et
939 2430 1082 2475 equos
1121 2416 1188 2464 ad
1216 2416 1410 2463 moenia
1438 2418 1652 2463 vertunt:
1690 2413 1860 2463 Latini

164 2490 400 2536 maiorem
437 2490 627 2536 metum
666 2489 800 2550 apud
839 2505 889 2536 se
930 2505 1034 2538 esse
1074 2489 1311 2554 fugiendo
1351 2490 1525 2537 testati
1563 2490 1702 2551 sunt3
1740 2505 1859 2536 nam
1890 2501 1932 2532 30

165 2565 216 2610 et
252 2562 524 2610 reiecerant
562 2578 761 2625 parmas
801 2565 851 2610 et
889 2579 1040 2625 equos
1084 2565 1452 2625 converterant,
1498 2565 1558 2611 ut
1602 2578 1858 2610 murorum

64 2642 147 2682 620
166 2635 261 2684 sibi
320 2636 554 2685 firmitate
616 2636 938 2684 consulerent.
1034 2638 1182 2685 Troes
1244 2641 1418 2698 ayunt:
1481 2636 1564 2700 agi
1627 2636 1858 2684 dicuntur

284 2781 308 2819 9
335 2779 480 2832 primi
511 2777 582 2821 ed.
691 2781 745 2820 14
775 2782 998 2832 rumpunt
1019 2777 1061 2820 V
1093 2779 1480 2823 excussus—acti
1515 2777 1623 2820 add.
1655 2776 1743 2829 ed.q
1776 2776 1858 2820 sed

165 2836 252 2879 hoc
283 2836 406 2879 infra
436 2851 519 2892 pro
551 2836 771 2880 lemmate
804 2836 967 2880 scribit
990 2835 1045 2879 V.
1139 2841 1193 2880 18
1225 2843 1278 2882 ut
1307 2842 1529 2882 turmento
1552 2835 1606 2879 V.
1642 2872 1661 2886 .,
1681 2840 1858 2887 imor-

164 2901 371 2950 9umento
396 2895 435 2938 V
468 2901 704 2952 auymento
736 2895 806 2939 ed.
841 2898 1034 2951 (amento
1047 2897 1082 2950 ‘?)
1116 2897 1377 2940 adiumento
1408 2908 1505 2939 nos.
1611 2894 1857 2948 saurae-ta-

166 2959 238 2997 tus
261 2954 303 2997 V
333 2955 532 2998 iactatus
561 2968 644 2998 nos
675 2955 852 3008 fractus
883 2954 955 2998 ed.
996 2954 999 3011 1
1043 2960 1094 2998 ut
1118 2953 1159 2997 V
1190 2969 1246 2999 ne
1277 2955 1347 2999 ed.
1441 2958 1496 2997 25
1528 2954 1792 3010 tyrrhenum
1816 2952 1858 2997 V

159 3014 331 3067 perisse
362 3013 469 3057 add.
496 3013 582 3069 ed.‚
616 3013 697 3057 sed
728 3013 868 3057 facile
901 3012 1191 3058 subauditur.
1316 3018 1371 3057 26
1403 3013 1577 3058 turbati
1599 3012 1654 3056 V.
