2050 3226
249 191 315 244 17
322 191 353 244 8
718 187 951 233 DONATI
979 187 1260 232 INTERPR.
1286 187 1468 233 VERG.

246 328 300 376 id
338 331 414 377 est
451 327 623 376 eodem
658 327 712 375 in
751 344 848 391 quo
889 330 1029 392 gesta
1068 329 1186 376 sunt
1224 343 1352 390 quae
1392 327 1617 390 superius
1665 328 1813 376 dixit:
1859 344 1935 377 ce-

244 404 429 464 terum,
461 402 504 450 si
535 403 797 465 speluncae
828 403 992 450 locum
1023 401 1302 465 significare
1333 401 1596 463 voluisset,
1628 402 1811 451 diceret
1838 403 1936 450 huc

247 476 514 526 descendit.
599 477 788 536 ferrum
848 477 1129 523 exercebant
1186 479 1323 523 vasto
1386 474 1612 537 Cyclopes
1663 477 1719 524 in
1779 479 1935 532 antro,
1996 521 1998 523 ,

142 560 228 600 425
245 551 548 612 Brontesque
591 549 903 610 Steropesque
942 553 986 596 et
1028 549 1193 597 nudus
1230 550 1447 598 membra
1482 550 1785 611 Pyraymon:
1824 565 1938 598 cum

245 625 462 674 venisset
501 624 565 672 ad
603 624 913 686 speluncam,
950 623 1144 671 invenit
1184 621 1422 685 Cyclopes
1460 624 1515 671 in
1553 625 1666 672 aliis
1707 623 1936 687 operibus

246 700 527 762 occupatos,
567 714 695 760 quae
734 713 812 746 res
851 697 1033 745 futuris
1071 696 1218 746 rebus
1260 697 1452 746 addidit
1489 698 1728 762 gratiam3
1765 697 1938 746 inven-

244 775 356 821 tum
405 774 480 820 est
529 773 716 834 quippe
763 771 898 835 quod
945 772 1149 833 propter
1197 770 1396 819 Aeneae
1433 771 1667 820 meritum
1703 771 1940 835 postponi

150 846 155 849 ’
245 846 509 894 debuisset.
566 861 740 894 verum
789 846 907 907 quia
957 860 1108 908 supra
1154 844 1281 892 dixit
1331 847 1477 893 antra
1513 845 1707 894 Aetnea
1744 847 1938 906 tonant,

247 921 336 968 dat
387 918 684 983 Cyclopibus
734 920 958 980 nomina,
1011 934 1137 981 quae
1187 918 1425 968 tonitruis
1476 920 1526 967 et
1573 919 1791 968 motibus
1831 935 1938 968 cae-

244 994 452 1043 lestibus
514 992 854 1042 convenirent:
909 993 1120 1041 Brontes
1169 1008 1200 1040 a
1242 993 1412 1057 rugitu
1467 992 1554 1056 qui
1606 994 1775 1042 existit
1827 1009 1939 1042 cum

244 1068 461 1116 fabricae
493 1082 616 1130 opus
649 1069 900 1115 exercetur
922 1068 972 1115 et
994 1067 1132 1115 velut
1153 1067 1378 1116 tonitrua
1400 1067 1682 1129 meditatur,
1707 1066 1937 1130 Steropes

244 1144 450 1205 propter
479 1141 723 1190 scintillas
756 1156 881 1204 quae
912 1142 966 1188 in
996 1140 1198 1188 modum
1228 1141 1488 1190 stellarum
1516 1142 1790 1190 mittuntur
1827 1157 1939 1190 cum

247 1215 423 1264 ardens
477 1230 644 1264 massa
699 1214 1022 1263 contunditur
1075 1217 1125 1263 et
1175 1214 1461 1279 Pyragmon
1513 1215 1676 1264 nudus
1735 1217 1940 1279 propter

244 1290 414 1354 ignem
459 1289 563 1338 sine
611 1305 709 1352 quo
758 1288 872 1337 duci
917 1290 970 1336 in
1017 1289 1201 1337 formas
1239 1289 1359 1337 ferri
1398 1290 1581 1351 species
1619 1305 1719 1338 non
1757 1291 1938 1352 potest.

246 1364 382 1426 quod
427 1363 499 1412 ait
543 1363 728 1424 nudus,
776 1363 840 1410 ad
877 1364 968 1411 tris
1010 1362 1247 1426 Cyclopes
1285 1363 1677 1427 intellegendum
1716 1364 1791 1412 est
1828 1380 1938 1426 per-

245 1439 417 1486 tinere.
494 1431 619 1503 (non
681 1438 813 1485 enim
872 1452 1001 1485 unus
1056 1453 1258 1499 operam
1310 1437 1511 1486 fabricis
1567 1437 1720 1485 dabat
1771 1438 1936 1486 nudus

245 1511 440 1560 vestitis
481 1505 618 1577 aliis)
660 1526 716 1558 ac
754 1527 844 1573 per
880 1512 973 1559 hoc
1010 1510 1174 1559 nudus
1212 1511 1448 1572 Brontes,
1487 1511 1647 1559 nudus
1689 1510 1936 1574 Steropes,

245 1585 407 1634 nudus
445 1585 730 1649 Pyragmon
767 1585 953 1632 ferrum
992 1584 1283 1633 exercebant
1321 1586 1471 1634 simu]
1511 1600 1694 1634 omnes.
1748 1586 1824 1633 his
1861 1586 1936 1633 in-

244 1661 511 1720 formatum
538 1659 769 1707 manibus
798 1660 899 1706 iam
924 1662 1069 1718 parte
1082 1659 1242 1718 polita
1263 1660 1451 1719 fulmen
1475 1662 1598 1716 erat,
1631 1662 1722 1706 toto
1750 1660 1938 1720 yenitor

246 1748 369 1793 quae
394 1733 616 1792 plurima
647 1733 775 1780 caelo
807 1733 947 1780 deicit
977 1734 1031 1779 in
1053 1736 1230 1789 terras,
1256 1747 1383 1794 pars
1405 1734 1673 1794 inperfecta
1694 1734 1936 1781 manebat.

143 1814 229 1854 430
246 1809 334 1855 tris
390 1808 561 1854 imbris
619 1807 729 1854 torti
780 1807 968 1863 radios,
1025 1807 1113 1853 tris
1165 1808 1311 1855 nubis
1365 1821 1575 1866 aquosae
1630 1807 1936 1863 addiderant,

245 1881 382 1928 rutili
430 1881 519 1928 tris
567 1881 695 1941 iynis
745 1883 790 1928 et
837 1881 968 1928 alitis
1019 1881 1198 1937 austri,
1262 1881 1476 1941 fulyores
1524 1895 1656 1928 nune
1704 1882 1938 1940 terrificos

245 1955 547 2013 sonitumque
595 1957 864 2014 metumque
915 1955 1182 2002 miscebant
1229 1955 1364 2014 operi
1416 1955 1722 2014 flammisque
1766 1969 1936 2014 sequa-

246 2029 380 2076 cibus
416 2029 536 2076 iraS.
604 2031 750 2088 parte
787 2028 891 2076 alia
928 2028 1089 2075 Marti
1126 2043 1415 2088 currumque
1459 2032 1684 2088 rotasque
1727 2029 1938 2076 volucris

143 2110 229 2150 435
245 2103 516 2158 instabant,
557 2102 731 2161 quibus
769 2102 850 2148 ille
880 2102 1034 2157 vir-03,
1068 2103 1241 2162 quibus
1274 2103 1448 2150 eoeeitat
1475 2104 1638 2159 urbiS‚
1673 2103 1938 2163 aeyidaque

245 2176 558 2235 horriferam,
599 2176 820 2223 turbatae
857 2175 1082 2223 Palladis
1125 2191 1288 2233 arma,
1330 2177 1546 2224 certatim
1583 2177 1802 2235 squamis
1839 2190 1938 2223 ser-

237 2253 442 2310 pentum
492 2263 705 2308 auroque
746 2249 971 2309 polibant
1019 2263 1310 2309 eoneoeosque
1359 2251 1537 2310 anquis
1583 2251 1836 2310 ipsamque
1883 2251 1938 2297 in

239 2326 429 2383 pectore
467 2323 608 2370 divae
649 2322 879 2383 Geryona
917 2323 1096 2370 desecto
1134 2327 1391 2372 vertentem
1430 2324 1618 2371 lumina
1657 2323 1798 2371 collo:
1836 2338 1937 2370 om-

247 2397 387 2445 nium
422 2396 635 2445 istarum
667 2397 939 2458 specierum
972 2397 1236 2460 descriptio
1268 2414 1367 2445 non
1397 2397 1614 2445 inaniter
1643 2396 1808 2459 posita
1840 2399 1936 2459 estt,

246 2472 361 2519 inde
411 2470 543 2519 enim
589 2471 763 2518 crescit
808 2470 1003 2518 Aeneae
1052 2473 1304 2533 meritum,
1356 2487 1468 2519 cum
1516 2470 1615 2532 ipsi
1660 2471 1937 2519 necessaria

248 2544 429 2593 divinis
466 2546 839 2607 praeponuntur
877 2544 1132 2606 operibus,
1180 2547 1229 2592 et
1274 2545 1388 2593 inde
1435 2544 1595 2592 maior
1632 2544 1736 2592 eius
1776 2545 1937 2608 gloria

249 2621 344 2680 est,
394 2634 506 2666 cum
554 2617 709 2680 ipsius
763 2617 923 2681 primo
978 2618 1276 2680 perficienda
1327 2618 1630 2666 mandantur
1682 2620 1937 2666 tantorum

249 2693 454 2741 deorum
492 2692 746 2754 speciebus
787 2691 890 2740 sine
931 2692 1102 2754 aliqua
1140 2693 1444 2755 perfectione
1482 2692 1691 2740 reiectis.
1753 2692 1935 2739 idcirco

369 2882 392 2920 7
425 2878 545 2933 quod
567 2876 610 2919 V
639 2882 691 2921 ut
722 2876 791 2920 ed.
886 2881 938 2920 21
972 2877 1113 2921 nubes
1135 2877 1189 2921 V.
1277 2881 1330 2921 22
1362 2877 1539 2933 fulyore
1562 2875 1618 2919 V.
1704 2881 1759 2920 26
1790 2877 1936 2921 horri-

247 2937 381 2990 ficam
413 2936 485 2979 ed.
589 2941 644 2979 28
675 2949 921 2993 yoryonam
943 2934 998 2978 V.
1102 2941 1157 2980 29
1188 2941 1363 2981 starum
1385 2935 1439 2979 V.
1494 2935 1499 2994 Ι
1547 2949 1641 2980 non
1670 2937 1872 2980 inaniter
1894 2936 1937 2979 V

249 2995 311 3038 ad
342 2995 521 3039 laudem
552 2995 623 3038 ed.
747 3000 799 3039 31
826 3000 1150 3051 pmponuntur
1172 2995 1214 3039 V
1239 3009 1352 3039 corr.
1378 2994 1450 3038 ed,

1970 1007 2013 1039 10

1970 1375 2012 1408 15

1969 1745 2013 1778 20

1969 2113 2012 2147 25

1969 2485 2011 2517 30
