<?xml version="1.0" encoding="UTF-8"?>
<!DOCTYPE html PUBLIC "-//W3C//DTD XHTML 1.0 Transitional//EN"
    "http://www.w3.org/TR/xhtml1/DTD/xhtml1-transitional.dtd">
<html xmlns="http://www.w3.org/1999/xhtml" xml:lang="en" lang="en">
 <head>
  <title>
</title>
<meta http-equiv="Content-Type" content="text/html;charset=utf-8" />
  <meta name='ocr-system' content='tesseract 3.04.00' />
  <meta name='ocr-capabilities' content='ocr_page ocr_carea ocr_par ocr_line ocrx_word'/>
</head>
<body>
  <div class='ocr_page' id='page_1' title='image "./interpretationes02donauoft_0604.png"; bbox 0 0 2078 3260; ppageno 0'>
   <div class='ocr_carea' id='block_1_1' title="bbox 260 215 1479 271">
    <p class='ocr_par' dir='ltr' id='par_1_1' title="bbox 260 215 1479 271">
     <span class='ocr_line' id='line_1_1' title="bbox 260 215 1479 271; baseline -0.007 0"><span class='ocrx_word' id='word_1_1' title='bbox 260 218 368 271; x_wconf 87' lang='grc'><strong><em>600</em></strong></span> <span class='ocrx_word' id='word_1_2' title='bbox 732 215 966 261; x_wconf 88' lang='lat' dir='ltr'><strong>DONATI</strong></span> <span class='ocrx_word' id='word_1_3' title='bbox 995 216 1062 260; x_wconf 89' lang='lat' dir='ltr'><strong><em>IN</em></strong></span> <span class='ocrx_word' id='word_1_4' title='bbox 1063 216 1276 260; x_wconf 86' lang='lat' dir='ltr'><strong>TERPR.</strong></span> <span class='ocrx_word' id='word_1_5' title='bbox 1300 216 1479 262; x_wconf 79' lang='lat' dir='ltr'><strong>VERG.</strong></span> 
     </span>
    </p>
   </div>
   <div class='ocr_carea' id='block_1_2' title="bbox 153 355 2078 2553">
    <p class='ocr_par' dir='ltr' id='par_1_2' title="bbox 153 355 2078 2553">
     <span class='ocr_line' id='line_1_2' title="bbox 260 355 1953 420; baseline 0.001 -16"><span class='ocrx_word' id='word_1_6' title='bbox 260 372 412 418; x_wconf 86' lang='lat' dir='ltr'><strong><em>quam</em></strong></span> <span class='ocrx_word' id='word_1_7' title='bbox 461 357 759 420; x_wconf 86' lang='lat' dir='ltr'><strong><em>interposita</em></strong></span> <span class='ocrx_word' id='word_1_8' title='bbox 805 355 979 404; x_wconf 89' lang='lat' dir='ltr'><strong><em>divisit</em></strong></span> <span class='ocrx_word' id='word_1_9' title='bbox 1019 355 1223 420; x_wconf 81' lang='lat' dir='ltr'><strong><em>Iapygis</em></strong></span> <span class='ocrx_word' id='word_1_10' title='bbox 1269 355 1454 404; x_wconf 88' lang='lat' dir='ltr'><strong><em>fabula.</em></strong></span> <span class='ocrx_word' id='word_1_11' title='bbox 1532 357 1722 419; x_wconf 86' lang='lat' dir='ltr'><strong><em>stabat,</em></strong></span> <span class='ocrx_word' id='word_1_12' title='bbox 1771 357 1953 420; x_wconf 86' lang='lat' dir='ltr'><strong><em>inquit,</em></strong></span> 
     </span>
     <span class='ocr_line' id='line_1_3' title="bbox 258 429 1952 493; baseline 0.001 -15"><span class='ocrx_word' id='word_1_13' title='bbox 258 430 436 479; x_wconf 90' lang='lat' dir='ltr'><strong><em>acerba</em></strong></span> <span class='ocrx_word' id='word_1_14' title='bbox 474 432 709 491; x_wconf 70' lang='lat' dir='ltr'><strong><em>fremens,</em></strong></span> <span class='ocrx_word' id='word_1_15' title='bbox 760 429 960 478; x_wconf 75' lang='lat' dir='ltr'>dolebat</span> <span class='ocrx_word' id='word_1_16' title='bbox 1005 429 1137 478; x_wconf 91' lang='lat' dir='ltr'><strong><em>enim</em></strong></span> <span class='ocrx_word' id='word_1_17' title='bbox 1173 430 1294 477; x_wconf 91' lang='lat' dir='ltr'><strong><em>belli</em></strong></span> <span class='ocrx_word' id='word_1_18' title='bbox 1330 431 1496 492; x_wconf 87' lang='lat' dir='ltr'><strong><em>potius</em></strong></span> <span class='ocrx_word' id='word_1_19' title='bbox 1540 447 1690 493; x_wconf 88' lang='lat' dir='ltr'><strong><em>quam</em></strong></span> <span class='ocrx_word' id='word_1_20' title='bbox 1736 431 1952 480; x_wconf 84' lang='lat' dir='ltr'><strong><em>vulneris</em></strong></span> 
     </span>
     <span class='ocr_line' id='line_1_4' title="bbox 258 503 1955 567; baseline 0.001 -15"><span class='ocrx_word' id='word_1_21' title='bbox 258 520 480 567; x_wconf 84' lang='lat' dir='ltr'><strong><em>causam3</em></strong></span> <span class='ocrx_word' id='word_1_22' title='bbox 541 509 592 553; x_wconf 89' lang='lat' dir='ltr'><strong><em>et</em></strong></span> <span class='ocrx_word' id='word_1_23' title='bbox 643 503 871 567; x_wconf 87' lang='lat' dir='ltr'><strong>plurimis</strong></span> <span class='ocrx_word' id='word_1_24' title='bbox 928 504 1238 552; x_wconf 81' lang='lat' dir='ltr'><strong><em>circumfusis</em></strong></span> <span class='ocrx_word' id='word_1_25' title='bbox 1297 519 1354 552; x_wconf 92' lang='lat' dir='ltr'><strong><em>ac</em></strong></span> <span class='ocrx_word' id='word_1_26' title='bbox 1408 505 1513 553; x_wconf 92' lang='lat' dir='ltr'><strong><em>filio</em></strong></span> <span class='ocrx_word' id='word_1_27' title='bbox 1562 505 1955 567; x_wconf 83' lang='lat' dir='ltr'><strong><em>lacrimantibuS,</em></strong></span> 
     </span>
     <span class='ocr_line' id='line_1_5' title="bbox 257 578 1953 641; baseline 0.001 -15"><span class='ocrx_word' id='word_1_28' title='bbox 257 580 363 641; x_wconf 90' lang='lat' dir='ltr'><strong><em>ipse</em></strong></span> <span class='ocrx_word' id='word_1_29' title='bbox 402 578 655 627; x_wconf 91' lang='lat' dir='ltr'><strong><em>inmobilis</em></strong></span> <span class='ocrx_word' id='word_1_30' title='bbox 686 579 779 626; x_wconf 87' lang='lat' dir='ltr'><strong><em>hoc</em></strong></span> <span class='ocrx_word' id='word_1_31' title='bbox 817 579 893 626; x_wconf 89' lang='lat' dir='ltr'><strong><em>est</em></strong></span> <span class='ocrx_word' id='word_1_32' title='bbox 930 593 962 626; x_wconf 87' lang='lat' dir='ltr'><strong><em>a</em></strong></span> <span class='ocrx_word' id='word_1_33' title='bbox 999 578 1200 626; x_wconf 84' lang='lat' dir='ltr'><strong><em>vulnere</em></strong></span> <span class='ocrx_word' id='word_1_34' title='bbox 1239 580 1390 641; x_wconf 88' lang='lat' dir='ltr'><strong><em>atque</em></strong></span> <span class='ocrx_word' id='word_1_35' title='bbox 1430 579 1652 627; x_wconf 90' lang='lat' dir='ltr'><strong><em>omnium</em></strong></span> <span class='ocrx_word' id='word_1_36' title='bbox 1682 580 1801 627; x_wconf 89' lang='lat' dir='ltr'><strong><em>fletu</em></strong></span> <span class='ocrx_word' id='word_1_37' title='bbox 1841 595 1953 628; x_wconf 89' lang='lat' dir='ltr'><strong><em>con·</em></strong></span> 
     </span>
     <span class='ocr_line' id='line_1_6' title="bbox 207 652 2027 717; baseline -0.001 -17"><span class='ocrx_word' id='word_1_38' title='bbox 207 696 209 699; x_wconf 90' lang='lat'><strong>.</strong></span> <span class='ocrx_word' id='word_1_39' title='bbox 258 653 472 701; x_wconf 75' lang='lat' dir='ltr'><strong>stantiae</strong></span> <span class='ocrx_word' id='word_1_40' title='bbox 502 653 739 700; x_wconf 91' lang='lat' dir='ltr'><strong><em>firmitate</em></strong></span> <span class='ocrx_word' id='word_1_41' title='bbox 771 652 1107 700; x_wconf 75' lang='lat' dir='ltr'><strong>dissimulans.</strong></span> <span class='ocrx_word' id='word_1_42' title='bbox 1161 654 1211 700; x_wconf 91' lang='lat' dir='ltr'><strong><em>et</em></strong></span> <span class='ocrx_word' id='word_1_43' title='bbox 1240 653 1347 714; x_wconf 92' lang='lat' dir='ltr'><strong><em>hoc,</em></strong></span> <span class='ocrx_word' id='word_1_44' title='bbox 1372 652 1506 714; x_wconf 92' lang='lat' dir='ltr'><strong><em>quod</em></strong></span> <span class='ocrx_word' id='word_1_45' title='bbox 1535 653 1717 716; x_wconf 91' lang='lat' dir='ltr'><strong><em>stabat,</em></strong></span> <span class='ocrx_word' id='word_1_46' title='bbox 1741 669 1953 717; x_wconf 85' lang='lat' dir='ltr'><strong><em>magnae</em></strong></span> <span class='ocrx_word' id='word_1_47' title='bbox 2007 665 2027 698; x_wconf 83' lang='lat'><strong>5</strong></span> 
     </span>
     <span class='ocr_line' id='line_1_7' title="bbox 257 725 1954 789; baseline 0.001 -16"><span class='ocrx_word' id='word_1_48' title='bbox 257 727 355 775; x_wconf 87' lang='lat' dir='ltr'><strong><em>fuit</em></strong></span> <span class='ocrx_word' id='word_1_49' title='bbox 392 727 594 775; x_wconf 88' lang='lat' dir='ltr'><strong><em>virtutis</em></strong></span> <span class='ocrx_word' id='word_1_50' title='bbox 634 725 811 787; x_wconf 82' lang='lat' dir='ltr'><strong><em>animi3</em></strong></span> <span class='ocrx_word' id='word_1_51' title='bbox 857 741 975 774; x_wconf 91' lang='lat' dir='ltr'><strong><em>nam</em></strong></span> <span class='ocrx_word' id='word_1_52' title='bbox 1011 727 1065 773; x_wconf 89' lang='lat' dir='ltr'><strong><em>in</em></strong></span> <span class='ocrx_word' id='word_1_53' title='bbox 1105 742 1254 775; x_wconf 89' lang='lat' dir='ltr'><strong><em>causa</em></strong></span> <span class='ocrx_word' id='word_1_54' title='bbox 1292 727 1456 789; x_wconf 86' lang='lat' dir='ltr'><strong><em>posito</em></strong></span> <span class='ocrx_word' id='word_1_55' title='bbox 1495 727 1618 789; x_wconf 89' lang='lat' dir='ltr'><strong><em>pede</em></strong></span> <span class='ocrx_word' id='word_1_56' title='bbox 1662 729 1750 775; x_wconf 91' lang='lat' dir='ltr'><strong><em>aut</em></strong></span> <span class='ocrx_word' id='word_1_57' title='bbox 1787 727 1954 776; x_wconf 88' lang='lat' dir='ltr'><strong><em>sedere</em></strong></span> 
     </span>
     <span class='ocr_line' id='line_1_8' title="bbox 184 798 1956 864; baseline 0.001 -16"><span class='ocrx_word' id='word_1_58' title='bbox 184 798 188 801; x_wconf 71' lang='grc'><strong>’</strong></span> <span class='ocrx_word' id='word_1_59' title='bbox 258 801 430 849; x_wconf 90' lang='lat' dir='ltr'><strong><em>debuit</em></strong></span> <span class='ocrx_word' id='word_1_60' title='bbox 468 803 559 849; x_wconf 92' lang='lat' dir='ltr'><strong><em>aut</em></strong></span> <span class='ocrx_word' id='word_1_61' title='bbox 594 800 771 848; x_wconf 88' lang='lat' dir='ltr'><strong><em>iacere.</em></strong></span> <span class='ocrx_word' id='word_1_62' title='bbox 825 799 960 863; x_wconf 91' lang='lat' dir='ltr'><strong><em>quod</em></strong></span> <span class='ocrx_word' id='word_1_63' title='bbox 999 802 1130 848; x_wconf 89' lang='lat' dir='ltr'><strong><em>stare</em></strong></span> <span class='ocrx_word' id='word_1_64' title='bbox 1175 800 1336 848; x_wconf 88' lang='lat' dir='ltr'><strong><em>debile</em></strong></span> <span class='ocrx_word' id='word_1_65' title='bbox 1382 816 1486 850; x_wconf 88' lang='lat' dir='ltr'><strong><em>esse</em></strong></span> <span class='ocrx_word' id='word_1_66' title='bbox 1525 803 1714 864; x_wconf 91' lang='lat' dir='ltr'><strong><em>posset,</em></strong></span> <span class='ocrx_word' id='word_1_67' title='bbox 1761 801 1956 851; x_wconf 88' lang='lat' dir='ltr'><strong><em>addidit</em></strong></span> 
     </span>
     <span class='ocr_line' id='line_1_9' title="bbox 258 874 1953 939; baseline 0.001 -18"><span class='ocrx_word' id='word_1_68' title='bbox 258 875 432 924; x_wconf 87' lang='lat' dir='ltr'><strong><em>hastae</em></strong></span> <span class='ocrx_word' id='word_1_69' title='bbox 470 876 687 939; x_wconf 85' lang='lat' dir='ltr'><strong><em>ingentis</em></strong></span> <span class='ocrx_word' id='word_1_70' title='bbox 728 874 1090 936; x_wconf 88' lang='lat' dir='ltr'><strong><em>adiumentum,</em></strong></span> <span class='ocrx_word' id='word_1_71' title='bbox 1137 890 1266 937; x_wconf 90' lang='lat' dir='ltr'><strong><em>quae</em></strong></span> <span class='ocrx_word' id='word_1_72' title='bbox 1303 875 1616 923; x_wconf 89' lang='lat' dir='ltr'><strong><em>laborantem</em></strong></span> <span class='ocrx_word' id='word_1_73' title='bbox 1652 877 1825 924; x_wconf 87' lang='lat' dir='ltr'><strong><em>iuvare</em></strong></span> <span class='ocrx_word' id='word_1_74' title='bbox 1873 875 1953 924; x_wconf 89' lang='lat' dir='ltr'><strong><em>de-</em></strong></span> 
     </span>
     <span class='ocr_line' id='line_1_10' title="bbox 255 948 1957 1012; baseline 0.001 -16"><span class='ocrx_word' id='word_1_75' title='bbox 255 949 446 997; x_wconf 88' lang='lat' dir='ltr'><strong><em>buisset</em></strong></span> <span class='ocrx_word' id='word_1_76' title='bbox 470 951 520 997; x_wconf 89' lang='lat' dir='ltr'><strong><em>et</em></strong></span> <span class='ocrx_word' id='word_1_77' title='bbox 542 949 675 997; x_wconf 89' lang='lat' dir='ltr'><strong><em>tanti</em></strong></span> <span class='ocrx_word' id='word_1_78' title='bbox 696 949 860 997; x_wconf 83' lang='lat' dir='ltr'><strong>herois</strong></span> <span class='ocrx_word' id='word_1_79' title='bbox 891 948 1086 1012; x_wconf 88' lang='lat' dir='ltr'><strong><em>pondus</em></strong></span> <span class='ocrx_word' id='word_1_80' title='bbox 1115 964 1331 1012; x_wconf 88' lang='lat' dir='ltr'><strong><em>congrue</em></strong></span> <span class='ocrx_word' id='word_1_81' title='bbox 1355 949 1609 998; x_wconf 88' lang='lat' dir='ltr'><strong><em>sustinere.</em></strong></span> <span class='ocrx_word' id='word_1_82' title='bbox 1663 950 1764 1007; x_wconf 87' lang='lat' dir='ltr'><strong><em>ille,</em></strong></span> <span class='ocrx_word' id='word_1_83' title='bbox 1795 949 1850 997; x_wconf 95' lang='lat' dir='ltr'><strong><em>id</em></strong></span> <span class='ocrx_word' id='word_1_84' title='bbox 1881 952 1957 998; x_wconf 90' lang='lat' dir='ltr'><strong><em>est</em></strong></span> 
     </span>
     <span class='ocr_line' id='line_1_11' title="bbox 256 1023 2078 1090; baseline -0.002 -19"><span class='ocrx_word' id='word_1_85' title='bbox 256 1023 438 1086; x_wconf 68' lang='lat' dir='ltr'><strong><em>IaerX,</em></strong></span> <span class='ocrx_word' id='word_1_86' title='bbox 469 1027 642 1071; x_wconf 89' lang='lat' dir='ltr'><strong><em>retorto</em></strong></span> <span class='ocrx_word' id='word_1_87' title='bbox 673 1023 944 1071; x_wconf 88' lang='lat' dir='ltr'><strong><em>Paeonium</em></strong></span> <span class='ocrx_word' id='word_1_88' title='bbox 980 1024 1036 1070; x_wconf 91' lang='lat' dir='ltr'><strong><em>in</em></strong></span> <span class='ocrx_word' id='word_1_89' title='bbox 1073 1037 1254 1071; x_wconf 92' lang='lat' dir='ltr'><strong><em>morem</em></strong></span> <span class='ocrx_word' id='word_1_90' title='bbox 1284 1025 1446 1071; x_wconf 89' lang='lat' dir='ltr'><strong><em>senior</em></strong></span> <span class='ocrx_word' id='word_1_91' title='bbox 1475 1024 1745 1072; x_wconf 87' lang='lat' dir='ltr'><strong><em>succinctus</em></strong></span> <span class='ocrx_word' id='word_1_92' title='bbox 1776 1024 1956 1072; x_wconf 83' lang='lat' dir='ltr'><strong><em>amictu</em></strong></span> <span class='ocrx_word' id='word_1_93' title='bbox 1987 1035 2030 1068; x_wconf 79' lang='grc' dir='ltr'><strong><em>ιο</em></strong></span> <span class='ocrx_word' id='word_1_94' title='bbox 2077 1086 2078 1090; x_wconf 12' lang='lat'>¹</span> 
     </span>
     <span class='ocr_line' id='line_1_12' title="bbox 254 1097 1957 1158; baseline 0.001 -14"><span class='ocrx_word' id='word_1_95' title='bbox 254 1097 410 1145; x_wconf 86' lang='lat' dir='ltr'><strong><em>multa</em></strong></span> <span class='ocrx_word' id='word_1_96' title='bbox 447 1113 601 1146; x_wconf 87' lang='lat' dir='ltr'><strong><em>manu</em></strong></span> <span class='ocrx_word' id='word_1_97' title='bbox 630 1098 819 1146; x_wconf 88' lang='lat' dir='ltr'><strong><em>medica</em></strong></span> <span class='ocrx_word' id='word_1_98' title='bbox 847 1097 1117 1157; x_wconf 75' lang='lat' dir='ltr'><em>Phoebique</em></span> <span class='ocrx_word' id='word_1_99' title='bbox 1142 1098 1418 1158; x_wconf 80' lang='lat' dir='ltr'><strong><em>potentibus</em></strong></span> <span class='ocrx_word' id='word_1_100' title='bbox 1448 1098 1608 1146; x_wconf 77' lang='lat' dir='ltr'><strong><em>herbis</em></strong></span> <span class='ocrx_word' id='word_1_101' title='bbox 1637 1097 1957 1157; x_wconf 73' lang='lat' dir='ltr'><strong><em>nequicquam</em></strong></span> 
     </span>
     <span class='ocr_line' id='line_1_13' title="bbox 255 1171 1957 1232; baseline 0 -13"><span class='ocrx_word' id='word_1_102' title='bbox 255 1171 487 1231; x_wconf 72' lang='lat' dir='ltr'><strong><em>trepidat,</em></strong></span> <span class='ocrx_word' id='word_1_103' title='bbox 537 1172 857 1232; x_wconf 76' lang='lat' dir='ltr'><strong><em>nequicquam</em></strong></span> <span class='ocrx_word' id='word_1_104' title='bbox 907 1172 1100 1231; x_wconf 76' lang='lat' dir='ltr'><strong><em>spicula</em></strong></span> <span class='ocrx_word' id='word_1_105' title='bbox 1157 1171 1326 1220; x_wconf 76' lang='lat' dir='ltr'><strong><em>dextra</em></strong></span> <span class='ocrx_word' id='word_1_106' title='bbox 1383 1172 1609 1220; x_wconf 85' lang='lat' dir='ltr'><strong><em>sollicitat</em></strong></span> <span class='ocrx_word' id='word_1_107' title='bbox 1662 1175 1957 1231; x_wconf 76' lang='lat' dir='ltr'><strong><em>prensatque</em></strong></span> 
     </span>
     <span class='ocr_line' id='line_1_14' title="bbox 153 1246 1957 1307; baseline -0.001 -14"><span class='ocrx_word' id='word_1_108' title='bbox 153 1254 238 1293; x_wconf 85' lang='lat'><strong><em>405</em></strong></span> <span class='ocrx_word' id='word_1_109' title='bbox 256 1246 413 1294; x_wconf 88' lang='lat' dir='ltr'><strong><em>tenaci</em></strong></span> <span class='ocrx_word' id='word_1_110' title='bbox 442 1247 626 1306; x_wconf 76' lang='lat' dir='ltr'><strong><em>forcipe</em></strong></span> <span class='ocrx_word' id='word_1_111' title='bbox 655 1248 857 1305; x_wconf 80' lang='lat' dir='ltr'><strong><em>ferrum.</em></strong></span> <span class='ocrx_word' id='word_1_112' title='bbox 911 1246 1052 1293; x_wconf 85' lang='lat' dir='ltr'><strong><em>nulla</em></strong></span> <span class='ocrx_word' id='word_1_113' title='bbox 1082 1246 1216 1294; x_wconf 81' lang='lat' dir='ltr'><strong><em>viam</em></strong></span> <span class='ocrx_word' id='word_1_114' title='bbox 1244 1247 1447 1305; x_wconf 79' lang='lat' dir='ltr'><strong><em>fortuna</em></strong></span> <span class='ocrx_word' id='word_1_115' title='bbox 1476 1247 1610 1307; x_wconf 78' lang='lat' dir='ltr'><strong><em>reqit,</em></strong></span> <span class='ocrx_word' id='word_1_116' title='bbox 1642 1246 1766 1293; x_wconf 80' lang='lat' dir='ltr'><strong><em>nihil</em></strong></span> <span class='ocrx_word' id='word_1_117' title='bbox 1790 1249 1957 1294; x_wconf 86' lang='lat' dir='ltr'><strong><em>auctor</em></strong></span> 
     </span>
     <span class='ocr_line' id='line_1_15' title="bbox 255 1318 1957 1381; baseline 0.001 -15"><span class='ocrx_word' id='word_1_118' title='bbox 255 1318 431 1380; x_wconf 75' lang='lat' dir='ltr'><strong><em>Apollo</em></strong></span> <span class='ocrx_word' id='word_1_119' title='bbox 479 1320 727 1368; x_wconf 81' lang='lat' dir='ltr'><strong><em>subvenit:</em></strong></span> <span class='ocrx_word' id='word_1_120' title='bbox 781 1335 893 1367; x_wconf 93' lang='lat' dir='ltr'><strong><em>cum</em></strong></span> <span class='ocrx_word' id='word_1_121' title='bbox 938 1319 1132 1368; x_wconf 83' lang='lat' dir='ltr'><strong><em>Aeneas</em></strong></span> <span class='ocrx_word' id='word_1_122' title='bbox 1182 1321 1339 1368; x_wconf 87' lang='lat' dir='ltr'><strong><em>staret</em></strong></span> <span class='ocrx_word' id='word_1_123' title='bbox 1385 1323 1435 1368; x_wconf 91' lang='lat' dir='ltr'><strong><em>et</em></strong></span> <span class='ocrx_word' id='word_1_124' title='bbox 1479 1321 1734 1381; x_wconf 86' lang='lat' dir='ltr'><strong><em>fremeret,</em></strong></span> <span class='ocrx_word' id='word_1_125' title='bbox 1783 1319 1957 1368; x_wconf 89' lang='lat' dir='ltr'><strong><em>flerent</em></strong></span> 
     </span>
     <span class='ocr_line' id='line_1_16' title="bbox 255 1393 2029 1457; baseline 0.001 -16"><span class='ocrx_word' id='word_1_126' title='bbox 255 1396 539 1456; x_wconf 71' lang='lat' dir='ltr'><strong><em>praesentes</em></strong></span> <span class='ocrx_word' id='word_1_127' title='bbox 573 1396 623 1442; x_wconf 91' lang='lat' dir='ltr'><strong><em>et</em></strong></span> <span class='ocrx_word' id='word_1_128' title='bbox 656 1394 786 1442; x_wconf 92' lang='lat' dir='ltr'><strong><em>filius</em></strong></span> <span class='ocrx_word' id='word_1_129' title='bbox 818 1394 1047 1442; x_wconf 81' lang='lat' dir='ltr'><strong><em>lacrimas</em></strong></span> <span class='ocrx_word' id='word_1_130' title='bbox 1080 1393 1324 1455; x_wconf 86' lang='lat' dir='ltr'><strong><em>funderet,</em></strong></span> <span class='ocrx_word' id='word_1_131' title='bbox 1348 1393 1507 1457; x_wconf 86' lang='lat' dir='ltr'><strong><em>Iapyx</em></strong></span> <span class='ocrx_word' id='word_1_132' title='bbox 1538 1410 1739 1456; x_wconf 88' lang='lat' dir='ltr'><strong><em>operam</em></strong></span> <span class='ocrx_word' id='word_1_133' title='bbox 1770 1410 1955 1443; x_wconf 80' lang='lat' dir='ltr'><strong><em>navare</em></strong></span> <span class='ocrx_word' id='word_1_134' title='bbox 1987 1405 2029 1438; x_wconf 87' lang='lat'><strong><em>15</em></strong></span> 
     </span>
     <span class='ocr_line' id='line_1_17' title="bbox 257 1467 1957 1530; baseline 0 -14"><span class='ocrx_word' id='word_1_135' title='bbox 257 1470 507 1530; x_wconf 90' lang='lat' dir='ltr'><strong><em>coeperat,</em></strong></span> <span class='ocrx_word' id='word_1_136' title='bbox 563 1471 620 1516; x_wconf 91' lang='lat' dir='ltr'><strong><em>ut</em></strong></span> <span class='ocrx_word' id='word_1_137' title='bbox 664 1468 881 1516; x_wconf 88' lang='lat' dir='ltr'><strong><em>medicas</em></strong></span> <span class='ocrx_word' id='word_1_138' title='bbox 930 1467 1167 1516; x_wconf 90' lang='lat' dir='ltr'><strong><em>adhibens</em></strong></span> <span class='ocrx_word' id='word_1_139' title='bbox 1214 1484 1393 1517; x_wconf 92' lang='lat' dir='ltr'><strong><em>manus</em></strong></span> <span class='ocrx_word' id='word_1_140' title='bbox 1437 1471 1634 1517; x_wconf 89' lang='lat' dir='ltr'><strong><em>curaret</em></strong></span> <span class='ocrx_word' id='word_1_141' title='bbox 1671 1468 1870 1516; x_wconf 89' lang='lat' dir='ltr'><strong><em>heroem</em></strong></span> <span class='ocrx_word' id='word_1_142' title='bbox 1907 1471 1957 1516; x_wconf 90' lang='lat' dir='ltr'><strong><em>et</em></strong></span> 
     </span>
     <span class='ocr_line' id='line_1_18' title="bbox 255 1541 1954 1605; baseline 0.001 -16"><span class='ocrx_word' id='word_1_143' title='bbox 255 1543 543 1590; x_wconf 87' lang='lat' dir='ltr'><strong><em>restitueret</em></strong></span> <span class='ocrx_word' id='word_1_144' title='bbox 579 1542 724 1590; x_wconf 85' lang='lat' dir='ltr'><strong><em>bello.</em></strong></span> <span class='ocrx_word' id='word_1_145' title='bbox 781 1542 995 1590; x_wconf 85' lang='lat' dir='ltr'><strong><em>accinxit</em></strong></span> <span class='ocrx_word' id='word_1_146' title='bbox 1031 1557 1082 1590; x_wconf 89' lang='lat' dir='ltr'><strong><em>se</em></strong></span> <span class='ocrx_word' id='word_1_147' title='bbox 1117 1542 1297 1604; x_wconf 78' lang='lat' dir='ltr'><strong><em>IapyX,</em></strong></span> <span class='ocrx_word' id='word_1_148' title='bbox 1335 1543 1524 1605; x_wconf 88' lang='lat' dir='ltr'><strong><em>inquit,</em></strong></span> <span class='ocrx_word' id='word_1_149' title='bbox 1562 1559 1698 1591; x_wconf 90' lang='lat' dir='ltr'><strong><em>more</em></strong></span> <span class='ocrx_word' id='word_1_150' title='bbox 1735 1541 1954 1591; x_wconf 90' lang='lat' dir='ltr'><strong><em>Paeonio</em></strong></span> 
     </span>
     <span class='ocr_line' id='line_1_19' title="bbox 256 1615 1954 1678; baseline 0.001 -15"><span class='ocrx_word' id='word_1_151' title='bbox 256 1616 349 1663; x_wconf 92' lang='lat' dir='ltr'><strong><em>hoc</em></strong></span> <span class='ocrx_word' id='word_1_152' title='bbox 374 1618 450 1664; x_wconf 88' lang='lat' dir='ltr'><strong><em>est</em></strong></span> <span class='ocrx_word' id='word_1_153' title='bbox 471 1616 791 1678; x_wconf 90' lang='lat' dir='ltr'><strong><em>medicorum,</em></strong></span> <span class='ocrx_word' id='word_1_154' title='bbox 816 1615 917 1664; x_wconf 88' lang='lat' dir='ltr'><strong><em>alia</em></strong></span> <span class='ocrx_word' id='word_1_155' title='bbox 940 1615 1126 1664; x_wconf 88' lang='lat' dir='ltr'><strong><em>faciens</em></strong></span> <span class='ocrx_word' id='word_1_156' title='bbox 1150 1632 1317 1676; x_wconf 90' lang='lat' dir='ltr'><strong><em>manu,</em></strong></span> <span class='ocrx_word' id='word_1_157' title='bbox 1342 1616 1443 1664; x_wconf 90' lang='lat' dir='ltr'><strong><em>alia</em></strong></span> <span class='ocrx_word' id='word_1_158' title='bbox 1465 1616 1729 1664; x_wconf 88' lang='lat' dir='ltr'><strong><em>herbarum</em></strong></span> <span class='ocrx_word' id='word_1_159' title='bbox 1753 1617 1954 1678; x_wconf 87' lang='lat' dir='ltr'><strong><em>cupiens</em></strong></span> 
     </span>
     <span class='ocr_line' id='line_1_20' title="bbox 257 1689 1954 1754; baseline 0.001 -18"><span class='ocrx_word' id='word_1_160' title='bbox 257 1691 423 1739; x_wconf 89' lang='lat' dir='ltr'><strong><em>levare</em></strong></span> <span class='ocrx_word' id='word_1_161' title='bbox 462 1690 702 1751; x_wconf 92' lang='lat' dir='ltr'><strong><em>remedio,</em></strong></span> <span class='ocrx_word' id='word_1_162' title='bbox 750 1705 963 1752; x_wconf 88' lang='lat' dir='ltr'><strong><em>quarum</em></strong></span> <span class='ocrx_word' id='word_1_163' title='bbox 1008 1691 1112 1738; x_wconf 85' lang='lat' dir='ltr'><strong><em>vim</em></strong></span> <span class='ocrx_word' id='word_1_164' title='bbox 1148 1689 1348 1737; x_wconf 90' lang='lat' dir='ltr'><strong><em>Phoebo</em></strong></span> <span class='ocrx_word' id='word_1_165' title='bbox 1396 1690 1601 1738; x_wconf 75' lang='lat' dir='ltr'><strong><em>docente</em></strong></span> <span class='ocrx_word' id='word_1_166' title='bbox 1640 1693 1954 1754; x_wconf 84' lang='lat' dir='ltr'><strong><em>cognoverat.</em></strong></span> 
     </span>
     <span class='ocr_line' id='line_1_21' title="bbox 257 1764 2031 1827; baseline -0.002 -15"><span class='ocrx_word' id='word_1_167' title='bbox 257 1765 343 1813; x_wconf 89' lang='lat' dir='ltr'><strong><em>sed</em></strong></span> <span class='ocrx_word' id='word_1_168' title='bbox 383 1779 496 1812; x_wconf 89' lang='lat' dir='ltr'><strong><em>cum</em></strong></span> <span class='ocrx_word' id='word_1_169' title='bbox 534 1765 655 1812; x_wconf 91' lang='lat' dir='ltr'><strong><em>haec</em></strong></span> <span class='ocrx_word' id='word_1_170' title='bbox 693 1779 965 1827; x_wconf 90' lang='lat' dir='ltr'><strong><em>properans</em></strong></span> <span class='ocrx_word' id='word_1_171' title='bbox 1010 1766 1199 1826; x_wconf 84' lang='lat' dir='ltr'><strong><em>ageret,</em></strong></span> <span class='ocrx_word' id='word_1_172' title='bbox 1246 1780 1345 1812; x_wconf 92' lang='lat' dir='ltr'><strong><em>non</em></strong></span> <span class='ocrx_word' id='word_1_173' title='bbox 1392 1764 1692 1826; x_wconf 75' lang='lat' dir='ltr'><strong><em>sequebatur</em></strong></span> <span class='ocrx_word' id='word_1_174' title='bbox 1730 1764 1954 1826; x_wconf 82' lang='lat' dir='ltr'><strong><em>effectus3</em></strong></span> <span class='ocrx_word' id='word_1_175' title='bbox 1988 1777 2031 1810; x_wconf 78' lang='lat'><strong><em>20</em></strong></span> 
     </span>
     <span class='ocr_line' id='line_1_22' title="bbox 257 1838 1956 1902; baseline 0.001 -17"><span class='ocrx_word' id='word_1_176' title='bbox 257 1839 444 1886; x_wconf 88' lang='lat' dir='ltr'><strong><em>frustra</em></strong></span> <span class='ocrx_word' id='word_1_177' title='bbox 499 1840 630 1886; x_wconf 90' lang='lat' dir='ltr'><strong><em>enim</em></strong></span> <span class='ocrx_word' id='word_1_178' title='bbox 683 1838 989 1900; x_wconf 72' lang='lat' dir='ltr'><strong><em>trepidabat,</em></strong></span> <span class='ocrx_word' id='word_1_179' title='bbox 1049 1838 1237 1886; x_wconf 90' lang='lat' dir='ltr'><strong><em>frustra</em></strong></span> <span class='ocrx_word' id='word_1_180' title='bbox 1284 1839 1564 1901; x_wconf 86' lang='lat' dir='ltr'><strong><em>temptabat</em></strong></span> <span class='ocrx_word' id='word_1_181' title='bbox 1616 1838 1855 1902; x_wconf 90' lang='lat' dir='ltr'><strong><em>sagittam</em></strong></span> <span class='ocrx_word' id='word_1_182' title='bbox 1905 1841 1956 1887; x_wconf 87' lang='lat' dir='ltr'><strong><em>et</em></strong></span> 
     </span>
     <span class='ocr_line' id='line_1_23' title="bbox 257 1911 1955 1976; baseline 0.001 -16"><span class='ocrx_word' id='word_1_183' title='bbox 257 1928 482 1975; x_wconf 89' lang='lat' dir='ltr'><strong><em>pressam</em></strong></span> <span class='ocrx_word' id='word_1_184' title='bbox 512 1913 699 1975; x_wconf 82' lang='lat' dir='ltr'><strong><em>forcipe</em></strong></span> <span class='ocrx_word' id='word_1_185' title='bbox 734 1913 921 1961; x_wconf 87' lang='lat' dir='ltr'><strong><em>frustra</em></strong></span> <span class='ocrx_word' id='word_1_186' title='bbox 959 1911 1214 1960; x_wconf 73' lang='lat' dir='ltr'><strong><em>nitebatur</em></strong></span> <span class='ocrx_word' id='word_1_187' title='bbox 1251 1913 1528 1973; x_wconf 86' lang='lat' dir='ltr'><strong><em>extrahere,</em></strong></span> <span class='ocrx_word' id='word_1_188' title='bbox 1567 1913 1714 1976; x_wconf 90' lang='lat' dir='ltr'><strong><em>longe</em></strong></span> <span class='ocrx_word' id='word_1_189' title='bbox 1752 1927 1955 1974; x_wconf 90' lang='lat' dir='ltr'><strong><em>prorsus</em></strong></span> 
     </span>
     <span class='ocr_line' id='line_1_24' title="bbox 257 1986 1955 2050; baseline 0.001 -17"><span class='ocrx_word' id='word_1_190' title='bbox 257 1987 358 2034; x_wconf 88' lang='lat' dir='ltr'><strong><em>fuit</em></strong></span> <span class='ocrx_word' id='word_1_191' title='bbox 422 1987 645 2047; x_wconf 86' lang='lat' dir='ltr'><strong><em>fortuna,</em></strong></span> <span class='ocrx_word' id='word_1_192' title='bbox 715 2003 845 2049; x_wconf 88' lang='lat' dir='ltr'><strong><em>quae</em></strong></span> <span class='ocrx_word' id='word_1_193' title='bbox 897 1987 1095 2035; x_wconf 87' lang='lat' dir='ltr'><strong><em>iuvaret</em></strong></span> <span class='ocrx_word' id='word_1_194' title='bbox 1149 1986 1442 2048; x_wconf 86' lang='lat' dir='ltr'><strong><em>instantem,</em></strong></span> <span class='ocrx_word' id='word_1_195' title='bbox 1503 1987 1649 2050; x_wconf 86' lang='lat' dir='ltr'><strong><em>longe</em></strong></span> <span class='ocrx_word' id='word_1_196' title='bbox 1703 1986 1955 2049; x_wconf 88' lang='lat' dir='ltr'><strong><em>Apollinis</em></strong></span> 
     </span>
     <span class='ocr_line' id='line_1_25' title="bbox 258 2060 1958 2122; baseline 0 -14"><span class='ocrx_word' id='word_1_197' title='bbox 258 2060 497 2108; x_wconf 88' lang='lat' dir='ltr'><strong><em>doctrina.</em></strong></span> <span class='ocrx_word' id='word_1_198' title='bbox 549 2065 592 2108; x_wconf 92' lang='lat' dir='ltr'><strong><em>et</em></strong></span> <span class='ocrx_word' id='word_1_199' title='bbox 620 2075 796 2108; x_wconf 76' lang='lat' dir='ltr'><strong><em>saevus</em></strong></span> <span class='ocrx_word' id='word_1_200' title='bbox 828 2061 1013 2121; x_wconf 75' lang='lat' dir='ltr'><strong><em>campis</em></strong></span> <span class='ocrx_word' id='word_1_201' title='bbox 1042 2062 1200 2121; x_wconf 81' lang='lat' dir='ltr'><strong><em>maqis</em></strong></span> <span class='ocrx_word' id='word_1_202' title='bbox 1232 2076 1290 2108; x_wconf 92' lang='lat' dir='ltr'><strong><em>ac</em></strong></span> <span class='ocrx_word' id='word_1_203' title='bbox 1318 2062 1476 2122; x_wconf 81' lang='lat' dir='ltr'><strong><em>maqis</em></strong></span> <span class='ocrx_word' id='word_1_204' title='bbox 1506 2062 1677 2108; x_wconf 78' lang='lat' dir='ltr'><strong><em>horror</em></strong></span> <span class='ocrx_word' id='word_1_205' title='bbox 1708 2062 1958 2109; x_wconf 80' lang='lat' dir='ltr'><strong><em>crebrescit</em></strong></span> 
     </span>
     <span class='ocr_line' id='line_1_26' title="bbox 253 2134 2028 2198; baseline -0.001 -17"><span class='ocrx_word' id='word_1_206' title='bbox 253 2135 550 2194; x_wconf 74' lang='lat' dir='ltr'><strong><em>propiusque</em></strong></span> <span class='ocrx_word' id='word_1_207' title='bbox 598 2135 784 2182; x_wconf 83' lang='lat' dir='ltr'><strong><em>malum</em></strong></span> <span class='ocrx_word' id='word_1_208' title='bbox 822 2139 913 2182; x_wconf 90' lang='lat' dir='ltr'><strong><em>est:</em></strong></span> <span class='ocrx_word' id='word_1_209' title='bbox 952 2151 1010 2182; x_wconf 87' lang='lat' dir='ltr'><strong><em>ex</em></strong></span> <span class='ocrx_word' id='word_1_210' title='bbox 1047 2151 1147 2182; x_wconf 89' lang='lat' dir='ltr'><strong><em>una</em></strong></span> <span class='ocrx_word' id='word_1_211' title='bbox 1182 2137 1324 2197; x_wconf 88' lang='lat' dir='ltr'><strong><em>parte</em></strong></span> <span class='ocrx_word' id='word_1_212' title='bbox 1365 2151 1464 2184; x_wconf 94' lang='lat' dir='ltr'><strong><em>non</em></strong></span> <span class='ocrx_word' id='word_1_213' title='bbox 1495 2134 1785 2198; x_wconf 87' lang='lat' dir='ltr'><strong><em>proficiebat</em></strong></span> <span class='ocrx_word' id='word_1_214' title='bbox 1823 2150 1955 2196; x_wconf 89' lang='lat' dir='ltr'><strong><em>cura,</em></strong></span> <span class='ocrx_word' id='word_1_215' title='bbox 1986 2147 2028 2180; x_wconf 74' lang='lat'><strong><em>25</em></strong></span> 
     </span>
     <span class='ocr_line' id='line_1_27' title="bbox 258 2208 1953 2271; baseline 0.001 -16"><span class='ocrx_word' id='word_1_216' title='bbox 258 2225 317 2255; x_wconf 83' lang='lat' dir='ltr'><strong><em>ex</em></strong></span> <span class='ocrx_word' id='word_1_217' title='bbox 357 2208 459 2257; x_wconf 89' lang='lat' dir='ltr'><strong><em>alia</em></strong></span> <span class='ocrx_word' id='word_1_218' title='bbox 497 2209 684 2256; x_wconf 91' lang='lat' dir='ltr'><strong><em>malum</em></strong></span> <span class='ocrx_word' id='word_1_219' title='bbox 721 2209 841 2257; x_wconf 89' lang='lat' dir='ltr'><strong><em>belli</em></strong></span> <span class='ocrx_word' id='word_1_220' title='bbox 893 2208 1141 2257; x_wconf 91' lang='lat' dir='ltr'><strong><em>crescebat</em></strong></span> <span class='ocrx_word' id='word_1_221' title='bbox 1186 2212 1236 2257; x_wconf 88' lang='lat' dir='ltr'><strong><em>et</em></strong></span> <span class='ocrx_word' id='word_1_222' title='bbox 1281 2211 1511 2271; x_wconf 89' lang='lat' dir='ltr'><strong><em>apertum</em></strong></span> <span class='ocrx_word' id='word_1_223' title='bbox 1550 2209 1811 2257; x_wconf 89' lang='lat' dir='ltr'><strong><em>discrimen</em></strong></span> <span class='ocrx_word' id='word_1_224' title='bbox 1850 2223 1953 2257; x_wconf 87' lang='lat' dir='ltr'><strong><em>esse</em></strong></span> 
     </span>
     <span class='ocr_line' id='line_1_28' title="bbox 259 2282 1953 2345; baseline 0.001 -15"><span class='ocrx_word' id='word_1_225' title='bbox 259 2283 488 2345; x_wconf 90' lang='lat' dir='ltr'><strong><em>coeperat</em></strong></span> <span class='ocrx_word' id='word_1_226' title='bbox 525 2283 817 2344; x_wconf 82' lang='lat' dir='ltr'><strong><em>proximum.</em></strong></span> <span class='ocrx_word' id='word_1_227' title='bbox 867 2284 968 2331; x_wconf 90' lang='lat' dir='ltr'><strong><em>iam</em></strong></span> <span class='ocrx_word' id='word_1_228' title='bbox 1000 2283 1202 2343; x_wconf 74' lang='lat' dir='ltr'><strong><em>pulvere</em></strong></span> <span class='ocrx_word' id='word_1_229' title='bbox 1234 2283 1420 2331; x_wconf 91' lang='lat' dir='ltr'><strong><em>caelum</em></strong></span> <span class='ocrx_word' id='word_1_230' title='bbox 1449 2286 1579 2331; x_wconf 89' lang='lat' dir='ltr'><strong><em>stare</em></strong></span> <span class='ocrx_word' id='word_1_231' title='bbox 1613 2283 1798 2331; x_wconf 83' lang='lat' dir='ltr'><strong><em>vident:</em></strong></span> <span class='ocrx_word' id='word_1_232' title='bbox 1835 2282 1953 2331; x_wconf 89' lang='lat' dir='ltr'><strong><em>talis</em></strong></span> 
     </span>
     <span class='ocr_line' id='line_1_29' title="bbox 260 2356 1954 2419; baseline 0 -15"><span class='ocrx_word' id='word_1_233' title='bbox 260 2356 535 2419; x_wconf 88' lang='lat' dir='ltr'><strong><em>apparebat</em></strong></span> <span class='ocrx_word' id='word_1_234' title='bbox 554 2357 733 2418; x_wconf 83' lang='lat' dir='ltr'><strong><em>pulvis,</em></strong></span> <span class='ocrx_word' id='word_1_235' title='bbox 752 2359 808 2404; x_wconf 90' lang='lat' dir='ltr'><strong><em>ut</em></strong></span> <span class='ocrx_word' id='word_1_236' title='bbox 832 2358 1022 2405; x_wconf 91' lang='lat' dir='ltr'><strong><em>caelum</em></strong></span> <span class='ocrx_word' id='word_1_237' title='bbox 1038 2359 1236 2419; x_wconf 88' lang='lat' dir='ltr'><strong><em>portare</em></strong></span> <span class='ocrx_word' id='word_1_238' title='bbox 1254 2358 1518 2405; x_wconf 88' lang='lat' dir='ltr'><strong><em>videretur.</em></strong></span> <span class='ocrx_word' id='word_1_239' title='bbox 1550 2358 1756 2404; x_wconf 77' lang='lat' dir='ltr'><strong><em>subeunt</em></strong></span> <span class='ocrx_word' id='word_1_240' title='bbox 1778 2357 1954 2417; x_wconf 90' lang='lat' dir='ltr'><strong><em>equites</em></strong></span> 
     </span>
     <span class='ocr_line' id='line_1_30' title="bbox 260 2430 1955 2490; baseline 0 -12"><span class='ocrx_word' id='word_1_241' title='bbox 260 2434 302 2478; x_wconf 85' lang='lat' dir='ltr'><strong><em>et</em></strong></span> <span class='ocrx_word' id='word_1_242' title='bbox 339 2431 529 2490; x_wconf 74' lang='lat' dir='ltr'><strong><em>spicula</em></strong></span> <span class='ocrx_word' id='word_1_243' title='bbox 569 2431 741 2478; x_wconf 85' lang='lat' dir='ltr'><strong><em>castris</em></strong></span> <span class='ocrx_word' id='word_1_244' title='bbox 780 2431 931 2478; x_wconf 85' lang='lat' dir='ltr'><strong><em>densa</em></strong></span> <span class='ocrx_word' id='word_1_245' title='bbox 971 2432 1153 2479; x_wconf 90' lang='lat' dir='ltr'><strong><em>cadunt</em></strong></span> <span class='ocrx_word' id='word_1_246' title='bbox 1181 2432 1374 2487; x_wconf 90' lang='lat' dir='ltr'><strong><em>mediis,</em></strong></span> <span class='ocrx_word' id='word_1_247' title='bbox 1414 2432 1452 2478; x_wconf 88' lang='lat' dir='ltr'><strong><em>it</em></strong></span> <span class='ocrx_word' id='word_1_248' title='bbox 1482 2431 1632 2479; x_wconf 85' lang='lat' dir='ltr'><strong><em>tristis</em></strong></span> <span class='ocrx_word' id='word_1_249' title='bbox 1664 2431 1731 2478; x_wconf 90' lang='lat' dir='ltr'><strong><em>ad</em></strong></span> <span class='ocrx_word' id='word_1_250' title='bbox 1753 2430 1955 2478; x_wconf 58' lang='lat' dir='ltr'><strong><em>‘aethera</em></strong></span> 
     </span>
     <span class='ocr_line' id='line_1_31' title="bbox 155 2504 2028 2553; baseline 0.001 -5"><span class='ocrx_word' id='word_1_251' title='bbox 155 2510 241 2549; x_wconf 83' lang='lat'><strong><em>410</em></strong></span> <span class='ocrx_word' id='word_1_252' title='bbox 260 2505 441 2552; x_wconf 82' lang='lat' dir='ltr'><strong><em>clamor</em></strong></span> <span class='ocrx_word' id='word_1_253' title='bbox 489 2505 751 2553; x_wconf 83' lang='lat' dir='ltr'><strong><em>bellantum</em></strong></span> <span class='ocrx_word' id='word_1_254' title='bbox 797 2505 1027 2552; x_wconf 83' lang='lat' dir='ltr'><strong><em>iuvenum</em></strong></span> <span class='ocrx_word' id='word_1_255' title='bbox 1073 2509 1116 2552; x_wconf 90' lang='lat' dir='ltr'><strong><em>et</em></strong></span> <span class='ocrx_word' id='word_1_256' title='bbox 1160 2506 1282 2553; x_wconf 91' lang='lat' dir='ltr'><strong><em>duro</em></strong></span> <span class='ocrx_word' id='word_1_257' title='bbox 1328 2506 1418 2553; x_wconf 86' lang='lat' dir='ltr'><strong><em>sub</em></strong></span> <span class='ocrx_word' id='word_1_258' title='bbox 1464 2506 1631 2553; x_wconf 87' lang='lat' dir='ltr'><strong><em>Marte</em></strong></span> <span class='ocrx_word' id='word_1_259' title='bbox 1677 2504 1954 2552; x_wconf 82' lang='lat' dir='ltr'><strong><em>cadentum:</em></strong></span> <span class='ocrx_word' id='word_1_260' title='bbox 1984 2517 2028 2550; x_wconf 85' lang='lat'><strong><em>30</em></strong></span> 
     </span>
    </p>
   </div>
   <div class='ocr_carea' id='block_1_3' title="bbox 260 2605 612 2610">
    <p class='ocr_par' dir='ltr' id='par_1_3' title="bbox 260 2605 612 2610">
     <span class='ocr_line' id='line_1_32' title="bbox 260 2605 612 2610; baseline 0 0"><span class='ocrx_word' id='word_1_261' title='bbox 260 2605 612 2610; x_wconf 95' lang='lat' dir='ltr'><strong><em> </em></strong></span> 
     </span>
    </p>
   </div>
   <div class='ocr_carea' id='block_1_4' title="bbox 260 2674 1953 3073">
    <p class='ocr_par' dir='ltr' id='par_1_4' title="bbox 260 2674 1953 3073">
     <span class='ocr_line' id='line_1_33' title="bbox 380 2674 1953 2731; baseline 0 -14"><span class='ocrx_word' id='word_1_262' title='bbox 380 2680 402 2717; x_wconf 94' lang='lat'><strong>1</strong></span> <span class='ocrx_word' id='word_1_263' title='bbox 445 2676 620 2719; x_wconf 81' lang='lat' dir='ltr'><strong><em>dimisit</em></strong></span> <span class='ocrx_word' id='word_1_264' title='bbox 657 2675 728 2718; x_wconf 90' lang='lat' dir='ltr'><strong><em>ed.</em></strong></span> <span class='ocrx_word' id='word_1_265' title='bbox 861 2679 888 2717; x_wconf 87' lang='lat'>4</span> <span class='ocrx_word' id='word_1_266' title='bbox 928 2680 1061 2729; x_wconf 85' lang='lat' dir='ltr'><strong><em>atque</em></strong></span> <span class='ocrx_word' id='word_1_267' title='bbox 1092 2677 1293 2720; x_wconf 90' lang='lat' dir='ltr'><strong><em>omnium</em></strong></span> <span class='ocrx_word' id='word_1_268' title='bbox 1323 2677 1430 2731; x_wconf 78' lang='lat' dir='ltr'><strong><em>fletu</em></strong></span> <span class='ocrx_word' id='word_1_269' title='bbox 1454 2674 1495 2717; x_wconf 92' lang='lat' dir='ltr'><strong>V</strong></span> <span class='ocrx_word' id='word_1_270' title='bbox 1526 2689 1581 2719; x_wconf 88' lang='lat' dir='ltr'><strong><em>ac</em></strong></span> <span class='ocrx_word' id='word_1_271' title='bbox 1609 2677 1717 2731; x_wconf 74' lang='lat' dir='ltr'><strong><em>fletu</em></strong></span> <span class='ocrx_word' id='word_1_272' title='bbox 1746 2675 1953 2718; x_wconf 88' lang='lat' dir='ltr'><strong><em>animum</em></strong></span> 
     </span>
     <span class='ocr_line' id='line_1_34' title="bbox 260 2733 1950 2790; baseline -0.001 -13"><span class='ocrx_word' id='word_1_273' title='bbox 260 2734 362 2778; x_wconf 87' lang='lat' dir='ltr'><strong><em>edF</em></strong></span> <span class='ocrx_word' id='word_1_274' title='bbox 403 2734 718 2790; x_wconf 86' lang='lat' dir='ltr'><strong><em>(dissimulans</em></strong></span> <span class='ocrx_word' id='word_1_275' title='bbox 751 2747 779 2776; x_wconf 88' lang='lat' dir='ltr'><strong><em>a</em></strong></span> <span class='ocrx_word' id='word_1_276' title='bbox 812 2733 868 2777; x_wconf 89' lang='lat' dir='ltr'><strong><em>cf.</em></strong></span> <span class='ocrx_word' id='word_1_277' title='bbox 904 2738 943 2786; x_wconf 84' lang='grc'><strong><em>1,</em></strong></span> <span class='ocrx_word' id='word_1_278' title='bbox 970 2735 1085 2789; x_wconf 85' lang='lat'><strong>202).</strong></span> <span class='ocrx_word' id='word_1_279' title='bbox 1215 2739 1241 2777; x_wconf 82' lang='lat'>6</span> <span class='ocrx_word' id='word_1_280' title='bbox 1280 2740 1363 2778; x_wconf 88' lang='lat' dir='ltr'><strong><em>aut</em></strong></span> <span class='ocrx_word' id='word_1_281' title='bbox 1398 2735 1548 2779; x_wconf 89' lang='lat' dir='ltr'><strong><em>sedere</em></strong></span> <span class='ocrx_word' id='word_1_282' title='bbox 1578 2733 1621 2776; x_wconf 93' lang='lat' dir='ltr'><strong>V</strong></span> <span class='ocrx_word' id='word_1_283' title='bbox 1651 2738 1733 2777; x_wconf 88' lang='lat' dir='ltr'><strong><em>aut</em></strong></span> <span class='ocrx_word' id='word_1_284' title='bbox 1763 2747 1855 2776; x_wconf 90' lang='lat' dir='ltr'><strong><em>om.</em></strong></span> <span class='ocrx_word' id='word_1_285' title='bbox 1878 2734 1950 2776; x_wconf 88' lang='lat' dir='ltr'><strong><em>ed.</em></strong></span> 
     </span>
     <span class='ocr_line' id='line_1_35' title="bbox 262 2791 1953 2849; baseline -0.001 -13"><span class='ocrx_word' id='word_1_286' title='bbox 262 2798 285 2836; x_wconf 82' lang='lat'><strong>7</strong></span> <span class='ocrx_word' id='word_1_287' title='bbox 319 2794 464 2836; x_wconf 88' lang='lat' dir='ltr'><strong><em>iacere</em></strong></span> <span class='ocrx_word' id='word_1_288' title='bbox 504 2807 638 2848; x_wconf 87' lang='lat' dir='ltr'><strong><em>quam</em></strong></span> <span class='ocrx_word' id='word_1_289' title='bbox 677 2798 804 2837; x_wconf 85' lang='lat' dir='ltr'><strong><em>utore</em></strong></span> <span class='ocrx_word' id='word_1_290' title='bbox 839 2793 982 2836; x_wconf 88' lang='lat' dir='ltr'><strong><em>debile</em></strong></span> <span class='ocrx_word' id='word_1_291' title='bbox 1012 2791 1055 2835; x_wconf 90' lang='lat' dir='ltr'><strong>V</strong></span> <span class='ocrx_word' id='word_1_292' title='bbox 1085 2794 1115 2836; x_wconf 90' lang='lat' dir='ltr'><strong><em>i.</em></strong></span> <span class='ocrx_word' id='word_1_293' title='bbox 1142 2795 1299 2848; x_wconf 80' lang='lat' dir='ltr'><strong><em>potius</em></strong></span> <span class='ocrx_word' id='word_1_294' title='bbox 1329 2807 1465 2849; x_wconf 90' lang='lat' dir='ltr'><strong><em>quam</em></strong></span> <span class='ocrx_word' id='word_1_295' title='bbox 1494 2799 1613 2837; x_wconf 88' lang='lat' dir='ltr'><strong><em>stare</em></strong></span> <span class='ocrx_word' id='word_1_296' title='bbox 1643 2792 1764 2836; x_wconf 89' lang='lat' dir='ltr'><strong><em>unde</em></strong></span> <span class='ocrx_word' id='word_1_297' title='bbox 1794 2792 1953 2836; x_wconf 89' lang='lat' dir='ltr'><strong><em>debilis</em></strong></span> 
     </span>
     <span class='ocr_line' id='line_1_36' title="bbox 261 2850 1951 2907; baseline 0.001 -12"><span class='ocrx_word' id='word_1_298' title='bbox 261 2852 333 2895; x_wconf 88' lang='lat' dir='ltr'><strong><em>ed.</em></strong></span> <span class='ocrx_word' id='word_1_299' title='bbox 366 2853 484 2907; x_wconf 90' lang='lat' dir='ltr'><strong><em>quod</em></strong></span> <span class='ocrx_word' id='word_1_300' title='bbox 514 2857 635 2896; x_wconf 86' lang='lat' dir='ltr'><strong><em>stare</em></strong></span> <span class='ocrx_word' id='word_1_301' title='bbox 665 2866 747 2895; x_wconf 87' lang='lat' dir='ltr'><strong><em>nos</em></strong></span> <span class='ocrx_word' id='word_1_302' title='bbox 781 2866 885 2895; x_wconf 89' lang='lat' dir='ltr'><strong><em>cum</em></strong></span> <span class='ocrx_word' id='word_1_303' title='bbox 918 2851 1012 2894; x_wconf 87' lang='lat' dir='ltr'><strong><em>alia</em></strong></span> <span class='ocrx_word' id='word_1_304' title='bbox 1044 2851 1357 2896; x_wconf 85' lang='lat' dir='ltr'><strong><em>distinctione.</em></strong></span> <span class='ocrx_word' id='word_1_305' title='bbox 1479 2856 1506 2895; x_wconf 91' lang='lat'>8</span> <span class='ocrx_word' id='word_1_306' title='bbox 1542 2852 1761 2896; x_wconf 89' lang='lat' dir='ltr'><strong><em>debuisset</em></strong></span> <span class='ocrx_word' id='word_1_307' title='bbox 1791 2850 1832 2893; x_wconf 90' lang='lat' dir='ltr'><strong>V</strong></span> <span class='ocrx_word' id='word_1_308' title='bbox 1864 2864 1951 2907; x_wconf 75' lang='lat' dir='ltr'><strong><em>po-</em></strong></span> 
     </span>
     <span class='ocr_line' id='line_1_37' title="bbox 261 2909 1949 2967; baseline -0.001 -13"><span class='ocrx_word' id='word_1_309' title='bbox 261 2913 416 2954; x_wconf 83' lang='lat' dir='ltr'><strong><em>tuisset</em></strong></span> <span class='ocrx_word' id='word_1_310' title='bbox 447 2911 518 2954; x_wconf 90' lang='lat' dir='ltr'><strong><em>ed.</em></strong></span> <span class='ocrx_word' id='word_1_311' title='bbox 614 2915 665 2953; x_wconf 92' lang='lat'><strong><em>11</em></strong></span> <span class='ocrx_word' id='word_1_312' title='bbox 695 2912 907 2966; x_wconf 79' lang='lat' dir='ltr'><strong><em>poibique</em></strong></span> <span class='ocrx_word' id='word_1_313' title='bbox 931 2910 984 2953; x_wconf 92' lang='lat' dir='ltr'><strong><em>V.</em></strong></span> <span class='ocrx_word' id='word_1_314' title='bbox 1080 2916 1133 2954; x_wconf 83' lang='lat'><strong><em>12</em></strong></span> <span class='ocrx_word' id='word_1_315' title='bbox 1160 2916 1409 2967; x_wconf 78' lang='lat' dir='ltr'><strong><em>pensatque</em></strong></span> <span class='ocrx_word' id='word_1_316' title='bbox 1431 2911 1486 2954; x_wconf 92' lang='lat' dir='ltr'><strong><em>V.</em></strong></span> <span class='ocrx_word' id='word_1_317' title='bbox 1584 2914 1637 2953; x_wconf 86' lang='lat'><strong><em>15</em></strong></span> <span class='ocrx_word' id='word_1_318' title='bbox 1670 2911 1872 2954; x_wconf 87' lang='lat' dir='ltr'><strong><em>lacrimis</em></strong></span> <span class='ocrx_word' id='word_1_319' title='bbox 1895 2909 1949 2952; x_wconf 88' lang='lat' dir='ltr'><strong><em>V.</em></strong></span> 
     </span>
     <span class='ocr_line' id='line_1_38' title="bbox 263 2968 1950 3027; baseline 0 -16"><span class='ocrx_word' id='word_1_320' title='bbox 263 2974 316 3011; x_wconf 88' lang='grc'><strong><em>16</em></strong></span> <span class='ocrx_word' id='word_1_321' title='bbox 349 2971 493 3024; x_wconf 78' lang='lat' dir='ltr'><strong><em>coepit</em></strong></span> <span class='ocrx_word' id='word_1_322' title='bbox 520 2970 591 3014; x_wconf 90' lang='lat' dir='ltr'><strong><em>ed.</em></strong></span> <span class='ocrx_word' id='word_1_323' title='bbox 679 2974 731 3012; x_wconf 80' lang='lat'><strong><em>17</em></strong></span> <span class='ocrx_word' id='word_1_324' title='bbox 757 2971 908 3025; x_wconf 86' lang='lat' dir='ltr'><strong><em>inquit</em></strong></span> <span class='ocrx_word' id='word_1_325' title='bbox 935 2983 1021 3012; x_wconf 92' lang='lat' dir='ltr'><strong><em>om.</em></strong></span> <span class='ocrx_word' id='word_1_326' title='bbox 1049 2969 1120 3013; x_wconf 88' lang='lat' dir='ltr'><strong><em>ed.</em></strong></span> <span class='ocrx_word' id='word_1_327' title='bbox 1158 2970 1162 3027; x_wconf 65' lang='grc'><strong><em>1</em></strong></span> <span class='ocrx_word' id='word_1_328' title='bbox 1197 2984 1325 3014; x_wconf 88' lang='lat' dir='ltr'><strong><em>mora</em></strong></span> <span class='ocrx_word' id='word_1_329' title='bbox 1348 2970 1390 3014; x_wconf 93' lang='lat' dir='ltr'><strong>V</strong></span> <span class='ocrx_word' id='word_1_330' title='bbox 1412 2984 1532 3015; x_wconf 89' lang='lat' dir='ltr'><strong><em>more</em></strong></span> <span class='ocrx_word' id='word_1_331' title='bbox 1558 2969 1628 3013; x_wconf 90' lang='lat' dir='ltr'><strong><em>ed.</em></strong></span> <span class='ocrx_word' id='word_1_332' title='bbox 1717 2973 1770 3012; x_wconf 88' lang='lat'><strong><em>18</em></strong></span> <span class='ocrx_word' id='word_1_333' title='bbox 1794 2968 1950 3013; x_wconf 88' lang='lat' dir='ltr'><strong><em>aliaV</em></strong></span> 
     </span>
     <span class='ocr_line' id='line_1_39' title="bbox 262 3027 974 3073; baseline 0 -2"><span class='ocrx_word' id='word_1_334' title='bbox 262 3034 303 3072; x_wconf 83' lang='lat' dir='ltr'><strong><em>et</em></strong></span> <span class='ocrx_word' id='word_1_335' title='bbox 333 3029 392 3072; x_wconf 88' lang='lat' dir='ltr'><strong><em>al.</em></strong></span> <span class='ocrx_word' id='word_1_336' title='bbox 427 3029 498 3073; x_wconf 89' lang='lat' dir='ltr'><strong><em>ed.</em></strong></span> <span class='ocrx_word' id='word_1_337' title='bbox 622 3032 676 3071; x_wconf 84' lang='lat'><strong><em>28</em></strong></span> <span class='ocrx_word' id='word_1_338' title='bbox 708 3029 897 3073; x_wconf 87' lang='lat' dir='ltr'><strong><em>subiunt</em></strong></span> <span class='ocrx_word' id='word_1_339' title='bbox 919 3027 974 3072; x_wconf 92' lang='lat' dir='ltr'><strong>V.</strong></span> 
     </span>
    </p>
   </div>
  </div>
 </body>
</html>
