2050 3226
779 165 1083 211 AENEIDOS
1106 165 1216 211 VIII
1742 167 1847 221 149

155 310 270 357 tans
308 309 358 356 et
393 307 665 356 maximum
702 306 943 368 pudorem
973 306 1245 367 sustinens,
1278 304 1413 367 quod
1442 304 1677 353 iniuriam
1707 321 1849 354 suam

155 382 342 431 latente
383 383 583 429 auctore
621 381 874 429 vindicare
912 396 1014 429 non
1051 381 1264 443 poterat.
1346 379 1508 427 stabat
1546 382 1691 427 acuta
1728 380 1849 428 silex

146 455 389 517 praecisis
424 455 639 514 undique
675 455 813 503 saxis
841 454 1100 515 speluncae
1130 454 1272 502 dorso
1301 453 1576 514 insuryens,
1608 453 1850 502 altissima

153 531 285 586 visu,
325 529 551 577 dirarum
588 529 721 576 nidis
760 528 932 576 domus
969 531 1243 589 opportuna
1275 527 1550 575 volucrum:
1586 528 1850 575 tractantis
1865 535 1951 575 235

103 616 124 649 ο
155 602 310 652 0011113
349 604 617 665 011111100110
657 603 779 651 30113
819 603 987 651 0311110
1019 601 1223 666 grandis
1257 602 1308 650 et
1336 601 1616 650 inmensum
1647 600 1850 650 diducta

154 679 436 726 occurrerat
473 676 617 738 silex,
657 677 727 725 sic
765 677 981 725 laterum
1020 675 1295 725 abscisione
1332 675 1551 737 munita,
1598 678 1656 724 ut
1701 676 1755 722 in
1794 691 1850 723 ea

153 751 274 800 diris
306 751 481 800 avibus
512 753 563 799 et
593 750 933 799 commanendi
963 751 1180 799 facultas
1204 753 1255 800 et
1278 750 1515 799 securitas
1540 749 1640 797 fida
1664 748 1848 798 fetibus

151 825 420 874 educandis
465 841 565 873 non
611 825 815 873 deesset.
893 825 1026 874 diras
1074 825 1180 874 avis
1228 839 1491 889 possumus
1540 824 1722 872 sentire
1769 838 1848 872 eas

152 915 279 962 quae
329 898 653 948 cadaveribus
706 900 926 961 alantur,
975 901 1034 948 ut
1087 900 1206 947 sunt
1256 899 1480 948 vultures
1534 899 1584 946 et
1638 897 1850 947 aliorum

77 986 121 1019 10
150 990 388 1038 generum
442 989 569 1036 quae
624 989 770 1022 001110
822 975 1106 1036 pascantur.
1196 973 1343 1030 hanc,
1405 975 1461 1020 ut
1516 987 1678 1033 prona
1736 973 1849 1033 iuqo

150 1048 343 1096 laevwm
380 1049 687 1096 incumbebat
724 1048 790 1096 ad
829 1062 1042 1104 amnem,
1083 1048 1246 1095 dexter
1282 1048 1336 1095 in
1383 1047 1645 1095 adversum
1689 1047 1849 1094 nitens

150 1123 390 1170 concussit
427 1125 471 1170 et
506 1122 619 1169 imis
659 1122 886 1170 avulsam
923 1122 1066 1170 solvit
1101 1121 1375 1177 radicibuS,
1407 1121 1522 1168 inde
1551 1124 1743 1180 repente
1772 1121 1847 1168 in-

141 1197 286 1255 pulit,
325 1196 529 1256 inpulsu
568 1210 659 1255 quo
689 1197 935 1244 maximus
964 1196 1156 1244 intonat
1186 1196 1367 1251 aether,
1408 1195 1672 1243 dissultant
1709 1195 1848 1254 ripae
1864 1201 1951 1242 240

147 1271 400 1331 refluitque
439 1270 693 1318 exterritus
731 1270 919 1318 amnis:
955 1270 1007 1317 in
1044 1270 1139 1317 hoc
1176 1269 1310 1318 facto
1349 1284 1449 1316 non
1486 1271 1685 1317 tantum
1722 1269 1847 1317 Her·

20 1368 27 1385 .-
74 1356 117 1389 15
149 1344 274 1392 culis
313 1346 554 1393 virtutem
583 1359 754 1392 verum
794 1343 947 1391 etiam
976 1343 1294 1406 prudentiam
1324 1343 1513 1391 laudat.
1567 1343 1847 1405 suspicione

147 1418 278 1466 enim
332 1434 391 1466 ex
445 1418 599 1466 animi
652 1419 822 1481 vigore
879 1418 1087 1466 collecta
1139 1419 1308 1480 potuit
1362 1417 1644 1466 existimare
1704 1417 1847 1465 illam

147 1491 336 1540 silicem
384 1494 638 1554 postrema
687 1493 951 1555 speluncae
1001 1494 1261 1556 contegere
1311 1493 1460 1554 atque
1510 1492 1605 1540 hac
1653 1494 1847 1540 remota

145 1581 290 1629 posse
338 1566 470 1629 quod
518 1567 740 1614 clausum
786 1567 951 1614 fuerat
994 1566 1220 1615 reserari.
1297 1566 1399 1614 fuit
1434 1565 1592 1630 igitur
1630 1582 1660 1613 a
1699 1565 1844 1614 dorso

16 1684 20 1693 ,
146 1641 409 1704 speluncae
451 1640 638 1689 devexa
677 1640 800 1689 silex
837 1642 891 1688 in
923 1639 1180 1689 sinistram
1209 1640 1427 1689 fluminis
1459 1642 1677 1702 partem,
1718 1656 1844 1702 quae

16 1744 18 1750 ·
71 1726 114 1759 20
146 1715 328 1763 montis
359 1714 610 1763 radicibus
641 1714 935 1763 inhaerebat
966 1717 1031 1777 et,
1063 1716 1182 1778 quia
1212 1716 1291 1763 tot
1322 1715 1547 1775 saeculiS,
1580 1731 1691 1763 011111
1717 1716 1846 1763 03301

15 1754 24 1821 l
145 1804 326 1851 prona,
372 1804 472 1837 non
519 1788 718 1850 cecidit,
762 1788 1052 1852 inpellenda
1100 1805 1200 1837 non
1247 1788 1367 1850 fuit,
1416 1791 1475 1836 ut
1520 1788 1609 1836 alii
1647 1791 1844 1851 putant,

147 1863 232 1910 sed
268 1863 568 1925 revocanda,
605 1865 665 1911 111
701 1863 883 1912 laxatis
922 1864 1130 1912 nexibus
1170 1863 1297 1912 solvi
1326 1865 1495 1926 posset
1534 1879 1564 1911 a
1595 1864 1843 1912 consortio

144 1937 327 1985 montis
367 1939 418 1985 et
453 1936 569 1985 inde
607 1937 810 2000 inpulsa
848 1937 1186 2001 praecipitari.
1245 1939 1418 2000 itaque
1449 1953 1563 1985 cum
1593 1937 1645 1984 in
1677 1937 1843 1986 sinist-

143 2026 253 2058 ram
289 2013 485 2072 partem
522 2011 849 2073 incumberet,
887 2012 1093 2060 reducta
1132 2013 1207 2060 est
1244 2011 1298 2059 in
1337 2012 1601 2061 adversum
1637 2012 1731 2060 hoc
1770 2014 1845 2060 est

22 2142 26 2144 Ἴ
70 2096 111 2128 2⁵
145 2084 422 2147 dexterum3
471 2085 736 2134 adversum
783 2085 913 2134 enim
961 2087 1037 2134 est
1073 2085 1382 2134 incumbenti
1421 2086 1553 2149 quod
1594 2087 1718 2147 stat,
1757 2085 1842 2134 ad-

142 2175 341 2207 versum
389 2175 584 2221 01100110
632 2159 832 2208 sinistro
880 2162 957 2209 est
1007 2161 1260 2208 dexterum
1301 2162 1351 2208 et
1387 2161 1587 2208 laevum
1626 2160 1843 2221 dextero,

141 2235 199 2282 ut
238 2233 351 2281 albo
390 2233 591 2296 nigrum
629 2236 680 2282 01
716 2233 937 2282 lucidum
978 2235 1253 2283 tenebroso.
1306 2250 1423 2298 ergo
1461 2234 1702 2283 Hercules
1742 2235 1842 2283 vir-

140 2309 250 2355 tute
305 2309 355 2356 et
403 2308 672 2370 prudentia
725 2308 918 2370 pollens
974 2324 1004 2356 a
1058 2309 1259 2358 sinistro
1315 2310 1365 2356 in
1420 2308 1648 2356 dextrum
1701 2309 1841 2356 nisus

12 2391 23 2452 1
142 2380 330 2429 silicem
378 2381 606 2443 adduxit,
662 2381 906 2430 adductae
956 2382 1148 2431 radices
1198 2383 1292 2431 hoc
1343 2383 1549 2431 consilio
1596 2382 1747 2430 solvit
1793 2383 1842 2430 01

18 2461 21 2469 ’
67 2465 110 2498 so
139 2455 268 2503 hanc
321 2455 374 2503 in
427 2458 621 2518 partem
677 2472 778 2518 qua
827 2456 1023 2504 iacebat
1074 2457 1360 2520 inpellendo
1414 2455 1681 2505 revocavit.
1767 2456 1841 2504 ita

141 2529 328 2577 factum
370 2531 445 2578 est
482 2533 539 2578 ut
578 2545 720 2579 casus
761 2529 864 2578 eius
905 2530 1117 2593 strepitu
1157 2534 1207 2580 et
1243 2533 1431 2580 terrore
1461 2531 1695 2579 universa
1727 2545 1838 2578 con-

139 2603 320 2665 ploret,
364 2603 417 2651 in
455 2606 655 2653 tantum
693 2606 752 2652 ut
791 2605 1180 2653 contremuerint
1216 2605 1435 2654 fluminis
1475 2605 1635 2667 ripae,
1674 2605 1840 2666 ipsum

257 2748 285 2787 4
323 2750 550 2800 oportwna
579 2744 636 2789 V.
759 2748 785 2787 5
825 2746 1080 2791 inmensum
1108 2745 1152 2790 V
1186 2747 1239 2791 in
1277 2748 1308 2791 i.
1354 2746 1424 2790 ed.
1479 2746 1483 2803 Ι
1533 2746 1726 2789 deducta
1765 2745 1836 2790 ed.

141 2807 165 2845 6
198 2803 420 2847 accisione
442 2803 498 2848 V.
598 2808 624 2847 9
657 2805 913 2849 aluntwr—
930 2809 984 2849 10
1005 2811 1263 2861 pascuntur
1287 2806 1358 2850 ed.
1460 2809 1515 2848 13
1548 2806 1734 2848 insonat
1764 2804 1836 2850 ed.

140 2865 194 2904 16
227 2863 522 2908 exaestimare
544 2862 600 2908 V.
695 2867 750 2907 18
781 2878 981 2909 reserare
1003 2864 1047 2908 V
1071 2865 1143 2910 ed.
1238 2869 1291 2909 19
1324 2865 1404 2921 qui
1426 2863 1468 2907 V
1493 2863 1564 2907 ed.
1595 2877 1711 2919 quae
1738 2877 1835 2908 nos.

139 2924 193 2963 21
235 2921 399 2965 occidit
437 2922 507 2966 ed,
631 2927 687 2966 23
726 2924 929 2979 impulsu
967 2923 1038 2967 ed.
1170 2929 1226 2968 24
1264 2924 1539 2968 incumberet
1561 2921 1603 2965 V
1634 2923 1665 2966 i.
1691 2927 1733 2967 et
1763 2923 1835 2968 ed.

38 3025 43 3028 ,
139 2983 194 3022 29
226 2980 450 3025 adductae
474 2980 513 3024 V
545 2982 726 3038 eiusque
758 2982 830 3027 ed.
954 2986 1009 3026 30
1042 2984 1151 3039 quia
1173 2982 1216 3027 V
1242 2983 1312 3027 ed.
1348 2997 1439 3039 qua
1472 2981 1543 3026 ed.
1576 2982 1699 3037 post.
