2050 3226
242 172 347 225 132
541 231 557 245 .
709 169 943 215 DONATI
971 170 1252 215 mrERPR.
1277 169 1457 215 Vnae.

236 309 322 358 ille
356 310 673 373 quaesiverat
703 310 883 372 quibus
914 309 1086 359 debuit
1117 309 1286 358 ordine
1316 309 1618 373 responderi,
1639 311 1772 359 inter
1799 326 1926 373 quae

235 383 484 432 intellexit
544 384 930 433 sollicitudinem
980 384 1172 432 iuvenis
1227 383 1286 431 de
1341 386 1609 447 conspectu
1661 400 1925 434 armorum.

234 457 418 507 idcirco
468 459 740 520 praemisso
791 458 932 522 signo
981 458 1118 521 pacis
1169 473 1370 506 exorsus
1409 461 1484 507 est
1521 460 1672 521 atque
1710 460 1786 507 ita
1824 475 1926 507 om-

234 532 382 580 nibus
441 532 659 582 breviter
715 531 992 595 respondit,
1051 534 1110 580 ut
1170 547 1396 580 securum
1456 532 1659 581 celerius
1719 533 1926 581 faceret:

236 607 539 667 Troiuyenas
585 621 643 654 ac
688 607 782 654 tela
825 607 959 654 vides
1004 606 1206 654 inimica
1242 606 1456 654 Latinis,
1533 607 1705 667 Troia,
1743 606 1925 670 inquit,
1978 619 1999 653 ⁵

234 680 393 744 geniti
441 695 607 729 sumus
660 696 717 729 ac
767 681 868 728 tela
915 680 1173 742 portamus
1223 696 1323 728 non
1372 680 1513 729 vobis
1562 681 1788 742 inimica,
1838 679 1926 729 sed

233 753 441 803 Latinis.
533 755 625 802 hoc
685 757 756 803 sic
817 754 1157 817 accipiendum
1218 757 1316 815 est,
1371 755 1515 817 quasi
1567 754 1772 803 dixisset
1823 754 1924 803 illis

157 823 162 827 ’
233 843 406 877 sumus
428 827 619 876 inimici
643 828 822 890 quibus
847 830 897 876 et
919 843 1021 877 vos.
1078 844 1135 876 ac
1165 844 1226 876 ne
1256 829 1485 877 intulisse
1515 828 1702 878 bellum
1733 828 1922 878 civibus

233 905 284 950 et
328 902 575 966 indigenis
615 902 886 963 videretur,
939 903 1010 950 ait
1060 917 1177 961 quos
1221 903 1298 950 illi
1343 903 1460 950 bello
1508 904 1745 963 profuyos
1792 917 1924 963 effere

232 978 463 1037 superbo:
513 977 780 1039 superbum
817 977 1003 1024 bellum
1042 976 1182 1037 dixit,
1223 977 1342 1038 quia
1381 979 1455 1025 est
1493 978 1543 1024 et
1579 976 1780 1024 iustum.
1851 992 1922 1024 se·
1955 990 1998 1023 10

233 1050 447 1098 cundum
486 1052 654 1099 autem
691 1050 792 1098 fuit
828 1051 921 1099 hoc
958 1051 1124 1113 ipsum
1162 1066 1391 1114 purgare,
1429 1067 1491 1098 ne
1521 1051 1757 1099 meruisse
1788 1050 1923 1100 vide-

230 1127 403 1173 rentur
456 1126 506 1173 et
558 1125 716 1173 scelus
769 1124 822 1172 in
876 1140 926 1173 se
975 1125 1121 1173 malis
1181 1125 1374 1173 actibus
1432 1140 1740 1187 provocasse.
1830 1125 1924 1173 hoc

231 1215 408 1262 genere
462 1199 619 1247 tuitus
671 1200 746 1247 est
797 1214 1060 1262 personam
1111 1215 1252 1247 suam
1305 1201 1355 1247 et
1408 1198 1707 1248 deformavit
1759 1198 1922 1247 inimi-

229 1289 410 1322 corum.
467 1273 663 1335 quibus,
695 1274 782 1333 ait,
812 1273 938 1320 nihil
968 1273 1172 1321 fecimus
1196 1273 1326 1322 bello
1351 1288 1441 1321 nos
1466 1273 1676 1335 superbo
1702 1275 1923 1336 egerunt,

228 1349 288 1394 ut
326 1346 628 1395 consuetudo
669 1346 769 1395 illis
817 1348 893 1394 est
938 1349 1097 1395 omnis
1146 1347 1368 1395 homines
1415 1347 1626 1396 insontis
1673 1349 1723 1395 et
1766 1347 1921 1395 bonos
1954 1359 1995 1392 15

229 1421 453 1484 superbis
502 1420 779 1469 inimicitiis
829 1422 1009 1482 petere.
1084 1422 1178 1469 hoc
1222 1421 1435 1469 libenter
1481 1421 1714 1469 audiebat
1750 1420 1920 1469 Pallas

227 1494 606 1543 inimicitiarum
643 1494 1046 1558 praecedentium
1085 1510 1246 1543 causa.
1303 1495 1497 1543 addidit
1533 1495 1771 1558 profugos
1811 1511 1920 1558 ege-

226 1571 348 1617 runt
392 1569 548 1631 bello,
599 1571 657 1617 ut
701 1570 814 1616 illos
855 1569 1135 1617 ostenderet
1173 1569 1321 1617 duros
1363 1571 1413 1617 et
1449 1570 1594 1616 iuxta
1633 1570 1919 1632 peregrinos

226 1644 426 1692 inmites
474 1645 523 1692 et
569 1659 619 1692 se
667 1642 1030 1691 demonstraret
1073 1642 1126 1690 in
1176 1643 1380 1706 profugi
1420 1643 1756 1705 appellatione
1794 1643 1919 1690 nihil

226 1719 280 1765 in
319 1718 493 1766 alienis
533 1718 677 1765 terris
717 1717 896 1765 audere
934 1718 1170 1778 potuisse.
1245 1717 1546 1764 Euandrum
1576 1718 1817 1777 petimus:
1855 1717 1918 1765 ad
1949 1730 1992 1762 20

226 1791 532 1852 Euandrum,
570 1791 752 1854 inquit,
790 1792 1028 1839 venimus.
1091 1806 1199 1838 ecce
1239 1790 1367 1838 dixit
1405 1790 1646 1839 adventus
1687 1790 1766 1838 sui
1804 1806 1916 1839 cau-

126 1874 210 1914 120
229 1881 346 1925 sam,
387 1881 538 1927 quam
575 1865 660 1912 ille
702 1866 996 1926 quaesierat.
1050 1867 1168 1925 ferte
1206 1865 1323 1913 hacc
1362 1867 1405 1912 et
1442 1865 1582 1912 dicite
1615 1865 1754 1912 lectos
1782 1866 1917 1913 Dar-

227 1940 407 1988 daniae
452 1940 639 1986 venisse
685 1939 828 1986 duces
874 1940 1006 1986 socia
1045 1954 1187 1986 arma
1225 1940 1466 1998 royantis:
1516 1939 1639 1986 ferte
1679 1942 1729 1986 et
1768 1939 1916 1988 dicite

226 2014 436 2076 pluralis
477 2014 554 2061 est
589 2028 841 2075 numerus,
881 2028 994 2060 cum
1031 2015 1180 2074 poeta
1217 2013 1379 2060 solum
1429 2012 1687 2061 advolasse
1735 2012 1918 2061 dixerit

225 2087 527 2148 Pallantem,
566 2088 665 2134 nisi
705 2087 821 2148 quia
859 2087 966 2134 fieri
1003 2102 1102 2134 non
1140 2088 1307 2148 potuit
1336 2088 1389 2134 in
1420 2088 1563 2135 tanto
1595 2089 1731 2135 metu
1755 2087 1915 2135 solum
1946 2099 1989 2132 25

224 2161 321 2210 isse
360 2161 642 2209 Pallantem
690 2161 848 2207 filium
897 2160 1041 2224 regis.
1130 2160 1321 2208 venisse
1371 2161 1525 2209 lectos
1577 2161 1722 2209 duces
1762 2163 1812 2208 et
1851 2161 1914 2208 ad

224 2236 456 2284 meritum
495 2234 598 2283 eius
637 2234 854 2296 pertinet
893 2234 979 2297 qui
1010 2235 1174 2283 fuerat
1202 2235 1454 2298 rogandus
1487 2235 1536 2282 et
1567 2234 1630 2282 ad
1661 2236 1913 2295 terrorem,

226 2310 270 2358 si
309 2308 570 2358 contrariis
610 2309 738 2356 votis
780 2309 1135 2370 exciperentur,
1174 2310 1223 2356 et
1261 2308 1370 2356 ideo
1410 2309 1584 2369 lectos,
1616 2310 1675 2356 ut
1704 2324 1804 2356 non
1835 2309 1913 2356 illi

226 2383 541 2432 crederentur
578 2397 682 2430 esse
723 2382 811 2445 qui
848 2383 1100 2432 venerant.
1177 2382 1460 2430 Dardaniae
1507 2382 1698 2430 venisse
1740 2382 1911 2430 duces:

225 2458 398 2505 extolli
420 2456 566 2505 debet
587 2455 885 2517 Dardaniae,
911 2456 1028 2519 quia
1051 2457 1158 2504 loco
1190 2456 1355 2504 laudis
1388 2457 1462 2503 est
1491 2456 1724 2517 positum;
1779 2457 1912 2504 socia
1941 2469 1985 2501 30

225 2547 364 2579 arma
401 2532 656 2595 rogantes:
696 2530 823 2578 dixit
862 2531 1102 2579 adventus
1142 2531 1219 2579 sui
1257 2530 1614 2578 necessitatem.
1684 2530 1912 2588 obstipuit

224 2609 354 2653 tanto
395 2605 655 2665 perculsus
703 2605 896 2651 nominc
943 2605 1135 2660 Pallas,
1188 2619 1276 2652 nec
1320 2603 1572 2664 inmerit03
1619 2603 1730 2665 quis
1778 2603 1909 2650 enim

222 2695 322 2727 non
360 2681 568 2727 miretur
613 2677 676 2726 ad
707 2678 795 2725 illa
833 2678 942 2726 loca
980 2679 1171 2727 venisse
1210 2678 1449 2726 Troianos
1495 2678 1728 2739 percepta
1775 2677 1910 2724 omni

343 2811 368 2849 6
398 2807 556 2862 yenuit
583 2817 779 2849 summos
801 2803 843 2847 V
873 2818 914 2861 y.
946 2818 1030 2850 ‘nos
1061 2805 1132 2848 ed.
1163 2805 1306 2861 qeniti
1333 2816 1488 2847 sumus
1517 2815 1614 2845 nos.
1709 2805 1760 2845 11
1788 2815 1905 2858 puy-

222 2878 334 2909 nare
361 2863 400 2907 V
423 2865 621 2920 probare
651 2863 753 2908 edF
784 2877 987 2920 puryare
1017 2877 1114 2906 nos.
1238 2867 1292 2906 15
1324 2861 1596 2907 consuetudo
1626 2861 1721 2905 illis
1750 2861 1827 2905 sed
1850 2860 1904 2904 V.

224 2927 279 2967 20
323 2924 484 2968 audire
518 2923 559 2966 V
599 2937 711 2968 corr.
749 2923 819 2966 ed.
954 2927 1008 2965 32
1045 2923 1284 2979 perculsus
1313 2921 1355 2966 V
1390 2921 1460 2965 e‘d.
1493 2933 1736 2977 percussus
1766 2919 1904 2976 Verg.

221 2981 331 3027 libri
362 2982 588 3027 meliores,
