2050 3226
7 494 37 1818 „--W*⁸W-·¹—memesatwt
24 221 46 484 *dffaq'bm'k
39 198 48 210 Ἰ
39 134 49 179 U
34 108 39 124 ,

86 974 130 1006 10

86 1345 127 1378 15

85 1716 128 1748 20

85 2087 127 2119 25

87 2458 129 2490 30

807 152 1113 198 AENEIDos
1144 152 1208 196 IX
1747 156 1855 209 215

163 293 287 356 cipit
333 294 493 358 igitur
530 293 621 342 sic:
662 293 879 352 equidem
916 293 975 341 dc
1023 296 1066 341 te
1104 293 1177 341 nil
1224 293 1320 341 tale
1367 294 1570 342 verebar
1617 309 1704 342 nec
1750 296 1857 354 fas:

161 368 254 415 hoc
293 370 369 416 est
405 367 479 415 nil
515 368 617 416 tale
649 368 796 430 quale
834 369 894 415 tu
932 366 1116 416 dixisti.
1183 381 1303 424 non,
1343 367 1415 415 ita
1447 381 1523 415 me
1559 368 1742 427 referat
1771 370 1857 417 tibi

161 456 371 502 maqrius
385 445 607 490 ovantem
621 441 871 502 Iuppiter:
901 457 1002 490 non
1025 441 1358 504 separandum
1381 443 1457 490 est
1473 457 1503 490 a
1519 441 1856 504 sequentibuS,

162 531 276 564 cum
305 531 504 565 versum
532 515 698 579 ipsum
730 517 1055 578 pronuntiare
1086 516 1416 579 coeperimuS,
1444 518 1564 564 tunc
1594 515 1857 564 dicendum

161 591 236 638 ita
283 606 362 639 me
410 589 598 639 referat
644 590 740 638 tibi
787 605 1001 654 magnus
1053 593 1283 639 ovantem
1330 589 1573 653 Iuppiter.
1650 606 1767 639 nam
1813 591 1856 638 si

160 666 324 713 totum
369 665 657 728 iungamus,
703 663 800 713 erit
842 663 1164 713 maledictum
1208 664 1377 727 potius
1418 681 1569 727 quam
1606 665 1855 713 iusiuran-

161 738 292 786 dum.
357 741 444 787 aut
466 739 751 799 quicwmque
773 739 925 787 oculis
947 739 1065 787 haec
1091 739 1266 799 aspicit
1287 739 1479 798 aequis:
1518 741 1608 787 aut
1629 738 1857 802 Iuppiter

161 815 250 861 aut
287 811 368 861 dei
406 812 613 862 alterius
652 829 838 861 numen
876 814 959 861 cui
997 813 1224 875 aequitas
1263 812 1440 876 placet.
1511 828 1620 861 ecce
1660 815 1710 861 et
1746 814 1855 875 ipso

158 886 479 935 iureiurando
512 887 778 936 confitetur
807 903 859 936 se
890 888 1052 937 solum
1082 889 1155 935 ire
1193 887 1412 936 voluisse
1443 889 1494 935 et
1521 887 1575 934 in
1614 903 1672 936 ea
1703 888 1855 935 etiam

158 963 280 1009 tunc
318 961 576 1010 voluntate
615 963 902 1024 persistere3
949 978 1061 1010 cum
1099 961 1231 1010 enim
1269 961 1392 1010 dicit
1428 962 1504 1010 ita
1548 977 1627 1010 me
1671 962 1857 1010 referat

158 1035 254 1083 tibi
302 1051 513 1100 magnus
568 1038 801 1085 ovantem
849 1036 1100 1100 Iuppiter,
1155 1035 1276 1098 quid
1330 1036 1496 1085 animo
1551 1038 1745 1100 gereret
1798 1051 1855 1084 ex

160 1111 333 1172 aperto
373 1110 615 1174 signavit,
652 1110 801 1159 huius
839 1111 912 1159 rei
949 1113 1118 1159 tamen
1158 1125 1361 1158 causam
1395 1111 1719 1172 prosequitur
1756 1126 1852 1159 non

160 1199 219 1232 ex
241 1184 479 1234 malivolo
505 1184 687 1247 studio,
719 1184 805 1234 sed
837 1201 895 1233 ex
917 1184 1281 1234 benivolentiae
1308 1183 1536 1247 partibus
1561 1183 1854 1233 venientem.

158 1259 244 1306 sed
281 1259 326 1307 si
365 1260 493 1318 quiS,
545 1273 669 1318 quae
705 1259 861 1308 multa
898 1259 1033 1307 vides
1071 1259 1352 1307 discrimine
1397 1258 1506 1315 tali,
1557 1259 1602 1306 si
1648 1260 1756 1318 quis
1799 1260 1855 1306 in
1871 1269 1958 1308 210

159 1333 420 1381 adversum
465 1334 633 1393 rapiat
680 1347 882 1382 casusve
931 1333 1128 1390 deusve,
1180 1336 1223 1380 te
1267 1346 1518 1394 superesse
1554 1332 1718 1389 velim,
1770 1337 1856 1381 tua

158 1408 259 1455 vita
305 1410 349 1455 et
392 1407 586 1468 diquior
630 1411 780 1457 aetas.
855 1408 920 1455 sit
964 1408 1047 1468 qui
1089 1422 1166 1455 me
1202 1411 1398 1468 raptum
1436 1422 1610 1468 puqna
1638 1407 1856 1467 pretiove

157 1481 454 1541 redemptum
485 1482 684 1530 mandet
710 1482 877 1539 humo,
916 1482 1061 1530 solita
1092 1485 1180 1530 aut
1209 1482 1254 1530 si
1284 1496 1383 1541 qua
1412 1481 1466 1530 id
1494 1482 1696 1542 fortuna
1725 1484 1855 1530 veta-

159 1556 245 1612 bit,
287 1556 475 1604 absenti
512 1558 643 1616 ferat
678 1556 889 1616 inferias
927 1556 1203 1616 decoretque
1239 1556 1505 1616 sepulchra
1573 1570 1670 1603 neu
1705 1557 1855 1604 matri
1871 1565 1957 1605 215

156 1630 364 1678 miserae
401 1631 526 1678 tanti
562 1631 657 1678 sim
696 1645 850 1679 causa
880 1630 1081 1687 doloris,
1123 1644 1246 1691 quae
1276 1634 1319 1678 te
1348 1631 1475 1687 sola,
1508 1644 1650 1690 puer,
1688 1630 1855 1678 multis

158 1718 182 1751 e
204 1705 445 1752 matribus
468 1719 596 1753 ausa
608 1706 921 1764 persequitur
941 1705 1112 1766 maqni
1140 1719 1229 1760 nec
1248 1706 1441 1753 moenia
1465 1707 1605 1752 curat
1626 1702 1854 1753 Acestae.-

158 1778 244 1827 sed
282 1780 522 1841 quoniam
559 1779 652 1827 hoc
688 1781 911 1842 tempore
949 1781 1000 1827 et
1035 1779 1089 1827 in
1126 1778 1223 1828 tali
1261 1794 1411 1828 causa
1447 1779 1611 1827 minus
1651 1778 1759 1841 spei
1796 1793 1854 1827 ac

158 1853 271 1915 plus
309 1853 502 1901 timoris
544 1855 640 1915 est,
687 1852 1101 1916 disceptationem
1138 1869 1302 1901 meam
1339 1852 1600 1916 utriusque
1640 1868 1854 1901 commo·

158 1926 276 1974 dum
323 1928 659 1976 continentem
708 1927 881 1991 paucis
931 1927 1148 1976 adverte.
1231 1928 1448 1976 tractavi
1510 1926 1693 1990 quippe
1754 1943 1853 1975 non

157 2001 248 2049 illa
285 2003 484 2050 tantum
522 2001 607 2051 sed
637 2005 688 2052 et
716 2018 981 2066 personam
1010 2005 1174 2063 tuam,
1212 2017 1475 2065 personam
1509 2017 1705 2065 quoque
1735 2004 1854 2050 tuae

158 2076 334 2124 matris
373 2078 424 2124 et
460 2092 644 2138 meam,
684 2077 826 2126 stetit
864 2078 980 2125 ante
1020 2077 1189 2126 oculos
1228 2092 1364 2126 meos
1402 2075 1679 2139 periculum
1716 2076 1854 2137 facti,

160 2150 295 2212 quod
333 2165 491 2213 aequo
532 2151 697 2199 animo
729 2151 1000 2215 longaevus
1032 2151 1190 2199 feram
1229 2153 1300 2212 et,
1339 2153 1382 2199 si
1420 2166 1564 2199 casus
1605 2152 1695 2199 aut
1733 2150 1852 2198 deus

158 2240 236 2272 me
290 2224 634 2288 subiugaverit
683 2226 858 2287 morti,
910 2226 1193 2287 relinquam
1239 2227 1289 2273 te
1338 2224 1658 2286 incolumem,
1711 2226 1852 2272 cuius

160 2301 296 2347 aetas
337 2299 535 2363 dignior
566 2301 616 2347 et
647 2299 845 2363 dignior
875 2300 997 2362 vita,
1035 2302 1100 2359 te,
1137 2299 1359 2362 inquam,
1399 2301 1486 2362 qui
1524 2298 1851 2347 amicissimus

158 2375 409 2435 repertum
447 2375 609 2422 terrae
650 2373 958 2422 commendes
1007 2376 1098 2422 aut
1135 2373 1464 2422 funerationis
1505 2388 1654 2422 causa
1692 2372 1851 2435 pretio

158 2447 371 2496 redimas
419 2450 528 2509 aut,
575 2449 618 2497 si
663 2450 898 2496 neutrum
945 2449 1150 2496 fortuna
1198 2447 1526 2511 praestiterit,
1576 2446 1851 2495 constituas

158 2521 359 2570 honoris
400 2537 549 2571 causa
588 2523 693 2571 sine
732 2523 903 2570 funere
943 2522 1194 2570 tumulum
1239 2538 1337 2584 quo
1378 2521 1611 2585 adportes
1649 2520 1851 2568 inferias

160 2598 211 2644 et
257 2595 403 2644 amici
446 2597 735 2645 memoriam
781 2612 894 2645 cum
933 2612 1164 2659 supremo
1210 2596 1395 2644 honore
1435 2596 1644 2644 testeris.
1722 2597 1851 2642 certe

281 2742 302 2780 1
351 2738 427 2791 fas
473 2738 604 2782 deest
649 2738 699 2782 in
737 2737 791 2781 V.
928 2742 982 2782 13
1028 2739 1275 2783 venientem
1313 2737 1355 2781 V
1394 2738 1731 2793 provenientem
1778 2735 1849 2780 ed.

163 2801 217 2840 16
263 2797 447 2854 diqm'or
483 2797 525 2840 V
572 2799 620 2841 et
663 2796 803 2854 Verg.
851 2796 962 2841 libri
1008 2803 1048 2842 et
1090 2798 1133 2841 d.
1181 2797 1283 2841 edF
1331 2796 1614 2840 assentiente
1659 2795 1850 2850 interpr.

163 2859 218 2898 20
252 2857 546 2911 prosequitur
588 2856 658 2900 ed.
782 2860 838 2900 23
877 2857 1054 2901 adverti
1083 2856 1126 2900 V
1161 2870 1275 2900 corr.
1312 2856 1382 2900 ed.
1514 2859 1570 2898 24
1607 2854 1739 2898 illam
1778 2855 1849 2898 ed.

163 2918 217 2956 29
244 2917 424 2970 praetio
447 2915 489 2959 V
514 2917 720 2971 praemio
752 2915 824 2960 ed.
943 2919 997 2959 31
1031 2929 1117 2971 quo
1148 2916 1358 2971 adportes
1388 2915 1584 2968 inferias
1605 2912 1647 2955 V
1677 2915 1851 2957 temere

162 2975 275 3016 mut.
308 2974 378 3018 ed.
502 2979 557 3018 32
589 2976 728 3020 amici
751 2974 792 3018 V
823 2989 865 3019 a.
899 2976 970 3020 tui
1001 2975 1071 3019 ed.
1120 2976 1124 3033 Ι
1177 2980 1272 3019 tum
1296 2973 1337 3017 V
1368 2987 1470 3018 cum
1501 2987 1584 3017 nos
1617 2987 1704 3016 om.
1735 2972 1805 3016 ed.
1843 2973 1848 3030 Ι
