2050 3226
749 159 1054 206 AENEmos
1083 159 1170 204 XII
1698 162 1806 218 559

113 315 314 350 causam
353 302 403 349 et
440 302 756 349 coniunctum
795 316 909 349 cum
939 315 1028 350 suo
1058 299 1336 363 periculum
1366 298 1608 363 depellere
1641 300 1806 365 cupie-

111 374 221 437 bat3
260 374 545 424 decreverat
576 374 759 438 quippe
789 374 936 423 illum
966 376 1201 423 eventum
1230 374 1514 423 certaminis
1550 374 1691 438 sequi
1722 375 1807 438 qui

111 450 385 533 excepisset
413 450 465 497 et
495 449 730 497 Turnum.
786 449 973 506 Twrue,
1004 463 1099 509 per
1127 449 1219 497 has
1250 462 1331 510 690
1362 451 1405 496 te
1435 448 1681 506 lacrimas,
1715 463 1807 510 per

109 523 156 571 si
193 523 300 584 quis
337 521 549 572 Amatae
587 524 742 584 tangit
777 524 928 571 honos
966 523 1212 571 auimwm:
1247 521 1435 571 habent
1471 523 1670 608 singula
1707 523 1806 572 vir-

24 623 33 642 <
109 598 270 646 tutem
306 612 463 646 suam.
526 598 930 646 commemoratio
970 597 1102 645 enim
1138 597 1191 645 in
1228 596 1389 660 primo
1431 597 1646 646 nominis
1685 612 1805 645 non·

108 671 304 719 nullum
342 670 449 720 veri
487 671 669 720 amoris
708 672 956 720 monstrat
993 670 1258 720 adfectum.
1318 687 1410 734 per
1445 671 1536 720 has
1574 671 1805 720 lacrimas

108 760 209 794 non
245 745 503 794 referentis
550 748 626 794 est
670 762 788 807 vox,
835 737 921 794 sed
966 744 1374 807 demonstrantis;
1421 746 1583 794 maior
1620 746 1806 809 quippe

109 819 370 878 oculorum>
391 835 541 882 quam
565 819 759 868 aurium
781 819 902 869 fides
934 821 1020 868 est.
1073 822 1291 869 ceterum
1315 818 1359 868 si
1382 819 1603 868 dolorem
1624 820 1805 868 mentis

108 893 378 955 adsereret,
418 895 655 957 quoniam
692 894 745 941 in
784 894 977 943 occulto
1018 895 1114 955 est,
1160 893 1390 942 dubitare
1430 894 1490 942 de
1528 909 1584 942 eo
1623 898 1806 957 posset,

11 1034 14 1035 ⁷
106 971 386 1017 remaneret
422 969 654 1017 1110611113.
709 968 943 1017 lacrimae
981 983 1100 1017 vero
1132 968 1317 1016 doloris
1355 967 1581 1029 nuntiae,
1621 968 1806 1017 doloris

106 1041 316 1104 indices,
356 1042 541 1092 doloris
571 1044 724 1091 testes
757 1044 808 1090 et
837 1045 957 1091 tunc
983 1043 1195 1091 maxime
1228 1038 1460 1091 certiores
1499 1058 1612 1091 cum
1635 1058 1806 1092 vocem

108 1132 167 1165 ac
204 1116 356 1166 verba
391 1116 733 1179 praeveniunt.
795 1117 1030 1165 lacrimae
1068 1116 1283 1179 probant
1330 1116 1451 1180 quid
1489 1118 1695 1181 geratur
1730 1116 1804 1165 in-

106 1191 261 1240 terius
294 1193 345 1239 et
375 1191 645 1239 ostendunt
674 1190 833 1239 cordis
866 1191 1116 1252 animique
1146 1193 1409 1240 tormenta.
1472 1206 1585 1255 eg0,
1623 1190 1806 1255 inquit,

106 1268 178 1326 te,
217 1266 310 1314 hoc
349 1267 426 1314 est
463 1281 554 1330 ego
594 1280 721 1328 quae
759 1266 809 1313 te
848 1264 1075 1328 plurimis
1106 1266 1346 1327 praetuli,
1379 1281 1470 1329 ego
1507 1281 1634 1328 quae
1666 1268 1716 1314 te
1746 1268 1805 1314 ut

33 1353 75 1387 15
106 1339 265 1387 filium
296 1339 473 1403 diligo,
513 1355 604 1404 ego
638 1355 763 1402 quae
801 1342 851 1388 te
883 1339 1053 1388 mariti
1083 1339 1182 1387 mei
1216 1338 1440 1388 sensibus
1470 1339 1673 1402 tradidi,
1712 1355 1803 1404 ego

107 1429 234 1476 quae
288 1417 338 1462 te
391 1414 555 1476 prima
612 1429 847 1478 generum
897 1413 1021 1475 dixi,
1070 1415 1120 1462 te
1175 1414 1444 1476 optimum,
1497 1417 1548 1462 te
1598 1413 1804 1478 dignum

105 1488 238 1536 filiae
276 1488 452 1536 virum.
531 1487 575 1536 si
613 1487 768 1536 animi
805 1487 885 1536 tui
920 1489 1226 1550 reciprocam
1262 1503 1454 1536 mereor
1490 1488 1671 1550 vicem,
1719 1488 1802 1536 ad-

103 1563 249 1610 mitte
289 1562 412 1625 quid
450 1561 626 1610 dicam.
694 1576 805 1622 spes
842 1565 895 1610 tu
932 1577 1064 1610 nuuc
1100 1577 1205 1610 uua
1242 1565 1478 1619 senectae,
1526 1565 1579 1610 tu
1615 1563 1804 1622 requies

102 1637 334 1685 miserae:
382 1638 439 1685 tu
485 1636 617 1684 idem
662 1651 763 1684 una
811 1651 922 1699 spes
969 1637 1177 1684 miserae
1227 1635 1494 1686 senectutis
1533 1651 1695 1696 meae,
1743 1638 1804 1685 tu

29 1724 74 1757 so
104 1709 371 1774 singularis
402 1711 620 1776 requies,
651 1727 740 1759 1160
773 1713 845 1759 631
878 1710 979 1758 alia
1009 1712 1208 1773 praeter
1237 1712 1301 1758 te.
1348 1710 1493 1758 decus
1523 1711 1802 1770 imperium-

104 1799 194 1844 que
217 1785 392 1833 Latini
429 1788 472 1833 te
503 1799 675 1846 penes,
715 1786 770 1832 iu
807 1788 851 1833 te
888 1785 1046 1832 omnis
1077 1785 1248 1832 domus
1278 1784 1518 1833 inclinata
1547 1786 1802 1833 recumbit:

105 1861 454 1907 ornamentum
491 1859 651 1908 nostri
687 1859 903 1907 nominis
942 1861 993 1908 et
1031 1859 1224 1923 generis
1264 1860 1323 1906 tu
1361 1874 1435 1919 es,
1476 1858 1528 1906 in
1568 1861 1617 1907 te
1658 1874 1800 1907 omne

104 1932 299 1996 pondus
337 1935 536 1981 nostrae
566 1933 876 1995 posteritatis
913 1932 1170 1981 incumbit.
1227 1933 1322 1980 hoc
1358 1932 1469 1982 ideo
1510 1934 1630 1996 quia
1669 1933 1800 1996 quod

102 2007 401 2055 inclinatum
440 2009 540 2069 est,
586 2009 640 2055 ni
678 2008 863 2056 auxilio
902 2006 1179 2056 sustinetur
1217 2007 1444 2068 alterius,
1489 2023 1604 2055 mox
1643 2008 1800 2069 cadet,

29 2094 72 2127 85
105 2082 149 2130 si
187 2081 512 2130 subtrahatur
551 2097 649 2144 quo
687 2082 846 2130 fertur
892 2083 942 2130 et
985 2081 1191 2145 regitur.
1267 2096 1384 2145 ergo
1431 2081 1640 2130 cavebat
1679 2082 1800 2130 haec

104 2171 166 2203 ne
215 2171 326 2203 cum
376 2155 544 2204 Turno
595 2155 793 2205 caderet
842 2155 976 2218 quod
1028 2172 1127 2204 non
1181 2155 1287 2204 sine
1341 2155 1644 2205 adminiculo
1694 2156 1798 2205 eius

103 2231 306 2293 poterat
356 2229 638 2292 perdurare.
714 2230 837 2279 haec
887 2229 1094 2278 dicendo
1144 2228 1362 2278 ostendit
1410 2245 1461 2278 36
1509 2230 1639 2278 1111111
1687 2245 1798 2279 3116-

105 2319 271 2352 suram
311 2320 371 2350 ne
411 2318 461 2352 se
501 2303 745 2368 singulari
783 2319 983 2367 pugnae
1023 2303 1364 2352 committeret.
1422 2306 1571 2366 atque
1611 2306 1670 2352 ut
1706 2305 1799 2352 hoc

103 2378 280 2426 melius
319 2378 647 2440 conprobaret
683 2393 808 2441 puro
849 2377 1047 2426 adfectu
1081 2378 1394 2440 descendere,
1432 2393 1610 2426 causae
1642 2378 1799 2425 Turni

29 2464 74 2496 so
105 2467 248 2500 suam
287 2468 487 2514 quoque
527 2452 784 2500 coniunxit
822 2451 987 2500 dicens
1032 2467 1188 2500 mium
1225 2466 1330 2509 or0,
1386 2452 1558 2500 desiste
1594 2467 1798 2499 manum

106 2527 391 2574 committere
431 2526 655 2574 Teucris:
702 2542 880 2587 unum,
930 2526 1119 2575 scilicet
1157 2526 1292 2589 quod
1338 2526 1501 2574 fuerat
1546 2526 1708 2574 solum
1748 2529 1798 2573 et

224 2685 250 2725 ὅ
282 2682 741 2726 commemorationem
764 2680 807 2724 V
836 2682 928 2726 -tio
959 2682 1029 2726 ed.
1063 2683 1154 2727 -tio
1185 2683 1304 2727 euim
1336 2695 1432 2726 nos.
1469 2681 1474 2740 Ι
1509 2682 1561 2725 iu
1585 2681 1796 2737 primaV

103 2741 156 2784 iu
180 2742 332 2796 primo
362 2754 447 2784 nos
471 2741 623 2796 primo
653 2741 725 2784 ed.
823 2744 847 2784 9
880 2742 1096 2798 quoniam
1118 2741 1161 2785 V
1192 2756 1294 2786 cum
1325 2741 1396 2784 ed.
1441 2741 1445 2798 Ι
1482 2746 1635 2796 posset
1656 2739 1699 2782 V
1723 2741 1794 2784 ed.

97 2812 148 2855 p.
181 2804 254 2844 et?
381 2804 436 2844 14
467 2813 545 2856 eqo
576 2813 691 2855 quae
719 2804 762 2844 te
790 2804 844 2844 ut
863 2826 917 2832 —
944 2805 999 2845 15
1031 2801 1207 2845 tradidi
1237 2814 1325 2844 om.
1351 2799 1426 2853 ed.⁴
1552 2804 1605 2842 16
1640 2801 1796 2855 prima

20 2901 23 2903 ,
102 2871 313 2915 yeuerum
344 2859 448 2903 dixi
469 2858 510 2901 V
543 2858 750 2914 corrupit
779 2858 851 2903 ed.
965 2864 1022 2903 24
1054 2861 1107 2904 iu
1136 2860 1314 2903 auxilio
1337 2858 1378 2901 V
1409 2859 1462 2903 ni
1491 2872 1603 2902 aux.
1633 2858 1749 2902 edF.

103 2918 383 2962 sustineatur
413 2917 471 2962 611
480 2917 528 2961 F.
629 2921 684 2960 27
713 2918 957 2975 perducere
978 2918 1021 2962 V
1045 2919 1300 2975 perdurare
1331 2918 1402 2962 ed.
1507 2922 1558 2961 31
1595 2932 1731 2974 quam

104 2976 224 3032 quod
255 2976 326 3020 ed.
360 2976 432 3034 (cf.
465 2976 586 3033 quod
615 2990 699 3032 pro
731 2991 868 3034 quam
897 2992 938 3023 v.
965 2979 1051 3034 39).

1830 2460 1885 2500 60
