2050 3226
0 947 108 979 »10

63 1316 105 1349 15

58 1694 102 1727 20

57 2062 99 2096 25

55 2433 98 2465 30

769 125 897 170 AEN
898 125 1076 171 EIDOS
1099 125 1209 170 VIII
1734 129 1839 182 135

146 269 386 316 virtutem
422 267 578 330 ipsius
618 267 896 330 propriam,
936 265 1001 313 ad
1039 267 1387 329 cognationem
1431 267 1633 327 patrum
1679 270 1730 315 et
1774 267 1839 316 ad

145 342 534 390 benivolentiam
583 342 802 404 optimae
851 340 1097 403 opinionis
1144 340 1194 387 et
1241 339 1428 401 famae3
1483 340 1616 402 quod
1669 343 1839 389 autem

146 416 219 464 ait
249 417 299 463 et
336 415 455 464 fatis
496 431 654 480 egere,
693 414 943 479 significat
972 413 1207 462 iussionis
1240 414 1606 475 auctoritatem,
1640 417 1719 462 cui
1749 431 1838 464 nec

143 491 251 552 ipse
288 489 439 538 reniti
476 489 646 553 potuit
683 504 773 537 nec
812 487 985 536 debuit
1014 487 1252 536 Euander
1280 487 1532 535 reluctari.
1585 490 1836 550 postremo

145 563 328 612 adiecit
364 564 699 624 voluntatem,
745 579 807 610 ne
852 563 906 610 id
956 562 1092 624 quod
1137 560 1320 625 agebat
1355 562 1547 610 invitus
1586 561 1838 611 videretur

144 639 432 700 suscepisse,
472 637 616 701 quasi
655 637 878 700 optasset
916 637 1069 684 etiam
1106 638 1212 699 ipse
1251 651 1396 684 nosse
1428 636 1655 698 adfinem,
1688 653 1838 700 quem

141 727 334 760 summo
373 713 538 760 laudis
575 712 842 774 praeconio
882 726 1051 759 omnes
1089 710 1265 773 populi
1302 710 1663 773 praeferebant.
1735 713 1837 772 tua,

139 787 329 848 inquit,
378 787 525 835 terris
576 786 736 834 didita
785 786 943 834 fama:
989 801 1090 832 non
1134 785 1299 833 famae
1345 785 1604 848 respondit
1651 785 1837 847 plurali

138 876 360 921 numero,
392 860 479 909 sed
518 860 744 909 omnibus
787 875 916 922 quae
953 859 1137 922 posuit,
1176 861 1447 921 antequam
1486 858 1546 906 de
1577 859 1714 907 fama
1746 860 1835 907 ali-

140 934 261 997 quid
300 934 499 984 diceret.
576 934 771 983 inducit
818 935 935 996 post
982 934 1106 982 haec
1156 934 1516 996 expositionem
1565 935 1616 982 et
1663 950 1836 982 narra-

136 1010 323 1058 tionem
360 1010 514 1058 talem
554 1025 654 1072 qua
693 1008 919 1057 Euandri
955 1023 1007 1056 se
1044 1009 1289 1056 monstret
1327 1007 1560 1069 adfinem,
1597 1009 1836 1070 quoniam

137 1099 290 1146 supra
329 1084 457 1131 dixit
488 1084 787 1148 cognatique
824 1085 1007 1145 patres.
1081 1082 1211 1130 hanc
1247 1081 1408 1146 igitur
1443 1083 1692 1129 rationem
1723 1098 1834 1131 san·

137 1157 302 1221 guinis
365 1159 626 1206 stemmate
687 1158 945 1206 conlocato
1006 1155 1327 1219 prosequitur
1387 1158 1478 1204 sic:
1539 1156 1832 1215 Dardanae,

134 1232 326 1280 Iliacae
355 1233 553 1292 primus
585 1235 730 1292 pater
766 1232 904 1279 urbis
943 1233 987 1278 et
1024 1234 1205 1287 auctor,
1237 1230 1451 1287 Electra,
1483 1233 1538 1277 ut
1570 1229 1698 1279 Grai
1719 1246 1834 1291 per-
1852 1236 1936 1277 135

134 1306 316 1362 hibent,
357 1305 611 1354 Atlantide
661 1308 841 1354 cretus:
893 1305 1167 1353 necessarie
1220 1305 1393 1368 posuit
1444 1306 1502 1352 ut
1552 1303 1671 1352 Grai
1724 1321 1833 1368 per-

134 1379 321 1441 hibent,
359 1382 418 1428 ut
454 1379 799 1428 testimonium
839 1377 1139 1428 Graecorum
1185 1380 1316 1427 esset
1361 1379 1415 1426 in
1461 1379 1833 1428 confirmatione

133 1454 360 1502 veritatis
402 1456 452 1502 et
490 1454 725 1502 Euander
760 1455 908 1502 homo
949 1452 1164 1502 Graccus
1197 1453 1297 1502 suis
1328 1452 1496 1515 potius
1530 1469 1683 1516 quam
1714 1455 1832 1503 Tro-

133 1529 263 1577 ianis
294 1529 506 1578 testibus
532 1528 766 1577 crederet.
821 1528 1077 1576 advehitur
1101 1528 1313 1576 Teucros
1321 1545 1337 1574 .·
1368 1528 1634 1576 continuus
1660 1543 1831 1577 sensus

133 1605 210 1651 est
247 1602 339 1651 sic:
377 1603 660 1664 Dardanus,
698 1596 893 1666 inquit,
917 1603 1066 1650 natus
1107 1618 1165 1650 ex
1203 1602 1405 1650 Electra
1443 1601 1666 1650 Atlantis
1713 1603 1832 1664 filia,

133 1677 197 1725 ad
228 1677 443 1726 Teucros
482 1678 622 1727 venit
660 1678 710 1725 et
746 1679 915 1740 ipsum
944 1677 1164 1739 primum
1193 1677 1420 1725 novimus
1452 1678 1659 1739 patrem.
1723 1692 1831 1725 ecce

133 1751 350 1800 ostendit
398 1768 553 1800 unam
605 1750 813 1816 originis
862 1753 1080 1814 partem,
1130 1752 1270 1800 venit
1320 1750 1384 1798 ad
1423 1751 1656 1798 alteram:
1695 1752 1830 1799 vob-is

131 1826 416 1873 Mercurius
446 1829 592 1887 pater
631 1829 719 1883 est,
767 1840 907 1885 quem
953 1825 1169 1874 eandida
1214 1825 1365 1873 Maia
1414 1825 1628 1886 Cyllenio
1671 1826 1829 1886 9011010

133 1903 408 1960 conceptum
452 1901 626 1948 vertice
674 1900 817 1960 fudit.
896 1903 948 1948 at
990 1900 1212 1956 Maiam,
1261 1899 1445 1947 auditis
1483 1900 1528 1946 si
1574 1900 1830 1960 quicquam
1848 1903 1933 1943 140

133 1974 393 2030 (wedunae,
440 1973 643 2030 AtlanS,
693 1974 822 2022 idem
870 1972 1053 2022 Atlans
1102 1977 1303 2034 yenerat
1356 1973 1477 2021 caeli
1529 1974 1613 2032 qui
1664 1974 1830 2022 sidera

131 2047 274 2095 tollit:
312 2063 422 2109 vos,
463 2048 556 2109 ait,
594 2050 790 2110 patrem
826 2047 1130 2096 Mercurium
1167 2048 1463 2108 numeratis,
1501 2047 1662 2095 filium
1700 2048 1828 2096 eius-

131 2122 241 2169 dem
281 2122 458 2183 Maiae,
498 2138 650 2185 quam
688 2122 821 2170 idem
858 2122 1040 2171 Atlans
1079 2122 1267 2186 genuit.
1342 2122 1465 2170 bene
1505 2121 1700 2170 addidit
1736 2122 1827 2170 At·

129 2197 261 2257 lans,
299 2196 431 2244 idem
462 2196 643 2244 Atlans
683 2198 733 2244 et
771 2196 896 2244 caeli
936 2198 1023 2259 qui
1061 2196 1224 2245 sidera
1261 2196 1418 2258 tollit,
1449 2211 1510 2244 ne
1549 2196 1826 2244 similitudo

129 2271 342 2318 nominis
373 2271 501 2319 falso
532 2272 766 2333 usurpari
788 2270 1054 2332 videretur,
1078 2271 1159 2319 vel
1188 2270 1400 2318 maxime
1427 2285 1538 2318 cum
1563 2270 1829 2319 adderetur

129 2346 179 2391 et
218 2347 430 2408 signum,
470 2345 604 2407 quod
642 2344 775 2392 idem
814 2347 944 2393 esset
981 2344 1162 2394 Atlans
1203 2344 1291 2407 qui
1321 2345 1551 2393 Troianis
1585 2346 1826 2408 originem

127 2434 217 2479 per
253 2419 504 2467 Electram
545 2422 595 2468 et
633 2419 925 2467 Dardanum
965 2419 1183 2480 dederat,
1222 2419 1349 2467 caeli
1388 2420 1474 2482 qui
1513 2418 1675 2467 sidera
1713 2435 1824 2481 por·

126 2495 274 2553 taret,
311 2493 444 2541 idem
482 2509 598 2542 vero
640 2493 728 2555 qui
766 2493 1020 2557 genuisset
1048 2494 1235 2541 Maiam
1266 2495 1317 2541 et
1347 2510 1406 2541 ex
1437 2510 1495 2542 ea
1526 2493 1826 2541 Mercurium

127 2569 359 2629 nepotem
398 2569 709 2630 suscepisset.
764 2568 835 2615 sie
869 2582 1023 2628 9011113
1055 2568 1330 2624 amborum,
1369 2568 1463 2616 1100
1495 2569 1570 2615 est
1600 2566 1825 2614 Dardani

128 2643 178 2688 et
215 2641 470 2703 Mercurii,
516 2642 694 2690 scindit
731 2655 781 2689 se
819 2643 1059 2703 sanquine
1098 2643 1159 2690 ab
1198 2656 1318 2698 uno,
1365 2641 1588 2689 Atlantis
1635 2640 1825 2689 scilicet

247 2771 271 2810 9
316 2768 505 2823 aliquod
534 2767 577 2811 V
616 2782 730 2812 corr.
765 2768 836 2813 011.
967 2773 1022 2812 13
1062 2772 1225 2816 collato
1261 2773 1331 2816 ed.
1462 2776 1517 2815 22
1557 2769 1750 2827 cyllenio
1780 2767 1823 2811 V

128 2826 334 2883 Cyllenes
376 2827 447 2871 ed.
492 2827 707 2886 Cyllenae
747 2829 832 2871 in?
954 2832 1008 2871 23
1047 2832 1100 2875 in
1137 2833 1300 2876 vertice
1339 2831 1409 2875 ed.
1532 2834 1588 2872 24
1631 2827 1823 2871 siderat-

126 2886 246 2929 tollit
290 2887 355 2942 (et
397 2886 538 2942 infra)
580 2886 635 2932 V.
775 2891 830 2931 25
874 2894 1092 2933 vos—27
1136 2891 1256 2935 tollit
1302 2904 1389 2934 om.
1427 2889 1498 2934 ed.
1633 2890 1689 2930 33
1731 2900 1822 2931 sese

125 2946 350 3001 sanquine
380 2944 436 2989 V.
