2078 3260
273 144 382 198 640
746 142 979 187 DONATI
1008 142 1289 186 INTERPR.
1314 142 1494 187 VERG.

248 283 474 340 ⁸fortuna
511 284 601 330 tua
638 283 936 346 procurante
968 282 1221 331 victorem.
1275 280 1484 331 Lavinia
1513 286 1602 331 tua
1633 285 1708 332 est
1740 284 1966 347 coniunx,

271 358 475 419 propter
505 373 655 418 quam
687 356 1023 420 pugnavimus
1055 355 1155 404 diu.
1193 356 1399 404 ulterius
1428 371 1489 404 ne
1519 358 1657 406 tende
1687 358 1838 406 odiis:
1866 374 1966 406 non

270 429 416 480 debes
455 431 664 479 ulterius
704 430 819 481 duci
850 430 987 491 odic,
1026 430 1226 491 quando
1256 429 1309 478 in
1339 429 1454 478 iura
1485 433 1574 480 tua
1602 433 1807 480 transiit
1838 448 1967 495 quae

269 504 370 553 fuit
408 504 689 554 certaminis
730 519 891 552 causa.
947 505 1073 552 stetit
1109 518 1221 553 acer
1256 505 1311 552 in
1349 506 1504 553 armis
1539 503 1735 554 Aeneas
1772 506 1967 556 volvens

269 579 455 628 oculos:
493 579 628 642 quod
667 578 793 626 dixit
830 579 973 628 stetit
1010 593 1100 626 1166
1139 579 1313 627 statim
1342 578 1547 627 victoris
1585 580 1827 630 aviditate
1857 597 1966 642 per·
2019 594 2040 627 5

269 653 446 714 cussit,
492 653 711 701 ostendit
756 652 920 702 verbis
959 652 1270 715 deprecantis
1310 668 1414 701 esse
1455 655 1767 702 commotum.
1831 653 1966 716 quod

269 729 439 775 autem
478 727 711 776 volvebat
756 727 947 787 oculos,
992 727 1255 775 tractantis
1302 727 1468 776 fuerat
1506 728 1725 792 signum3
1778 727 1966 778 indices

183 811 187 814 ’
268 801 398 850 6111111
431 802 548 849 sunt
578 800 728 862 oculi,
769 802 857 863 qui
886 802 1042 849 tacito
1073 804 1270 863 pectore
1302 802 1548 850 sententia
1578 801 1837 850 dubitante
1861 802 1965 851 vol·-

268 877 468 924 vuntur.
537 891 637 924 non
688 876 821 923 enim
869 876 1125 939 ignoscere
1175 877 1358 924 temere
1407 876 1631 938 oportuit
1669 879 1759 924 aut
1796 875 1965 925 ferire:
2016 869 2024 876 ’

269 950 430 1010 stetit,
469 949 636 998 oculos
676 950 847 998 volvit.
914 950 1225 1008 dextramque
1261 950 1513 1009 repressit:
1562 949 1654 1012 qui
1689 950 1810 998 haec
1847 951 1967 998 fecit
1997 966 2040 998 10

267 1024 520 1086 proximus
552 1023 651 1072 fuit
688 1026 747 1072 ut
784 1024 1063 1087 ignosceret
1093 1023 1260 1086 potius
1292 1040 1445 1086 quam
1476 1026 1689 1091 necaret.
1743 1024 1966 1073 dextram

266 1098 422 1162 igitur
452 1098 688 1161 repressit
718 1099 980 1161 expectans
1013 1098 1134 1161 quid
1165 1098 1360 1146 animus
1383 1099 1646 1146 tractando
1671 1098 1967 1147 decerneret.

164 1184 249 1224 940
267 1176 310 1220 et
346 1173 449 1220 iam
478 1173 672 1233 iamque
700 1173 860 1233 mayis
891 1175 1192 1220 cunctantem
1221 1174 1405 1231 flectere
1433 1186 1589 1220 sermo
1621 1176 1852 1233 coeperat,
1891 1173 1965 1220 in-

267 1248 456 1295 certum
502 1247 777 1295 sententiae
822 1247 924 1295 iam
971 1249 1201 1309 coeperat
1248 1246 1302 1294 in
1351 1247 1549 1295 veniam
1593 1246 1744 1308 flecti,
1793 1247 1967 1307 infelix

265 1335 431 1368 umero
471 1335 579 1368 cum
617 1322 852 1380 apparuit
890 1320 986 1368 alto
1026 1321 1211 1369 balteus
1250 1324 1293 1369 et
1329 1321 1455 1368 notis
1487 1321 1734 1380 fulserunt
1770 1322 1966 1382 einyula
1996 1335 2038 1368 15

267 1394 412 1443 bullis
434 1395 679 1443 Pallantis
704 1396 870 1454 pueri,
903 1395 1081 1442 victum
1104 1409 1242 1454 quem
1271 1395 1471 1442 vulnere
1495 1395 1696 1443 Turnus
1725 1398 1967 1443 straverat

267 1471 408 1528 atque
437 1470 620 1516 umeris
648 1469 902 1517 inimicum
924 1470 1114 1529 insiyne
1134 1470 1339 1530 yerebat.
1372 1471 1555 1531 posset,
1575 1470 1755 1531 inquit,
1771 1469 1964 1517 Aeneas

264 1542 466 1606 roganti
512 1559 734 1605 parcere,
774 1543 880 1604 sed,
921 1545 1042 1605 quia
1081 1543 1303 1590 Turnum
1354 1544 1562 1592 adversa
1611 1543 1814 1591 fortuna
1862 1542 1965 1591 iam

263 1617 497 1666 trahebat
526 1618 579 1664 in
610 1620 843 1677 mortem,
884 1617 1121 1679 apparuit
1150 1633 1208 1665 ex
1240 1617 1343 1665 eius
1375 1617 1556 1665 umeris
1588 1617 1785 1666 balteus
1818 1633 1964 1679 quem

265 1691 425 1740 occiso
465 1691 746 1740 detraxerat
775 1691 1010 1740 Pallanti.
1066 1707 1154 1740 1166
1193 1691 1394 1739 difficile
1426 1691 1523 1738 fuit
1554 1691 1757 1739 Aenean
1795 1691 1964 1739 11161111-
1995 1707 2038 1738 20

162 1776 247 1816 945
264 1766 416 1827 nisse,
457 1766 575 1827 quia
606 1765 884 1814 cuiusmodi
916 1767 1045 1814 esset
1074 1765 1359 1813 memoriter
1389 1764 1648 1814 retinebat.
1704 1766 1783 1812 ille
1813 1765 1964 1813 oculis

259 1843 518 1901 postquam
567 1841 702 1887 saevi
745 1841 1040 1888 monimenta
1079 1840 1259 1888 doloris
1298 1840 1590 1900 exuviasque
1627 1840 1811 1895 hausit,
1862 1838 1962 1899 ille,

264 1914 358 1962 hoc
397 1916 472 1962 est
511 1914 597 1976 qui
635 1914 767 1962 flecti
805 1915 907 1962 iam
945 1916 1198 1976 coeperat,
1246 1916 1574 1976 posteaquam
1621 1930 1678 1960 ex
1716 1914 1793 1961 his
1835 1929 1961 1975 quae

265 1988 460 2036 viderat
509 1989 771 2036 novatione
824 1989 1007 2036 doloris
1063 1989 1267 2049 exarsit,
1320 1989 1470 2047 furiis
1516 2002 1746 2036 accensus
1796 1990 1839 2035 et
1883 1987 1962 2035 ira

265 2062 514 2118 terribili&
547 2078 646 2109 non
678 2065 782 2111 tam
814 2063 866 2110 in
896 2062 1223 2123 iracundiam,
1254 2062 1340 2110 sed
1369 2062 1423 2109 in
1454 2062 1637 2110 furiam
1668 2077 1841 2110 versus
1873 2065 1961 2109 est.
1993 2075 2035 2108 25

385 2178 407 2216 1
447 2179 724 2229 properante
758 2173 799 2217 V
833 2174 904 2218 ed.
942 2180 1222 2230 procurante
1260 2187 1356 2218 1163.
1488 2178 1513 2216 3
1553 2173 1736 2229 quando
1771 2172 1813 2215 V
1851 2174 1961 2229 quia

263 2234 359 2277 iam
401 2233 471 2276 ed.
526 2234 529 2289 ἶ
587 2234 639 2276 in
681 2234 789 2277 iura
823 2233 865 2276 V
907 2234 1086 2277 iniuria
1129 2233 1201 2277 ed.
1325 2237 1379 2276 10
1418 2234 1557 2277 volvit
1590 2232 1632 2275 V
1668 2233 1850 2277 volvens
1887 2232 1957 2276 ed.

266 2297 318 2336 11
360 2297 546 2348 negaret
578 2291 620 2335 V
658 2298 838 2336 necaret
880 2293 996 2337 edF.
1129 2297 1182 2336 13
1226 2293 1448 2337 incertum
1482 2292 1523 2335 V
1568 2291 1846 2348 (subiectum
1890 2295 1960 2334 est

263 2353 484 2395 incertum
526 2352 788 2406 sententiae)
832 2353 1032 2400 incertus
1078 2351 1149 2396 ed.
1275 2356 1328 2394 19
1372 2365 1427 2396 ex
1469 2353 1565 2395 eius
1599 2350 1642 2394 V
1683 2356 1845 2395 exutus
1886 2351 1958 2393 ed.

265 2415 321 2453 24
353 2412 525 2455 eoearsit
547 2409 586 2452 V
622 2416 771 2454 -serat
801 2411 871 2454 ed.
980 2415 1035 2454 25
1068 2411 1145 2455 sed
1168 2410 1209 2454 V
1241 2425 1378 2466 quam
1410 2410 1480 2454 ed.
1525 2410 1529 2467 l
1576 2411 1684 2465 post
1713 2423 1867 2462 versus
1897 2415 1961 2453 est

266 2469 475 2513 defectus
517 2469 690 2513 codicis
730 2469 919 2524 incipit,
954 2470 1010 2514 de
1044 2485 1134 2525 quo
1166 2485 1205 2513 v.
1239 2469 1384 2526 praef.
1416 2484 1461 2524 p.
1487 2468 1655 2512 XXIII:
1689 2468 1766 2512 hic
1799 2468 1958 2512 decem

264 2529 360 2572 fere
383 2528 648 2572 litterarum
673 2528 878 2583 spatium
902 2529 1025 2582 hiat,
1059 2529 1161 2583 sed,
1194 2529 1305 2584 quia
1328 2529 1377 2572 in
1401 2527 1485 2572 ΗΟ
1511 2528 1581 2572 ed.
1608 2528 1828 2571 continuo
1851 2532 1959 2572 tune

265 2588 495 2643 sequitur,
539 2588 639 2644 ipse
675 2587 894 2631 Vaticani
934 2588 1133 2643 scriptor
1169 2590 1224 2632 ut
1262 2587 1378 2631 alibi
1418 2589 1526 2631 ante
1557 2586 1730 2630 lemma
1761 2599 1957 2629 vacuum

264 2646 507 2702 reliquisse
532 2647 728 2691 videtur.
783 2646 833 2690 in
857 2647 1159 2701 sequentibus
1183 2647 1426 2692 brevitatis
1451 2659 1593 2690 causa
1618 2659 1736 2702 quae
1760 2645 1809 2688 in
1825 2644 1957 2688 Vati-

267 2719 382 2749 cano
406 2706 659 2761 perierunt,
677 2720 734 2750 ne
759 2705 932 2763 singuli
956 2706 1046 2749 loci
1066 2707 1116 2749 in
1133 2708 1364 2762 apparatu
1382 2705 1623 2762 repetendi
1641 2706 1807 2757 essent,
1824 2703 1956 2746 uncis

265 2764 446 2808 inclusi.
502 2765 706 2822 genuina
737 2778 838 2809 6336
870 2767 917 2808 et
949 2764 1083 2808 stilus
1115 2779 1219 2809 vere
1244 2765 1534 2808 Donatianus
1567 2763 1671 2821 (tibi
1702 2762 1955 2806 commodis

263 2824 442 2879 places,
475 2824 674 2878 meritis,
706 2824 931 2867 ministris
970 2823 1207 2879 manibus,
1239 2824 1504 2868 inventione
1545 2824 1778 2876 currente,
1808 2821 1955 2877 pluri-

264 2897 443 2926 morum
470 2883 770 2938 adminiculo)
797 2885 844 2927 et
866 2897 1084 2926 numerus
1108 2883 1371 2927 litterarum
1397 2896 1451 2926 ac
1476 2897 1636 2927 sensus
1661 2895 1764 2924 cum
1784 2880 1954 2924 litteris

266 2942 404 2985 salvis
433 2942 619 2999 egregie
648 2955 905 2999 congruens
934 2942 1267 2986 demonstrant.
1324 2942 1507 2986 accedit
1530 2941 1653 2997 quod
1679 2939 1823 2984 editio
1849 2953 1951 2982 cum

265 3001 557 3045 Harlemensi
590 3003 636 3045 et
668 3001 918 3045 Oxoniensi
949 3002 998 3044 in
1031 3015 1210 3044 summa
1243 3001 1486 3046 consentit.
