2050 3226
249 167 323 220 34
722 164 957 209 DONATI
985 164 1267 209 INTERPR.
1293 164 1471 210 VERG.

246 305 375 354 hauc
411 318 575 353 omues
614 305 886 365 animisque
922 305 1190 354 volentibus
1225 306 1394 353 urbem
1433 305 1729 364 adferimwr:
1766 303 1942 353 volun-

246 381 354 428 tate
397 379 566 441 potius
612 381 785 427 nostra
829 382 880 428 et
924 395 1024 427 uno
1071 378 1292 428 omnium
1340 379 1547 427 consilio
1598 379 1942 441 communique

246 452 472 502 tractatu
511 453 575 500 ad
603 453 733 502 hanc
761 453 936 501 urbem
966 468 1136 501 sumus
1169 453 1376 503 advecti.
1436 453 1574 514 pulsi
1602 453 1787 514 remiis,
1819 466 1943 513 quae

246 527 465 576 mamima
512 527 758 586 quondam
805 530 1011 575 extremo
1048 527 1245 575 veniens
1282 526 1366 575 Sol
1411 527 1676 586 aspiciebat
1720 526 1943 587 Olympo:

182 639 187 643 .
247 617 348 650 non
392 602 561 664 potuit
606 601 890 650 altitudinis
936 601 1189 650 moenium
1237 602 1414 649 melius
1458 602 1619 649 instar
1664 600 1943 663 ostendere3

248 675 324 724 sol
370 674 502 723 enim
555 690 668 723 cum
721 676 941 723 exoritur
986 677 1036 723 et
1081 674 1242 723 adhuc
1288 676 1341 723 in
1391 674 1590 724 exordio
1643 674 1816 722 mundi
1867 677 1944 724 est

246 749 552 812 perindeque
603 749 658 796 in
718 749 918 810 humili,
970 749 1099 796 nihil
1146 749 1285 797 videt
1332 751 1494 812 primo
1544 748 1768 811 nihilque
1829 763 1942 796 0011-

246 823 402 886 tingit
438 823 537 871 nisi
582 823 718 886 quod
763 823 1064 871 altissimum
1109 823 1284 871 ceteris
1329 824 1496 871 fuerit.
1572 822 1698 871 dixit
1742 822 1944 871 laudem

245 897 499 946 moenium
563 897 785 946 civitatis
847 913 964 946 suae
1026 913 1156 959 quae
1215 898 1439 959 fuerunt,
1501 913 1615 945 cum
1670 896 1944 945 incolumia

246 971 605 1035 perdurabant,
666 971 804 1020 venit
865 972 928 1019 ad
987 971 1246 1019 hominum
1309 971 1751 1034 praedicationem,
1814 986 1942 1034 quae

247 1045 711 1106 commendationis,
780 1061 880 1093 non
947 1045 1217 1094 iactantiae
1286 1060 1436 1094 causa
1495 1045 1792 1108 interposita
1853 1047 1943 1106 est,

247 1119 399 1168 simul
450 1122 508 1167 ut
562 1119 874 1167 adfinitatem
917 1118 1086 1167 Latini
1141 1135 1252 1167 cum
1306 1135 1398 1168 sua
1450 1134 1751 1181 suorumque
1804 1134 1942 1167 mon-

247 1195 430 1243 straret
468 1209 572 1242 esse
612 1193 928 1241 coniunctam
967 1194 1268 1256 perindeque
1301 1193 1363 1240 ab
1396 1209 1453 1241 eo
1486 1194 1674 1242 alienos
1706 1209 1806 1241 non
1838 1208 1943 1242 esse

248 1267 335 1330 qui
395 1270 643 1331 rogarent.
722 1266 856 1329 quod
916 1268 1081 1330 ipsum
1141 1283 1241 1314 non
1302 1268 1491 1316 frustra
1551 1267 1944 1330 prosequebatur

248 1341 383 1405 apud
422 1358 534 1389 eum
579 1340 669 1403 qui
714 1357 910 1389 omnem
956 1341 1222 1390 vetustatis
1274 1341 1496 1389 ordinem
1546 1344 1735 1403 nosset,
1784 1357 1943 1404 usque

247 1415 370 1463 adeo
408 1418 468 1464 ut
506 1415 681 1463 seriem
718 1431 885 1463 rerum
923 1414 1159 1463 Latinum
1198 1415 1442 1464 dicentem
1481 1418 1596 1464 ante
1637 1417 1943 1464 momentum

247 1489 480 1538 audisset.
558 1490 620 1537 ab
658 1490 776 1537 Iove
810 1490 1112 1550 principium
1146 1491 1361 1550 qeneris:
1406 1490 1518 1552 plus
1557 1489 1775 1539 Ilioneus
1816 1490 1944 1538 dixit

249 1578 402 1627 quam
438 1563 672 1625 Latinus3
722 1563 931 1611 Latinus
971 1563 1158 1626 quippe
1197 1563 1324 1611 dixit
1360 1563 1652 1611 Dardanum
1694 1580 1752 1612 ex
1790 1564 1944 1613 Italia

247 1639 474 1702 genitum
512 1637 703 1686 dedisse
743 1637 985 1701 originem
1024 1638 1246 1699 Teucris,
1285 1637 1500 1686 Ilioneus
1540 1653 1657 1686 vero
1698 1638 1771 1686 ait
1807 1638 1941 1687 Iovis

250 1712 410 1760 nostri
449 1713 622 1760 auctor
660 1714 736 1760 est
773 1713 993 1775 generis,
1034 1711 1166 1773 quod
1203 1727 1360 1774 usque
1392 1712 1514 1760 adeo
1546 1711 1798 1760 laudabile
1829 1712 1942 1773 fuit,

248 1787 308 1834 ut
362 1786 456 1834 hoc
507 1785 689 1833 iterum
750 1786 1011 1847 repetisset
1071 1786 1235 1834 dicens
1311 1786 1429 1834 Iove
1489 1786 1740 1834 Dardana
1785 1788 1942 1846 pubes

143 1868 231 1909 220
245 1860 427 1921 qaudet
478 1874 590 1916 av0,
646 1875 756 1907 0000
810 1862 860 1907 et
907 1860 1057 1907 tertio
1111 1874 1196 1907 rex
1249 1860 1353 1920 ipse
1397 1860 1534 1907 Iovis
1580 1861 1638 1907 de
1680 1864 1816 1920 yeute
1861 1875 1942 1908 su-

240 1948 430 1994 prema.
515 1933 876 1981 confirmandae
930 1933 1156 1982 veritatis
1215 1949 1367 1982 causa
1421 1933 1627 1982 eandem
1683 1950 1788 1982 rem
1842 1950 1942 1982 non

249 2007 421 2068 semel,
473 2006 559 2054 sed
609 2007 822 2056 seeundo
873 2009 924 2054 et
968 2008 1116 2055 tertio
1166 2009 1402 2070 repetivit
1451 2008 1712 2056 nominans
1759 2008 1942 2070 Iovem,

248 2097 347 2144 quo
395 2081 562 2129 nullus
609 2081 774 2143 potior
820 2084 970 2143 esset,
1016 2081 1167 2142 Iovis,
1213 2083 1399 2144 inquit,
1447 2084 1597 2144 caput
1635 2085 1710 2130 est
1747 2082 1942 2146 generis

246 2155 418 2204 nostri.
496 2170 603 2203 0000
665 2171 764 2203 11011
824 2155 1074 2203 recusavit
1132 2155 1445 2217 Dardanum,
1507 2156 1593 2204 sed
1652 2155 1941 2218 posterioris

245 2229 376 2277 hunc
418 2229 656 2291 temporis
711 2228 838 2276 dixit
891 2231 940 2276 et
991 2245 1091 2276 non
1142 2245 1172 2276 a
1218 2230 1452 2279 Dardano
1509 2230 1724 2291 coepisse
1770 2230 1942 2278 Troia-

246 2319 425 2351 norum
463 2318 639 2366 genus,
689 2303 773 2350 sed
813 2318 842 2350 a
880 2303 1020 2364 Iove,
1069 2303 1155 2365 qui
1194 2307 1321 2352 esset
1359 2304 1454 2351 diis
1494 2303 1722 2352 omnibus
1761 2305 1940 2365 potior.

247 2376 460 2439 denique
494 2376 687 2424 addidit
725 2375 842 2424 Iove
882 2393 975 2425 avo
1015 2377 1199 2440 gaudet
1230 2379 1495 2440 posteritas
1524 2377 1762 2438 Dardani,
1795 2393 1942 2441 quem

247 2450 455 2499 Latinus
496 2450 690 2498 dixerat
727 2466 784 2498 ex
822 2449 975 2498 Italia
1019 2452 1297 2513 profectum
1329 2453 1392 2499 ad
1432 2451 1648 2500 Troiam.
1712 2453 1782 2513 et,
1822 2453 1941 2514 quia

249 2526 303 2572 in
358 2523 492 2572 omni
545 2540 721 2588 genere
775 2524 1102 2572 Troianorum
1154 2527 1323 2574 nullus
1373 2526 1539 2588 potior
1598 2526 1719 2585 fuit,
1781 2526 1942 2574 solum

250 2599 534 2661 frequenter
585 2597 836 2660 nominat,
890 2598 949 2646 de
1003 2599 1177 2648 ceteris
1231 2603 1366 2648 tacet
1417 2615 1505 2648 1100
1558 2599 1836 2648 inmoratur
1887 2601 1941 2647 in

370 2744 395 2782 7
427 2752 511 2795 que
549 2753 635 2782 om.
671 2738 741 2782 ed.
865 2743 892 2782 8
924 2741 1078 2783 ceteris
1116 2753 1204 2783 om.
1238 2740 1332 2784 ed.:
1367 2741 1423 2784 of.
1458 2745 1499 2794 3,
1525 2743 1623 2783 249.
1749 2744 1803 2782 12
1840 2753 1942 2783 cum

248 2811 434 2842 suorum
475 2812 589 2854 quae
621 2797 662 2840 V
704 2812 805 2842 eum
846 2813 933 2842 sua
974 2812 1244 2855 suorumque
1291 2799 1363 2843 ed.
1497 2804 1551 2842 16
1595 2799 1822 2842 docentem
1868 2798 1939 2841 ed.

251 2860 306 2899 19
338 2858 453 2901 iovis
485 2859 550 2913 (et
579 2857 720 2912 infra)
752 2856 794 2900 V
825 2858 1035 2912 Iuppiter
1066 2858 1137 2900 ed.
1235 2862 1289 2901 20
1322 2871 1548 2914 quousque
1580 2857 1622 2900 V
1653 2857 1772 2912 quod
1802 2870 1942 2912 usque

249 2928 333 2958 nos
364 2930 504 2971 usque
535 2930 623 2959 om.
649 2916 719 2960 ed.
827 2921 880 2959 21
914 2918 1076 2960 iterum
1107 2916 1149 2959 V
1179 2918 1362 2961 interim
1393 2916 1464 2960 ed.
1572 2921 1628 2959 26
1659 2921 1839 2960 recusat
1868 2916 1939 2959 ed.

251 2977 307 3017 28
331 2976 481 3019 notior
497 2974 538 3018 V
556 2975 625 3019 ed.
639 2976 792 3031 potior
808 2989 903 3019 nos.
968 2979 1020 3018 31
1039 2976 1184 3019 solum
1200 2975 1242 3019 V
1257 2990 1290 3019 s.
1310 2990 1411 3020 eum
1435 2975 1504 3019 ed.
1570 2979 1624 3018 32
1649 2988 1730 3019 uec
1746 2974 1787 3018 V
1803 2979 1846 3019 et
1868 2974 1938 3019 ed.

1975 985 2017 1016 10

1975 1355 2016 1388 15

1973 1726 2017 1758 20

1973 2094 2015 2127 25

1973 2465 2016 2496 30
