2050 3226
256 152 365 206 530
723 150 955 195 DONATI
987 149 1267 196 mTERPR.
1294 150 1471 195 VERG.

250 289 488 352 audebat,
528 290 804 352 contendit,
843 306 904 338 ne
941 290 1126 354 periret
1165 290 1432 352 obrependi
1469 290 1660 339 occasio
1708 305 1809 354 qua
1851 289 1943 339 illa

247 364 443 413 intenta
481 366 534 412 in
573 364 806 412 Arruntis
844 379 1013 412 necem
1049 379 1139 412 nec
1179 363 1435 428 cogitabat
1473 365 1573 412 alia
1606 379 1697 412 nec
1726 363 1943 413 videbat.

250 442 293 487 et
345 453 545 500 superos
597 437 797 486 Arruns
851 438 922 486 sie
969 452 1080 486 voce
1126 441 1382 499 precatur:
1432 440 1539 486 tam
1591 437 1794 486 difficile
1846 438 1946 487 fuit

251 511 514 561 Camillam
563 513 718 561 sterni
762 512 935 560 hostili
979 528 1154 575 manu,
1203 515 1261 561 ut
1311 511 1375 559 ad
1424 512 1530 561 eius
1579 511 1946 575 procurandum

250 587 458 635 exitium
504 588 554 634 et
598 586 791 635 occasio
838 586 1122 648 quaerenda
1165 587 1403 649 temporis
1450 585 1710 648 duceretur
1754 589 1804 635 et
1847 586 1948 635 loci
1998 601 2050 634 5⁴

149 672 232 712 785
251 663 301 709 et
354 660 558 709 deorum
613 660 757 708 favor
810 659 1102 724 suppliciter
1151 659 1453 709 invitandus.
1549 675 1734 709 summe
1787 660 1944 718 deum,

250 736 408 783 sancti
458 738 615 782 custos
674 734 890 782 Soractis
947 732 1145 795 Apollo,
1198 749 1337 795 quem
1382 735 1538 794 primi
1591 734 1812 791 colimus‘,
1869 735 1948 783 cui

243 809 424 869 pineus
475 808 625 857 ardor
674 822 843 856 acervo
887 810 1113 869 pascitur
1162 811 1205 856 et
1247 809 1461 856 medium
1498 809 1613 868 freti
1643 808 1824 869 pietate
1853 822 1948 868 per

250 883 411 943 iqnem
450 883 652 930 cultores
689 883 845 930 multa
870 883 1140 943 premimus
1170 883 1374 944 vestiyia
1397 885 1592 943 pruna:
1621 897 1817 931 necesse
1847 882 1948 930 fuit

250 973 363 1004 eum
402 956 600 1004 laudari
649 956 888 1019 supplicis
939 972 1058 1005 voce
1108 956 1246 1005 cuius
1295 956 1642 1018 inplorabatur
1691 956 1948 1019 auxilium,
1979 971 2022 1003 ιο

251 1029 376 1078 dixit
421 1046 611 1078 summe
658 1030 827 1078 deum:
866 1031 1014 1094 plena
1059 1031 1169 1079 laus
1218 1031 1293 1079 est
1331 1030 1436 1079 eius
1477 1030 1565 1094 qui
1603 1045 1824 1079 summus
1863 1030 1948 1079 ad—

251 1103 432 1153 seritur
476 1104 781 1167 perindeque
829 1121 927 1167 quo
977 1105 1142 1153 nullus
1201 1106 1269 1153 sit
1316 1105 1496 1168 potior.
1585 1105 1674 1167 qui
1723 1106 1948 1153 sanctum

252 1178 505 1227 Soractem
554 1179 709 1227 tueris
761 1195 819 1227 ac
869 1179 1113 1243 protegis:
1163 1181 1278 1241 post
1322 1178 1521 1227 laudem
1566 1178 1783 1227 numinis
1823 1177 1951 1227 dixit

253 1251 509 1300 Soractem
554 1255 805 1315 sanctum3'
851 1256 1078 1302 sanctum
1128 1254 1257 1301 enim
1309 1253 1523 1301 efficitur
1573 1252 1812 1316 quicquid
1859 1252 1948 1301 ah'-

253 1326 386 1389 quod
425 1327 666 1376 amaverit
714 1343 912 1376 numen.
999 1327 1177 1390 incipit
1224 1328 1327 1376 iam
1377 1326 1721 1376 commendare
1769 1327 1949 1375 merita
1981 1339 2022 1372 15

253 1416 365 1463 sua,
406 1402 634 1463 quamvis
673 1401 767 1449 hoc
807 1417 1004 1465 quoque
1044 1402 1108 1450 ad
1146 1402 1227 1449 dei
1264 1401 1424 1465 ipsius
1462 1402 1711 1464 pertineat
1748 1400 1949 1449 laudem

253 1475 343 1537 qui
392 1491 505 1523 cum
556 1477 702 1523 tanta
750 1477 1030 1524 reverentia
1074 1475 1258 1523 meruit
1295 1476 1404 1523 coli.
1483 1491 1629 1537 quem
1669 1475 1838 1538 primi,
1876 1475 1948 1522 in-

254 1549 385 1612 quit,
425 1549 646 1611 colimus,
675 1550 768 1597 hoc
800 1551 876 1599 est
907 1550 1061 1598 electi.
1116 1549 1197 1597 cui
1226 1549 1508 1597 incenditur
1537 1550 1712 1613 ingens
1745 1564 1947 1597 acervus

253 1639 311 1669 ex
360 1623 510 1671 taeda
559 1625 708 1686 atque
758 1624 852 1686 ita,
905 1626 963 1672 ut
1015 1640 1288 1686 numquam
1345 1623 1563 1684 deficiat,
1618 1622 1703 1671 sed
1756 1638 1949 1686 semper

254 1697 424 1746 alatur
460 1698 794 1746 nutrimentis.
869 1697 963 1747 hoc
1002 1713 1155 1761 genus
1193 1697 1325 1762 ignis
1363 1697 1474 1745 ideo
1513 1698 1565 1744 in
1605 1697 1948 1760 deprecatione
1979 1710 2022 1742 20

252 1771 474 1832 positum
513 1774 608 1833 est,
642 1773 760 1834 quia
798 1772 1020 1820 naturali
1059 1787 1173 1820 suco
1221 1774 1480 1834 tamquam
1528 1772 1634 1818 oleo
1681 1771 1948 1819 violentius

252 1845 534 1893 incenditur
583 1847 633 1894 et
680 1847 938 1895 incensum
988 1845 1073 1893 diu
1123 1845 1373 1908 perdurat.
1460 1847 1723 1907 tantaque,
1769 1845 1950 1907 inquit,

255 1919 388 1981 apud
442 1935 531 1968 nos
585 1919 766 1968 fiducia
815 1923 891 1969 est
939 1920 1153 1968 numinis
1199 1921 1301 1981 tui,
1350 1920 1410 1967 ut
1454 1934 1737 1982 premamus
1782 1919 1951 1982 ignem

255 1992 398 2041 nudis
452 1993 678 2057 vestigiis
731 2010 820 2042 nec
871 1993 1143 2042 laedamur.
1234 1995 1350 2056 post
1398 1994 1620 2054 laudem,
1671 2008 1820 2055 quam
1869 1992 1949 2041 de-

256 2066 450 2114 sideriis
504 2068 746 2130 praeferri
793 2070 1111 2130 convenerat,
1166 2070 1281 2131 post
1342 2067 1819 2116 commendationem
1872 2067 1951 2114 sui
1981 2079 2023 2113 25

256 2140 511 2202 petitionis
569 2141 724 2190 adicit
769 2158 1033 2190 summam:
1088 2142 1175 2199 da,
1215 2145 1373 2202 pater,
1413 2142 1499 2189 hoe
1545 2141 1723 2189 uostris
1769 2141 1951 2189 aboleri

154 2221 238 2260 790
257 2214 459 2262 dedecus
491 2217 657 2271 armis,
691 2217 1012 2277 omnipotens:
1050 2216 1252 2280 grande,
1282 2215 1462 2278 inquit,
1493 2213 1768 2278 praestabis
1793 2214 1949 2262 ..bene-

256 2288 438 2350 ficium,
470 2290 513 2336 si
543 2291 824 2338 nostrorum
857 2306 1107 2339 armorum
1140 2290 1348 2338 dedecus
1382 2289 1641 2338 aboleatur
1671 2290 1721 2336 et
1757 2289 1949 2351 pereat3

257 2363 429 2424 quales
473 2362 603 2410 enim
653 2363 750 2411 viri
801 2364 899 2412 dici
949 2366 1182 2426 poterant
1237 2380 1446 2427 quorum
1502 2363 1713 2411 audebat
1765 2362 1950 2409 femina

256 2436 453 2484 misceri
504 2437 783 2497 certamini,
835 2454 986 2499 quam
1036 2440 1230 2487 vincere
1281 2437 1380 2486 fuit
1429 2438 1614 2485 crimen
1669 2436 1725 2483 et'
1775 2434 1836 2483 ab
1891 2451 1949 2483 ea
1981 2449 2024 2482 30

258 2512 482 2572 superari
512 2510 791 2575 flagitium?
844 2526 942 2559 nou
973 2513 1174 2560 exuvias
1197 2513 1433 2571 pulsaeve
1463 2515 1713 2571 tropaeum
1742 2510 1949 2569 viryim's

259 2588 346 2632 aut
393 2585 550 2645 spolia
598 2585 699 2633 ulla
743 2589 876 2644 peto:
923 2587 1041 2647 quia
1089 2585 1257 2649 potuit
1307 2585 1405 2634 dici
1448 2585 1674 2649 iugulare
1712 2583 1950 2631 feminam

382 2730 404 2768 1
450 2726 706 2781 obripiendi
735 2725 775 2768 V
809 2725 880 2770 ed.
1004 2731 1028 2769 2
1062 2727 1285 2771 Arruntis
1315 2726 1357 2769 V
1390 2726 1460 2770 ed.
1503 2725 1681 2770 Chlorei
1718 2725 1947 2779 expectes,

261 2783 421 2838 lapsus
453 2784 627 2827 Donati
659 2785 716 2828 cf.
741 2799 780 2827 v.
802 2788 901 2829 630.
995 2790 1019 2827 6
1052 2791 1092 2829 et
1123 2786 1307 2830 deorum
1331 2784 1373 2828 V
1404 2790 1445 2829 et
1475 2798 1563 2828 om.
1589 2783 1660 2828 ed.
1754 2787 1809 2826 10
1839 2796 1949 2838 sup—

255 2843 372 2897 plici
418 2843 488 2886 ed.
542 2843 546 2900 Ι
603 2845 734 2888 cuius
768 2843 811 2886 V
856 2858 886 2887 a
932 2858 1017 2900 quo
1064 2844 1135 2887 ed.
1264 2848 1320 2888 20
1367 2843 1657 2888 nutrimentis
1702 2855 1789 2885 om.
1832 2842 1903 2885 ed.
1940 2842 1944 2897 Ι

260 2902 360 2957 iyou'
383 2901 577 3003 Vdiyuis
608 2903 678 2946 ed.
803 2907 857 2946 22
897 2904 1476 2948 accenditur—accensum
1516 2902 1588 2946 ed.
1709 2905 1763 2943 25
1803 2903 1878 2946 sui
1908 2900 1949 2943 V

261 2974 371 3004 suae
404 2974 428 3003 e
466 2996 472 3003 .
