2050 3226
256 167 362 220 164
722 163 956 210 DONATI
985 163 1265 208 INTERPR.
1290 163 1473 210 VERG.

250 304 381 353 unde
430 303 681 368 Lycaeum
729 305 896 352 ferunt
945 303 1189 366 extitisse,
1240 305 1380 352 cuius
1431 321 1490 352 ex
1537 321 1673 353 more
1725 306 1940 354 cultores

252 394 392 427 sacra
421 379 696 428 reddebant
717 378 896 440 Panos,
928 379 1059 426 unde
1091 377 1337 442 singulari
1366 394 1568 427 numero
1596 379 1704 426 Pan
1735 378 1941 441 dicitur3

149 462 234 502 345
249 453 340 501 hos
380 455 511 501 enim
550 452 769 501 Arcades
808 453 1081 515 plurimum
1118 455 1433 501 venerantur.
1493 467 1580 501 nec
1610 467 1708 500 non
1740 456 1784 500 et
1811 454 1943 501 sacri

249 531 489 576 monstrat
531 542 703 576 nemus
740 525 948 587 Aryileti
993 529 1288 587 testaturque
1333 526 1489 575 locum
1533 530 1576 574 et
1621 527 1765 575 letum
1812 527 1944 576 docet

249 601 453 660 hospitis
483 599 634 662 Aryi:
670 599 971 649 monstravit
1007 600 1175 647 lucum
1212 601 1266 648 in
1299 616 1395 663 quo
1435 600 1622 649 occisus
1655 602 1731 649 est
1761 600 1940 664 Argus.
1996 614 2015 646 5

250 691 402 737 sacer,
439 676 533 723 hoc
571 677 648 724 est
685 674 896 723 crudelis
938 676 987 722 et
1024 673 1281 736 pessimus,
1319 675 1449 722 unde
1488 676 1538 723 et
1569 675 1736 739 „ignis
1769 673 1941 723 sacer“

250 743 351 816 (ge.
379 750 426 810 3,
461 742 592 815 566)
644 749 828 797 dicitur
865 748 1067 796 morbus
1107 749 1194 811 qui
1231 748 1482 796 hominem
1519 750 1795 811 perniciose
1833 765 1941 811 per·

158 842 162 845 ’
251 823 491 886 sequitur,
529 822 661 871 unde
693 824 743 871 et
775 822 923 884 „auri
955 838 1096 870 sacra
1126 821 1320 872 fames“
1352 821 1427 888 (3,
1454 816 1547 890 57)
1579 823 1672 871 hoc
1704 826 1779 871 est
1810 823 1941 871 dete—

251 897 444 946 standa.
507 897 664 945 letum
704 898 870 944 autem
907 897 1063 959 ipsius
1094 895 1221 961 Argi
1259 898 1308 945 et
1345 897 1436 945 leti
1466 912 1667 946 causam
1696 897 1944 945 referebat

249 971 499 1032 Euander,
524 971 772 1034 quomodo
797 970 962 1034 Argus
995 987 1053 1019 ex
1082 971 1279 1033 hospite
1304 971 1555 1034 professus
1581 971 1647 1019 sit
1669 971 1943 1033 inimicum,
1974 984 2018 1015 10

249 1061 338 1094 nec
377 1045 586 1093 eundem
622 1045 914 1093 Euandrum
952 1044 1173 1108 pudebat
1217 1045 1429 1108 hospitis
1470 1045 1671 1094 auribus
1710 1045 1943 1094 intimare

251 1119 455 1168 alterius
501 1119 715 1182 hospitis
760 1135 951 1180 necem,
1003 1120 1240 1182 quoniam
1284 1118 1586 1168 reddebatur
1630 1119 1753 1168 facti
1796 1119 1944 1181 rati0,

251 1193 385 1256 quod
421 1194 596 1241 mortis
638 1209 755 1242 suae
793 1194 899 1256 ipse
949 1193 1183 1242 extiterat
1230 1209 1380 1242 causa
1419 1195 1468 1242 et
1505 1192 1609 1242 vim
1653 1193 1945 1256 pertulisset

247 1267 412 1317 iustae
450 1267 656 1316 ultionis
697 1268 787 1330 qui
824 1268 1065 1315 iniustam
1102 1270 1371 1331 paraverat
1409 1267 1715 1317 violentiam.
1792 1269 1944 1316 testa-

248 1344 334 1390 tur
385 1342 552 1390 locum
598 1341 723 1389 dixit
767 1341 1110 1389 testimonium
1157 1342 1395 1390 adhibens
1442 1342 1558 1403 loci,
1608 1343 1667 1390 ut
1710 1341 1946 1405 probaret
1979 1353 2018 1386 15

250 1417 478 1465 scelerati
507 1416 719 1463 hominis
751 1417 966 1463 mentem
999 1416 1089 1478 qui
1118 1415 1384 1479 hospitalis
1415 1416 1658 1464 inmemor
1687 1415 1943 1480 religionis

249 1506 349 1538 non
388 1505 607 1538 amorem
651 1489 977 1552 reciprocum,
1029 1490 1114 1538 sed
1159 1491 1392 1538 hostilem
1440 1490 1661 1538 animum
1708 1491 1944 1538 scelerate

250 1563 479 1627 suscepit.
554 1564 667 1612 hinc
705 1564 772 1612 ad
812 1564 1077 1624 Tarpeiam
1114 1564 1294 1620 sedem,
1344 1564 1407 1612 ad
1446 1564 1715 1626 Tarpeium
1753 1565 1944 1612 scilicet

249 1641 491 1699 montem,
531 1641 575 1686 et
609 1637 851 1698 Capitolia
890 1638 1041 1695 ducit,
1083 1652 1238 1686 aurea
1276 1652 1427 1694 nuuc,
1467 1638 1520 1685 id
1559 1640 1634 1686 est
1672 1654 1784 1686 cum
1820 1639 1943 1687 haec

250 1712 602 1775 scribebantur,
647 1711 763 1759 olim
807 1712 1108 1759 silvestribus
1146 1712 1348 1760 horrida
1386 1712 1571 1760 dumis:
1621 1714 1764 1760 erant
1807 1714 1944 1774 tunc,
1975 1723 2018 1756 2⁰

249 1786 437 1850 inquit,
487 1787 541 1833 in
578 1785 667 1833 illo
707 1786 815 1833 loco
858 1784 1127 1847 Capitolia,
1176 1801 1276 1833 non
1316 1802 1488 1847 aurea,
1539 1802 1636 1834 non
1677 1785 1835 1848 culta,
1885 1788 1945 1834 ut

250 1876 397 1922 nunc,
436 1875 535 1907 non
566 1860 847 1923 magnifica,
887 1860 972 1907 sed
1003 1859 1314 1908 silvestribus
1349 1859 1512 1907 dumis
1544 1859 1755 1910 obsessa.
1812 1861 1944 1922 quod

252 1934 379 1982 dixit
418 1934 560 1981 duxit
597 1949 710 1981 eum
750 1932 813 1981 ad
846 1934 1113 1995 Tarpeium
1151 1936 1369 1982 montem
1408 1936 1459 1981 et
1491 1932 1742 1996 Capitolia
1781 1934 1943 1983 dumis

251 2008 472 2068 obsessa,
518 2007 624 2055 fieri
670 2023 771 2055 non
815 2008 981 2069 potuit
1026 2010 1086 2055 ut
1133 2024 1279 2057 senex
1318 2010 1367 2056 et
1407 2007 1494 2071 qui
1532 2009 1694 2056 alieno
1735 2008 1942 2056 admini-

251 2082 362 2130 culo
412 2082 669 2143 niteretur,
723 2082 936 2129 maxime
986 2081 1258 2130 inminente
1308 2083 1410 2129 iam
1456 2098 1679 2146 vespere,
1732 2083 1830 2131 iret
1879 2083 1943 2131 ad
1975 2093 2016 2125 25

249 2157 469 2205 montem
509 2156 557 2202 et
597 2155 660 2203 ad
698 2155 807 2203 loca
838 2171 966 2217 quae
1005 2158 1166 2204 sentes
1200 2158 1536 2220 occupassent.
1600 2172 1716 2220 ergo
1747 2157 1943 2205 intelle-

251 2229 469 2294 gendum
523 2231 598 2277 est
649 2229 884 2291 possibile
939 2229 1131 2292 aliquid
1185 2231 1319 2292 quod
1375 2229 1535 2294 possit
1592 2247 1650 2277 ex
1707 2231 1942 2279 subiectis

252 2303 567 2367 conprobari,
627 2305 686 2350 ut
745 2303 1067 2352 monstrando
1123 2304 1317 2353 duxisse
1373 2321 1485 2352 eum
1538 2302 1782 2366 videatur,
1843 2321 1943 2354 non

253 2376 574 2438 ambulando,
625 2377 813 2426 scilicet
862 2380 919 2425 ut
956 2378 1146 2426 videret
1191 2379 1346 2427 oculis
1390 2378 1565 2440 procul
1605 2393 1703 2439 quo
1742 2377 1805 2426 iri
1842 2394 1942 2426 non

149 2459 234 2499 350
252 2454 461 2535 poterat
553 2452 653 2499 iarn
705 2451 810 2499 tum
865 2452 1032 2512 reliyzo
1073 2453 1283 2512 pavidos
1330 2453 1535 2499 terrebat
1581 2453 1783 2512 ayrestis
1829 2453 1942 2501 dira
1974 2462 2016 2494 30

253 2527 361 2582 loci,
402 2527 504 2574 iam
542 2528 643 2572 tum
680 2525 857 2573 silvam
895 2540 1162 2586 saoeumque
1200 2527 1484 2574 tremebant:
1524 2525 1649 2572 dixit
1685 2527 1788 2574 iam
1818 2529 1940 2588 tum,

374 2687 395 2724 1
437 2685 614 2737 parunt
646 2679 687 2724 V
732 2680 889 2735 ferunt
933 2681 1004 2724 ed.
1141 2686 1166 2724 2
1210 2694 1394 2725 numero
1429 2680 1471 2724 V
1509 2680 1580 2724 ed.
1627 2682 1940 2725 nominativo?

255 2746 279 2783 3
311 2742 391 2785 hos
414 2739 455 2782 V
486 2740 515 2784 i.
543 2754 580 2784 e.
606 2739 763 2783 Parrh.
790 2741 837 2783 et
860 2740 967 2795 Lyc.
1000 2741 1120 2784 hunc·
1152 2740 1222 2784 ed.
1327 2743 1352 2782 5
1385 2740 1557 2784 occisus
1581 2738 1619 2781 V
1648 2741 1941 2795 interemptus

254 2800 325 2844 ed.
413 2804 467 2843 10
499 2799 717 2855 quomodo
740 2797 782 2841 V
813 2813 914 2843 cum
947 2799 1016 2843 ed.
1109 2804 1161 2843 12
1195 2801 1409 2855 quoniam
1432 2797 1475 2842 V
1496 2803 1685 2855 propter
1707 2813 1843 2854 quam
1868 2799 1938 2843 ed.

255 2864 310 2902 14
340 2863 531 2903 testatur
554 2859 699 2903 locum
722 2858 844 2902 dixit
865 2857 907 2901 V
930 2860 1103 2901 temere
1126 2861 1239 2902 mut.
1266 2858 1337 2902 ed.
1438 2861 1492 2900 19
1524 2871 1626 2901 cum
1647 2859 1757 2901 haec
1777 2859 1940 2902 scribe-

255 2919 424 2962 bantur
447 2917 488 2961 V
513 2932 650 2973 quum
679 2918 759 2961 hoc
789 2918 1067 2962 scribebatur
1097 2933 1126 2961 a
1154 2923 1290 2973 poeta
1321 2916 1390 2960 ed.
1484 2921 1539 2960 25
1571 2918 1638 2961 ire
1661 2916 1703 2960 V
1728 2930 1841 2961 corr.
1868 2917 1938 2961 ed.

255 2981 308 3019 27
342 2977 520 3032 aliquid
542 2976 584 3020 V
615 2976 748 3021 aliud
778 2976 848 3019 ed.
973 2981 1025 3019 31
1058 2978 1199 3021 silvae
1223 2976 1264 3020 V
1294 2977 1456 3021 silvam
1488 2975 1558 3020 ed.
1590 2975 1762 3020 silvas?
