2078 3260
273 154 381 208 596
743 153 976 198 DONATI
1005 154 1286 200 INTERPR.
1309 155 1492 200 VERG.

271 296 421 357 poeta
457 295 702 357 posuerit3
755 309 844 342 nos
883 297 1055 342 contra
1092 294 1355 343 sentimus:
1405 294 1492 357 qui
1541 297 1672 344 enim
1717 312 1806 345 ora
1843 296 1963 345 cita-

270 370 436 416 torum
460 368 632 417 dextra
655 368 864 416 detorsit
887 384 1127 431 equorum
1148 369 1324 430 procu]
1354 369 1503 417 dubio
1535 370 1699 419 frenos
1721 373 1963 433 tenuerat,

270 459 370 492 non
399 442 596 506 iugum,
636 444 686 490 et
715 458 815 490 non
845 441 963 505 iugo
995 442 1261 505 pendebat,
1303 442 1388 491 sed
1417 443 1549 507 iugis
1580 445 1674 493 hoc
1706 447 1782 493 est
1810 445 1962 494 frenis

269 518 550 565 iunctorum
588 532 848 578 equorum,
886 518 946 564 ut
981 516 1076 565 hoc
1115 517 1161 564 ei
1200 517 1263 565 ad
1301 517 1536 566 virtutem
1575 520 1798 581 accedat,
1831 519 1963 581 quod

270 591 451 655 biiugis
489 583 635 653 pleno
673 591 777 637 ictu
815 590 1055 639 currentis
1089 590 1343 639 nitebatur
1380 593 1588 641 vincere.
1641 596 1771 642 recte
1811 594 1964 641 etiam
2018 608 2038 641 5

268 665 487 714 trahitur
525 664 671 725 dixit,
714 665 771 711 ut
807 666 1001 727 partem
1039 665 1282 726 potiorem
1329 665 1469 714 daret
1506 667 1685 716 virtuti
1723 683 1964 751 equorum

187 792 191 795 ,
268 741 560 800 citatorum,
613 740 808 801 partem
857 754 973 786 vero
1023 739 1309 787 fortitudini
1356 741 1638 804 retinentis3
1693 741 1782 804 qui
1831 742 1964 790 enim

267 814 483 898 pendens
521 812 814 860 trahebatur
853 813 1065 861 evicerat
1104 813 1317 875 aliquid,
1357 814 1443 862 sed
1473 814 1685 863 duorum
1724 831 1963 878 equorum

267 888 369 936 vim
419 887 483 935 ad
531 887 733 950 plenum
777 902 1011 949 superare
1060 903 1159 935 non
1205 887 1379 936 valuit.
1456 904 1556 937 non
1599 890 1763 939 minor
1811 889 1962 938 etiam

267 978 507 1025 equorum
536 963 665 1022 laus,
699 961 787 1024 qui
816 960 1028 1023 inpediti
1058 962 1209 1010 frenis
1243 964 1293 1010 et
1322 962 1538 1011 hominis
1569 964 1784 1026 pondere
1817 963 1961 1011 dura·
1995 979 2038 1010 ιο

266 1036 390 1084 bant
440 1038 610 1084 tamen
667 1038 717 1083 et
768 1035 1035 1083 trahebant
1086 1039 1498 1098 perseverantem.
1575 1037 1692 1085 dum
1745 1037 1964 1085 trahitur
2023 1101 2025 1103 Ι

162 1122 248 1162 375
265 1110 544 1174 pendetque
574 1109 720 1173 iugis,
750 1110 878 1158 hunc
909 1110 1012 1158 lata
1040 1113 1266 1158 retectum
1298 1111 1468 1159 lancea
1496 1113 1800 1171 consequitur
1828 1127 1960 1160 rusm-

257 1186 425 1245 pitque
462 1186 622 1244 infima
661 1184 846 1231 bilicem
886 1183 1086 1232 loricam
1132 1188 1175 1232 et
1211 1200 1456 1234 summum
1501 1186 1722 1247 deyustat
1765 1186 1962 1234 vulnere

265 1274 463 1319 corpus:
501 1275 613 1306 cum
642 1259 946 1319 traheretur,
977 1258 1169 1320 inquit,
1201 1259 1440 1321 pendens,
1471 1259 1644 1308 lancea
1680 1259 1871 1324 ingenti
1902 1259 1961 1307 de
2077 1313 2078 1316 Ἴ

264 1349 455 1382 summo
487 1347 748 1395 percussus
780 1334 855 1380 est
886 1334 950 1393 et,
982 1333 1100 1394 quia
1133 1334 1398 1382 difficultas
1423 1334 1635 1381 feriendi
1657 1334 1788 1383 inter
1811 1350 1960 1396 equo·
1993 1349 2034 1382 15
2077 1382 2078 1410 1

262 1425 374 1455 rum
412 1407 579 1469 capita
614 1407 778 1454 fuerat
816 1408 866 1453 et
902 1406 1027 1454 ictui
1056 1407 1240 1455 loricae
1278 1407 1431 1455 robur
1461 1409 1682 1457 fortioris
1715 1408 1960 1469 obstabat,
2077 1412 2078 1439 ¹

262 1482 412 1530 letale
466 1482 648 1530 vulnus
702 1481 845 1544 infigi
897 1497 996 1529 non
1049 1482 1236 1543 potuit,
1295 1482 1584 1546 degustavit
1632 1485 1801 1530 tamen
1855 1483 1958 1531 eius

264 1556 554 1619 sanguinem
599 1555 800 1603 ferrum.
868 1554 949 1602 ille
987 1558 1146 1603 tamen
1194 1556 1340 1615 clipeo
1388 1557 1562 1604 obiecto
1609 1571 1868 1604 conversus
1905 1557 1960 1603 in

262 1631 440 1678 hostem
469 1631 573 1678 ibat
602 1632 644 1677 ct
674 1629 916 1677 auaeilium
946 1629 1106 1676 stricto
1136 1644 1363 1677 mucrone
1386 1632 1601 1690 petebat:
1639 1631 1723 1678 ille
1755 1632 1956 1692 excepto

261 1705 380 1752 licet
409 1705 509 1752 levi
531 1704 734 1752 vulnere
764 1704 817 1750 in
839 1702 1005 1765 ipsum
1028 1703 1219 1752 hostem
1252 1706 1480 1766 coeperat
1510 1704 1710 1752 tendere
1743 1704 1957 1752 obiciens
1988 1720 2032 1751 20

263 1781 454 1826 scutum
496 1780 547 1826 et
575 1778 729 1826 fidens
764 1776 949 1825 auxilio
981 1777 1157 1840 gladii,
1199 1794 1345 1841 quem
1377 1779 1604 1826 strictum
1633 1778 1836 1826 tenebat
1865 1779 1958 1826 hoc

262 1855 338 1900 est
374 1855 607 1915 paratum
653 1851 716 1899 ad
762 1851 1052 1899 feriendum.
1129 1867 1237 1899 omn
1274 1856 1381 1900 rota
1411 1853 1731 1912 praecipitem
1769 1856 1812 1900 et
1842 1867 1957 1913 pro-

159 1936 245 1976 380
263 1941 409 1975 cursu
432 1927 642 1974 concitus
667 1927 776 1974 anis
798 1927 977 1987 inpulit
1004 1926 1298 1986 effunditque
1328 1927 1451 1974 solo:
1481 1927 1611 1975 hunc
1643 1927 1732 1989 qui
1762 1929 1956 1975 scutum

262 2000 507 2049 obiciebat
543 2002 654 2048 rota
692 2002 742 2048 et
781 2001 907 2062 axis,
947 2016 1060 2049 cum
1090 2003 1457 2063 procurrerent,
1497 2001 1737 2049 dederunt
1766 2001 1954 2062 praeci—

260 2074 436 2138 pitem,
477 2075 611 2137 quod
648 2074 794 2122 facile
833 2075 941 2123 fieri
978 2075 1146 2138 potuit
1183 2074 1269 2122 ubi
1304 2074 1400 2123 fuit
1437 2075 1713 2138 periculum
1751 2074 1954 2138 duplex3
1985 2089 2028 2122 25

261 2148 399 2197 aliud
438 2149 621 2210 quippe
661 2148 764 2196 axis
806 2152 855 2197 et
892 2151 1113 2198 rotarum
1150 2148 1379 2210 incurrit,
1420 2149 1537 2197 dum
1567 2150 1763 2197 hastam
1795 2150 1954 2197 vitare

261 2222 536 2284 contendit,
593 2222 704 2283 plus
752 2223 880 2270 enim
929 2222 1225 2271 discriminis
1271 2223 1563 2285 sperabatur
1603 2240 1627 2271 e
1667 2239 1857 2271 summo
1904 2225 1954 2270 et

259 2298 366 2359 ipse
397 2297 561 2344 fuerat
583 2296 831 2345 feriendus
865 2298 953 2360 qui
976 2297 1175 2346 valebat
1209 2296 1440 2345 occidere.
1492 2297 1610 2344 dum
1633 2297 1786 2361 igitur
1809 2312 1951 2358 supe-

259 2372 394 2419 riora
430 2371 653 2432 respicit,
693 2372 821 2418 sicut
853 2371 1038 2420 dictum
1078 2373 1173 2432 est,
1212 2370 1414 2433 inpulsu
1446 2371 1549 2419 axis
1591 2373 1640 2419 et
1668 2373 1806 2419 rotae
1839 2387 1950 2433 pro-

260 2447 448 2493 stratus
496 2446 584 2492 est.
660 2460 899 2506 procursu
948 2446 1082 2506 quod
1129 2445 1220 2505 ait,
1267 2461 1369 2493 una
1413 2461 1528 2507 pars
1576 2447 1651 2494 est
1697 2444 1950 2505 orationis,
1980 2458 2024 2490 30

261 2519 405 2580 quasi
452 2534 600 2580 porro
647 2521 816 2566 tenens
868 2534 1076 2567 cursum.
1153 2521 1286 2567 hunc
1338 2534 1626 2581 procursum
1667 2520 1726 2566 ut
1773 2518 1949 2566 melius

260 2593 576 2655 exprimeret,
627 2592 820 2640 addidit
862 2594 1079 2641 concitus
1128 2593 1254 2654 axis,
1296 2595 1356 2640 ut
1402 2592 1619 2655 apertius
1671 2593 1950 2640 ostenderet

380 2739 404 2777 2
438 2736 631 2778 tenuerit
653 2733 695 2777 V
725 2735 872 2778 tenuit
901 2734 971 2776 ed.
1064 2739 1114 2776 11
1142 2735 1319 2778 dum—
1339 2738 1390 2776 12
1416 2735 1539 2790 iuyis
1570 2735 1679 2788 (non
1700 2734 1754 2775 ut
1778 2731 1947 2775 lemma

261 2794 499 2849 scriptum)
532 2793 704 2848 repetit
726 2792 766 2835 V
800 2806 887 2836 om.
920 2792 1003 2836 ΗΟ
1037 2793 1106 2837 ed
1232 2798 1284 2836 12
1323 2798 1492 2837 rectum
1529 2806 1613 2847 pro
1650 2796 1859 2835 retectum
1890 2791 1944 2835 V.

262 2858 316 2896 16
347 2853 503 2906 fuerat
525 2852 567 2895 V
596 2853 690 2906 fuit
721 2851 791 2895 ed.
915 2855 969 2894 18
1000 2854 1224 2909 sanquine
1254 2851 1308 2895 V.
1429 2856 1485 2894 22
1518 2865 1618 2895 cum
1641 2849 1683 2893 V
1714 2864 1841 2905 quem
1873 2850 1943 2894 ed.

262 2916 316 2954 23
357 2912 602 2966 effuditque
641 2911 711 2954 ed.
835 2915 888 2954 25
919 2913 1075 2966 potuit
1105 2911 1147 2955 V
1183 2925 1276 2955 non
1306 2925 1355 2966 p.
1388 2911 1458 2954 ed
1511 2911 1514 2967 >
1564 2908 1722 2964 fuitV
1750 2909 1842 2962 fati
1873 2909 1942 2952 ed.

262 2974 316 3013 30
348 2972 569 3014 orationis
593 2969 633 3013 V
664 2971 909 3014 sententiae
940 2970 1011 3013 ed.
