2050 3226
12 1231 14 1233 ’
9 575 32 1198 *w-——swm-
15 549 19 558 ·
15 520 18 535 κ

37 989 81 1023 10

37 1361 80 1394 15

37 1731 82 1764 20

39 2100 82 2134 25

736 167 1040 213 AENEIDos
1065 168 1172 212 v111
1700 171 1804 226 115

115 313 343 374 cepisset3
376 311 562 359 diceret
592 310 723 358 enim
755 309 990 358 adversus
1016 322 1098 355 eos
1129 307 1396 370 profutura
1421 324 1546 370 quos
1578 309 1631 356 in
1654 310 1807 358 Italia

113 386 191 435 sui
222 386 442 433 aemulos
472 383 756 433 invenisset.
801 382 1086 443 multasque
1118 383 1226 431 viro
1259 397 1309 430 se
1344 382 1613 446 adiungere
1646 384 1806 447 gentis

113 459 367 508 Dardanio
400 461 451 507 et
479 459 581 506 late
607 457 754 506 Latio
785 455 1114 505 increbescere
1146 472 1347 505 nomen:
1386 457 1596 519 multas,
1626 458 1808 519 inquit,

112 535 297 598 gentis:
335 533 496 581 maior
532 535 692 580 metus
730 530 1031 579 iniciebatur
1069 546 1128 578 ex
1165 546 1222 578 eo
1267 531 1400 592 quod
1438 547 1598 593 neque
1637 547 1807 580 nume-

111 625 225 656 rum
256 607 497 670 expressit
528 609 617 655 aut
647 607 872 670 gentium
902 605 1119 652 nomina.
1170 604 1348 652 dehinc
1380 604 1507 652 dixit
1538 604 1807 670 adiungere

112 685 162 731 et
190 681 544 742 increbescere3
582 680 856 742 inperfecto
896 678 1028 735 enim
1061 679 1208 727 modo
1238 679 1402 727 maior
1431 679 1645 728 formido
1670 683 1808 743 pote-

110 758 192 804 rat
229 757 432 818 exoriri,
485 754 619 818 quod
666 754 967 802 auxiliorum
1016 754 1067 802 et
1111 753 1296 803 favoris
1334 754 1534 802 Aeneae
1586 754 1808 816 quotidie

112 830 362 879 crescebat
416 830 638 891 effectus,
699 845 815 876 nam
870 827 914 876 si
967 826 1160 889 aliquid
1213 827 1488 890 perfectum
1540 829 1809 890 nuntiaret,

113 905 369 952 aestimari
413 905 613 967 poterat
651 905 702 951 et
739 903 867 951 forte
907 902 1171 950 contemni.
1241 902 1338 950 duo
1376 903 1534 966 igitur
1570 903 1810 952 mandata

111 978 348 1042 portabat
377 978 623 1026 Venulus:
662 994 818 1024 unum
856 992 956 1038 quo
996 976 1241 1024 indicaret
1272 991 1398 1039 quae
1438 980 1727 1041 gererentur
1755 979 1809 1026 in

110 1053 282 1114 Italia,
323 1053 535 1101 alterum
574 1067 673 1114 quo
713 1052 933 1099 terreret.
995 1050 1198 1098 edoceat
1235 1066 1336 1098 non
1375 1051 1527 1098 semel
1567 1051 1809 1114 accipien-

111 1127 231 1175 dum
270 1129 366 1188 est,
406 1126 542 1189 quod
579 1125 763 1174 idcirco
802 1126 855 1172 in
892 1125 1056 1172 medio
1096 1125 1281 1186 posuit,
1319 1140 1380 1173 ne
1419 1127 1714 1189 turparetur
1752 1143 1810 1174 ex

111 1201 485 1250 continuatione
516 1201 753 1261 narratio,
794 1200 837 1247 si
874 1198 928 1246 in
968 1198 1130 1261 capite
1165 1199 1246 1247 vel
1284 1199 1336 1246 in
1376 1199 1472 1247 fine
1504 1200 1810 1250 consisteret.

112 1276 395 1324 ordinemus
413 1291 529 1339 ergo
555 1274 735 1357 omnia,
751 1275 812 1321 ut
825 1273 1110 1321 intellectus
1132 1273 1222 1321 fiat
1244 1273 1520 1335 inlustrior,
1537 1276 1586 1322 et
1608 1277 1812 1336 propter

112 1349 548 1399 demonstrandam
578 1333 835 1411 petitionis
868 1363 1090 1396 causam·
1130 1346 1334 1396 edoceat
1364 1346 1511 1396 Latio
1544 1349 1811 1398 consistere

112 1424 347 1486 Teucros,
387 1424 650 1472 advectum
681 1422 886 1470 Aenean
921 1422 1069 1470 classi
1098 1421 1356 1483 victosque
1394 1423 1590 1484 penatis
1630 1423 1810 1471 inferre

113 1501 162 1546 et
192 1498 310 1547 fatis
340 1513 507 1561 regem
540 1512 590 1546 se
622 1496 783 1545 dicere
814 1496 967 1559 posci.
1014 1512 1104 1558 per
1134 1497 1334 1560 singula
1366 1512 1482 1560 ergo
1516 1513 1642 1559 quae
1676 1498 1811 1546 dicta

112 1575 230 1621 sunt
279 1571 674 1620 subaudiendum
721 1572 797 1619 est
842 1569 1068 1631 edoceat,
1117 1570 1239 1618 item
1277 1571 1595 1619 inferioribus
1636 1575 1810 1634 aptan-

113 1646 250 1708 dum,
300 1648 360 1694 ut
405 1646 472 1695 sit
517 1646 722 1694 edoceat
766 1645 953 1693 multas
993 1644 1154 1708 gentis
1194 1646 1302 1693 viro
1342 1645 1594 1693 Dardanio
1635 1662 1685 1694 se
1726 1647 1808 1693 ad·

110 1722 334 1784 iungere,
372 1721 496 1768 item
535 1720 738 1768 edoceat
767 1719 870 1767 late
901 1718 1048 1767 Latio
1079 1719 1411 1767 increbescere
1441 1735 1636 1768 nomen.
1690 1721 1811 1768 haec

112 1795 336 1857 exempla
373 1794 613 1857 loquendi
647 1793 880 1842 debemus
918 1793 1132 1855 imitari,
1171 1809 1284 1842 cum
1325 1794 1496 1856 aliqua
1535 1794 1811 1843 scribimus.

113 1868 284 1917 odiosa
330 1870 405 1917 est
451 1868 584 1916 enim
629 1869 683 1916 in
719 1867 797 1915 his
838 1868 1164 1929 continuatio,
1204 1884 1330 1930 quae
1370 1868 1428 1916 fit
1464 1868 1660 1930 melior,
1700 1885 1812 1917 cum

112 1959 269 1990 unum
314 1942 522 1991 verbum
565 1942 619 1990 in
663 1941 827 1991 medio
881 1942 1102 2005 positum
1148 1942 1488 2005 superioribus
1535 1943 1687 1991 simul
1736 1945 1810 1992 in·

112 2016 474 2079 ferioribusque
511 2016 790 2079 respondet.
858 2015 1037 2080 incipit
1075 2031 1190 2079 pars
1223 2017 1323 2065 alia
1353 2016 1706 2065 mandatorum
1735 2019 1810 2065 in-

113 2090 331 2154 terponi,
378 2093 457 2151 ut,
506 2091 549 2139 si
597 2090 983 2153 inpetrationem
1020 2106 1120 2138 non
1159 2091 1466 2152 concederet,
1506 2107 1564 2139 ex
1601 2091 1812 2154 periculi

115 2166 194 2213 sui
244 2164 668 2227 contemplatione
717 2165 985 2226 postulatis
1036 2165 1300 2214 Diomedes
1351 2166 1604 2214 adnueret.
1694 2167 1811 2226 quid
1830 2176 1883 2215 15

113 2243 272 2288 struat
293 2240 369 2287 his
393 2239 580 2299 coeptiS,
607 2252 758 2298 quem,
784 2239 829 2286 si
858 2241 1060 2298 fortuna
1090 2243 1335 2298 sequatur,
1369 2243 1588 2287 eventum
1608 2255 1811 2301 puynae

115 2315 300 2373 cupiat:
330 2314 653 2361 manifestum
686 2315 775 2373 est,
805 2314 988 2375 inquit,
1020 2313 1143 2375 quid
1175 2314 1277 2362 eius
1309 2315 1486 2377 coepta
1517 2315 1810 2378 significent,

113 2388 436 2436 manifestum
482 2403 628 2449 quem
674 2387 844 2449 cupiat
889 2389 1140 2448 eventum,
1187 2389 1231 2436 si
1276 2388 1480 2436 fortuna
1519 2389 1810 2437 consentiat.

115 2461 237 2510 dicit
299 2462 402 2510 iam
461 2462 664 2510 maioris
726 2463 889 2509 metus
952 2477 1175 2524 causam,
1237 2462 1440 2511 Aenean
1499 2464 1810 2522 ‘manifestius

235 2637 259 2675 1
293 2632 413 2676 enim
445 2646 532 2676 om.
560 2632 631 2676 ed.
726 2636 749 2675 7
775 2633 934 2676 Aenea
957 2631 1000 2675 V
1024 2646 1138 2676 corr.
1165 2633 1236 2677 ed.
1324 2637 1378 2676 10
1403 2647 1558 2689 quo—
1580 2638 1631 2676 11
1658 2647 1744 2688 quo
1769 2632 1810 2676 V

116 2691 301 2747 quod—
317 2691 437 2746 quod
468 2692 539 2735 ed.
626 2697 681 2735 12
706 2693 967 2736 turbaretwr
991 2691 1061 2735 ed.
1147 2697 1200 2735 21
1229 2693 1444 2748 loquendi
1459 2692 1501 2735 V
1523 2693 1714 2736 docendi
1737 2692 1808 2735 ed.

117 2755 172 2793 25
205 2755 247 2794 et
272 2751 470 2806 periculi
493 2749 535 2793 V
567 2765 623 2795 ex
645 2765 694 2807 p.
729 2751 800 2794 ed.
935 2755 991 2795 28
1030 2753 1190 2807 cupiat
1228 2765 1316 2795 om.
1342 2751 1396 2795 V.
1531 2755 1586 2794 30
1619 2752 1811 2796 Aenean

117 2810 406 2863 manifestius
429 2809 471 2853 V
501 2811 693 2854 Aenean
725 2824 812 2854 om.
842 2809 936 2854 ed.:
968 2809 1078 2853 hinc
1110 2813 1250 2866 atque
1283 2824 1340 2854 ex
1369 2811 1427 2854 iis
1461 2824 1578 2865 quae
1612 2823 1811 2866 sequun-

117 2870 194 2911 tur
240 2870 435 2923 apparet
476 2869 711 2912 Donatum
757 2869 1047 2923 manifestius
1084 2884 1168 2925 pro
1207 2869 1447 2922 adverbio,
1489 2883 1709 2925 apparere
1752 2870 1809 2913 de

121 2927 401 2971 occurrendo
449 2929 703 2983 accepisse3
757 2943 866 2971 nam
913 2929 1037 2983 quod
1084 2943 1224 2984 supra
1279 2929 1394 2972 dicit
1447 2929 1807 2983 manifestum-

122 2987 412 3040 manifestum
444 3001 500 3031 ex
531 2987 627 3031 solo
661 2987 975 3042 comparativo
1009 2987 1174 3032 elicere
1208 2987 1298 3031 sibi
1329 2987 1526 3031 videtur.

1486 3075 1542 3118 8*
