2050 3226
221 160 327 215 150
689 160 923 205 DONATI
951 160 1233 206 INTERPR.
1257 160 1437 205 VERG.

216 317 333 349 vero
382 301 564 349 flumen
609 301 898 365 pigrefactis
950 300 1173 349 cursibus
1226 301 1420 350 steterit
1469 303 1519 350 et
1564 301 1629 350 ad
1668 301 1911 365 originem

218 390 362 423 suam
407 376 471 423 sit
516 391 735 423 remeare
782 375 1090 438 conpulsum.
1167 378 1219 423 at
1262 389 1432 435 specus
1478 379 1522 424 et
1569 374 1686 424 Caci
1731 376 1912 424 detecta

218 450 454 509 apparuit
480 450 651 510 inqens
680 450 817 510 reyia
848 453 892 497 et
918 450 1177 496 umbrosae
1197 450 1399 508 penitus
1415 453 1621 510 patuere
1652 463 1912 498 cavernae:

218 538 413 586 specus,
459 523 646 586 inquit,
691 525 853 587 regia,
901 539 1139 572 cavernae
1180 522 1298 571 Caci
1334 525 1626 586 patuerunt,
1668 540 1765 572 non
1813 539 1911 585 quo

216 597 361 660 paria
385 598 486 647 sint
515 599 701 659 iuncta,
733 597 776 645 si
807 597 1008 660 quidem
1039 597 1239 660 singula
1269 597 1456 646 habent
1477 597 1724 647 rationem
1748 613 1911 660 suam3

219 671 370 719 aliam
425 672 610 735 quippe
663 671 767 720 vim
818 671 970 719 habet
1022 672 1281 733 spelunca,
1337 671 1489 720 aliam
1541 673 1704 736 regia,
1759 671 1913 720 aliam

219 760 471 794 cavernae.
557 746 794 808 spelunca
840 745 1088 809 significat
1136 738 1503 809 longitudinem
1552 749 1603 795 et
1651 747 1911 795 interiores

161 838 166 841 ’
217 835 460 881 recessus,
505 819 644 884 regia
689 820 1028 881 latitudinem,
1076 835 1315 868 cavernae
1359 836 1477 869 vero
1525 822 1775 869 coartatas
1827 836 1912 868 an-

218 894 408 957 gustias
447 895 743 942 monstrant.
803 893 912 942 fieri
950 909 1067 957 ergo
1106 910 1207 942 non
1245 895 1415 957 potuit
1451 896 1511 942 ut
1549 894 1637 958 qui
1672 910 1914 958 magnum

220 968 413 1015 dixerat
464 968 652 1016 faceret
702 967 978 1016 minimum.
1068 968 1305 1016 tollamus
1365 968 1496 1016 hunc
1550 969 1833 1019 conflictum
1888 985 1914 1017 6

218 1041 381 1090 medio
422 1041 703 1091 adserentes
740 1058 912 1091 revera
950 1042 1239 1105 speluncam
1276 1042 1429 1090 fuisse
1469 1044 1519 1091 et
1548 1059 1638 1105 pro
1671 1043 1914 1106 qualitate

219 1131 458 1178 personae
489 1115 677 1164 dictam
706 1117 911 1180 regiam,
943 1116 1132 1165 scilicet
1168 1115 1257 1164 ubi
1289 1115 1447 1165 Cacus
1477 1118 1663 1179 inpune
1687 1116 1912 1165 faciendo

220 1191 405 1239 scelera
434 1189 685 1239 habitaret
713 1191 845 1254 regis
877 1191 1096 1238 animum
1129 1206 1319 1254 gerens,
1351 1206 1588 1240 cavernas
1621 1207 1818 1254 quoque
1844 1192 1914 1239 sic

221 1264 455 1312 debemus
495 1264 714 1327 accipere
753 1266 989 1326 patuisse,
1027 1266 1087 1312 ut
1117 1280 1218 1312 non
1250 1265 1383 1313 solae
1414 1265 1618 1314 latiores
1651 1265 1914 1328 speluncae

219 1340 387 1400 partes
426 1354 598 1387 verum
629 1340 782 1387 etiam
814 1341 1028 1403 angusta
1060 1339 1164 1388 eius
1196 1340 1417 1402 patuisse
1450 1339 1736 1401 videantur3
1768 1340 1914 1387 natu-

218 1412 339 1461 ralis
383 1412 514 1460 enim
556 1413 794 1475 spelunca
837 1413 1059 1475 aequalis
1100 1429 1205 1461 esse
1240 1429 1339 1461 non
1374 1415 1542 1475 potuit
1577 1416 1627 1461 et
1659 1415 1805 1461 tanta
1839 1414 1916 1462 vis

217 1486 421 1534 luminis
461 1502 571 1534 eam
607 1487 916 1549 prodiderat,
955 1490 1013 1536 ut
1045 1487 1283 1550 quicquid
1320 1487 1373 1535 in
1413 1503 1470 1536 ea
1507 1487 1685 1536 fuisset
1724 1487 1916 1536 abstru-

219 1576 330 1609 sum
359 1560 519 1609 videri
548 1562 806 1622 potuisset.
861 1564 911 1610 et
939 1563 1162 1610 mittitur
1191 1562 1482 1624 conparatio
1514 1562 1788 1609 inferorum
1818 1561 1918 1623 ipsi

221 1635 485 1697 speluncae
540 1637 855 1696 conveniens,
912 1651 1039 1698 quae
1092 1637 1152 1683 ut
1204 1636 1352 1683 inferi
1404 1635 1605 1684 necibus
1658 1635 1916 1683 hominum

218 1708 529 1757 redundabat
559 1711 609 1757 et
638 1709 853 1757 tenebris
886 1709 1193 1758 densioribus
1225 1710 1390 1758 fuerat
1420 1725 1586 1758 caeca:
1633 1724 1733 1757 non
1763 1724 1914 1766 secuS,

219 1784 406 1845 inquit,
447 1798 505 1831 ac
534 1784 579 1830 si
610 1798 708 1842 qua
741 1785 936 1843 penitus
967 1785 1017 1831 vi
1047 1787 1179 1831 terra
1209 1784 1456 1832 dehiscens
1486 1785 1712 1843 infernas
1742 1786 1918 1831 reseret

117 1860 203 1899 245
220 1857 355 1904 sedes
406 1860 449 1904 et
495 1871 648 1918 reyna
692 1858 911 1905 recludat
948 1857 1166 1918 pallida,
1217 1858 1313 1906 diis
1357 1858 1523 1905 invisa
1567 1871 1805 1917 superque
1845 1858 1917 1905 in-

218 1945 362 1978 mane
402 1931 688 1979 barathrum
726 1935 966 1988 cernatur,
1006 1931 1242 1990 trepident
1279 1933 1480 1980 inmisso
1513 1932 1694 1979 lumine
1723 1946 1917 1979 manes:

219 2005 270 2053 vi
306 2007 442 2052 terra
481 2004 757 2066 dehiscens,
797 2005 916 2067 quia
954 2006 1240 2068 speluncam
1277 2006 1438 2054 maior
1471 2007 1547 2054 vis
1580 2006 1780 2054 fecerat.
1841 2006 1915 2053 in-

219 2079 384 2126 fernas
415 2082 600 2127 reseret
623 2079 775 2140 sedes,
808 2079 927 2141 quia
949 2081 1003 2126 in
1027 2080 1262 2142 spelunca
1286 2080 1419 2128 solae
1444 2081 1646 2128 fuerant
1669 2078 1916 2128 tenebrae.

222 2154 271 2200 et
319 2168 473 2216 regna
522 2153 747 2201 recludat
796 2154 1009 2215 pallida,
1062 2154 1154 2202 diis
1206 2154 1392 2216 invisa,
1445 2155 1564 2217 quia
1602 2169 1753 2216 supra
1791 2152 1918 2200 dixit

221 2227 377 2288 „solis
417 2227 719 2275 inaccessam
755 2227 908 2275 radiis
920 2226 961 2276 “.
1023 2227 1317 2275 barathrum
1354 2229 1525 2291 posuit
1562 2229 1765 2290 propter
1804 2227 1916 2274 alti-

219 2299 443 2348 tudinem
476 2300 750 2349 demersam
781 2302 1042 2363 speluncae
1073 2302 1369 2364 patefactae.
1424 2301 1674 2364 trepident
1711 2301 1916 2350 inmisso

221 2376 407 2422 lumine
438 2390 630 2423 manes:
662 2376 732 2422 sic
763 2375 862 2423 fuit
894 2374 1048 2423 Cacus
1083 2377 1170 2438 qui
1199 2376 1402 2425 remotis
1434 2377 1488 2423 in
1519 2375 1754 2437 spelunca
1784 2377 1918 2423 tene-

220 2449 323 2497 bris
362 2449 622 2497 insolitum
662 2451 711 2496 et
747 2449 1004 2497 inimicum
1048 2450 1244 2498 viderat
1289 2450 1457 2497 lumen
1501 2451 1559 2496 ut
1609 2451 1727 2506 sunt
1770 2449 1919 2496 inferi

343 2626 366 2664 1
400 2621 592 2666 sirsibus
615 2619 657 2663 V
689 2620 895 2663 cursibus
927 2619 997 2663 ed.
1117 2625 1146 2663 4
1175 2621 1303 2678 reyia
1325 2619 1368 2663 V
1398 2634 1435 2663 r.
1461 2624 1502 2662 et
1533 2618 1601 2662 ed.
1722 2623 1745 2661 7
1779 2619 1918 2663 inter-

222 2681 362 2725 iorem
391 2693 610 2724 recessum
641 2678 711 2722 ed.
814 2682 838 2721 9
867 2685 1073 2736 perteryo
1096 2679 1139 2722 V
1162 2685 1301 2735 poeta
1323 2692 1425 2736 eryo
1458 2678 1528 2722 ed.
1561 2678 1663 2732 fieri
1686 2691 1787 2734 erqo
1819 2691 1916 2720 nos.

225 2745 280 2783 10
305 2740 473 2783 dixerit
495 2739 567 2783 ed.
605 2738 610 2797 Ι
645 2738 814 2792 faceret
837 2737 879 2781 V
905 2738 992 2780 edI
1021 2739 1171 2792 facere
1195 2738 1311 2782 edF.
1406 2741 1459 2780 12
1484 2738 1731 2792 inpune—
1750 2740 1804 2779 13
1828 2750 1918 2780 sce-

224 2800 318 2843 lera
348 2800 523 2842 temere
547 2798 661 2841 mut.
687 2796 758 2840 ed.
855 2802 907 2840 17
937 2798 1206 2852 prodiderat
1227 2797 1270 2842 V
1295 2796 1501 2851 corrupit
1525 2795 1596 2839 ed.
1691 2799 1746 2838 18
1770 2795 1919 2839 videre

222 2857 264 2900 V
297 2857 368 2901 ed.
403 2872 517 2902 corr.
544 2857 615 2901 ed.
640 2858 760 2912 post.
798 2855 802 2914 Ι
839 2861 881 2899 et
910 2857 1106 2900 mittitur
1137 2871 1225 2900 om.
1252 2856 1322 2900 ed.
1416 2860 1470 2899 21
1503 2855 1657 2910 inquit
1686 2867 1774 2897 om.
1801 2853 1871 2897 ed.
1909 2854 1913 2911 Ι

222 2922 392 2960 reserat
412 2916 454 2959 V
487 2918 551 2972 (et
580 2915 733 2972 infra).
856 2919 910 2957 27
951 2929 1173 2960 accessam
1204 2915 1260 2960 V.
1383 2918 1438 2958 30
1477 2914 1711 2958 insolitam
1750 2918 1790 2956 et
1828 2913 1917 2956 ini-

223 2976 386 3023 micam
409 2975 452 3019 V
477 2975 547 3020 ed.
603 2975 607 3034 Ι
660 2976 802 3019 lucem
833 2973 905 3017 ed.

1946 982 1989 1015 10

1947 1353 1990 1387 15

1948 1723 1991 1755 20

1949 2092 1990 2124 25

1949 2461 1992 2493 30
