2050 3226
206 142 315 195 224
679 140 912 185 DONATI
942 140 1008 185 IN
1010 140 1222 184 TERPR.
1248 140 1427 185 VERG.

205 280 540 342 appellatione
594 282 833 341 matrum,
885 283 946 329 ut
999 281 1057 328 de
1108 280 1205 329 isto
1255 281 1513 329 intellectu
1565 297 1665 329 non
1718 281 1897 330 debeat

205 353 446 417 dubitari3
491 356 653 403 mater
698 354 829 402 enim
875 354 974 402 dici
1018 370 1117 402 non
1163 356 1331 416 potest
1374 354 1472 403 nisi
1510 372 1661 418 quam
1700 357 1897 404 constat

203 429 465 491 peperisse.
543 430 847 490 captivosque
892 429 1029 476 dabit
1073 443 1258 488 suaque
1302 430 1525 477 omnibus
1574 443 1741 478 arma:
1782 446 1897 478 cum

201 502 414 550 istorum
463 518 563 551 non
613 503 784 551 definit
834 501 1188 566 quantitatem,
1234 505 1291 550 ut
1334 502 1387 550 in
1425 503 1716 552 mulieribus
1763 503 1896 564 fecit,

201 575 511 642 intellegitur
542 577 691 624 etiam
715 578 852 640 ipsos
883 576 1143 625 duodecim
1173 578 1475 639 promisisse,
1504 580 1562 625 ut
1590 577 1644 625 in
1674 578 1895 626 mulieri·
1949 594 1969 627 5

201 649 293 699 bus
332 667 389 699 ac
427 650 548 699 viris
593 650 727 698 idem
764 665 1000 699 numerus
1039 653 1308 699 teneretur.
1382 652 1585 711 iusuper
1621 652 1697 699 his
1736 653 1897 712 campi

202 724 329 784 quod
364 738 451 772 rex
487 725 630 773 habet
664 726 768 784 ipse
805 725 1046 773 Latinus:
1089 725 1240 774 huius
1287 726 1452 788 campi
1496 726 1658 774 facere
1696 725 1896 774 videtur

201 800 718 847 commemorationem
757 815 904 861 quem
941 797 1182 847 tuendum
1220 798 1428 848 Latinus
1467 799 1743 848 crediderat
1772 800 1895 862 Tyr-

168 873 314 935 *rh03
366 889 604 937 magnum
658 872 842 936 quippe
896 873 1123 921 futurum
1175 888 1279 922 esse
1329 873 1592 922 constabat
1643 873 1894 936 possidere

201 946 334 1009 quod
371 947 627 996 habuisset
663 963 762 995 rex.
822 948 875 994 in
915 947 1222 1010 possessione
1261 949 1392 1011 regis
1432 964 1491 996 ex
1529 950 1700 1010 aperto
1740 949 1893 1012 signi·
1927 964 1969 997 ιο

199 1021 379 1069 ficatur
424 1021 575 1070 etiam
624 1021 840 1070 latitudo
889 1024 1149 1070 terrarum.
1218 1022 1410 1070 interea
1454 1037 1561 1070 mos
1608 1024 1783 1085 poetae
1831 1021 1895 1070 ad

198 1095 533 1143 imitationem
563 1095 848 1144 retinendus
882 1098 978 1158 est3
1016 1095 1104 1143 ubi
1134 1095 1264 1144 enim
1294 1096 1455 1144 multa
1484 1095 1734 1144 narranda
1764 1099 1895 1158 sunt,

198 1184 259 1217 ne
298 1169 608 1218 continuatio
647 1169 907 1218 fastidium
938 1170 1127 1232 pariat,
1164 1170 1286 1218 haec
1318 1169 1499 1219 dividit
1535 1169 1894 1233 interponendo

199 1242 412 1306 aliquid,
465 1245 635 1292 tamen
689 1245 824 1307 quod
877 1260 977 1291 non
1031 1245 1098 1292 sit
1151 1243 1382 1292 alienum.
1456 1259 1573 1292 nam
1625 1245 1679 1291 in
1731 1244 1895 1293 media

198 1318 567 1366 enumeratione
590 1335 851 1366 munerum
873 1317 1173 1381 interposuit
1195 1319 1439 1380 excipiam
1461 1318 1600 1379 sorti,
1629 1319 1733 1365 iam
1762 1334 1896 1366 nunc
1927 1333 1968 1366 15

195 1393 286 1439 tua
314 1393 560 1454 praemia,
598 1392 731 1440 Nise.
795 1393 905 1454 quis
941 1408 1040 1440 non
1072 1392 1400 1441 arbitraretur
1430 1393 1710 1455 conpletam
1740 1392 1893 1442 fuisse

197 1468 622 1514 enumerationem
653 1465 851 1528 ipsam?
913 1466 1051 1516 venit
1082 1466 1146 1514 ad
1177 1467 1279 1515 alia
1311 1469 1362 1515 et
1392 1466 1585 1515 addidit
1622 1468 1892 1529 praeterea,

197 1555 309 1588 cum
354 1542 523 1602 posset
569 1541 858 1588 continuare
906 1543 957 1588 et
1003 1541 1244 1603 conpletis
1290 1540 1517 1588 omnibus
1563 1540 1722 1588 dicere
1773 1541 1893 1589 haec

93 1627 180 1668 275
197 1616 361 1676 erunt,
392 1615 535 1676 Nise,
573 1616 797 1678 praemia
833 1616 937 1663 tua.
999 1618 1041 1663 tc
1078 1630 1211 1671 vero,
1250 1629 1358 1663 mea
1397 1629 1536 1675 quem
1572 1615 1748 1674 spatiis
1774 1629 1893 1674 pro-

188 1689 415 1748 pioribus
453 1692 588 1737 aetas
624 1690 909 1750 insequitur,
948 1689 1222 1737 venerande
1254 1703 1393 1748 puer,
1439 1690 1542 1737 iam
1578 1692 1770 1748 pectore
1801 1692 1891 1736 toto
1923 1703 1967 1736 20

196 1763 380 1822 accipio
420 1766 462 1810 et
492 1764 707 1811 comitem
737 1778 881 1811 casus
914 1763 1179 1823 conplector
1207 1764 1263 1810 iu
1293 1763 1450 1811 omnis
1459 1780 1477 1821 ,·
1513 1763 1727 1810 multum
1759 1764 1891 1810 enim

195 1837 330 1885 valet
383 1836 448 1884 ad
502 1837 894 1886 confirmandum
941 1837 1197 1901 religionis
1248 1837 1498 1884 adfectum
1549 1840 1686 1885 aetas
1734 1838 1890 1885 aetati

196 1911 513 1959 conveniens:
563 1911 678 1960 inde
725 1911 798 1959 ait
842 1914 915 1974 te,
966 1912 1207 1973 Euryale,
1258 1913 1497 1972 quoniam
1543 1913 1680 1959 aetas
1720 1914 1890 1960 nostra

194 1999 348 2046 prope
381 1985 604 2047 aequalis
637 1988 726 2048 est,
762 1984 833 2033 sic
863 1987 985 2035 totis
1018 1986 1208 2048 accipio
1233 1985 1458 2033 sensibus
1482 1986 1620 2047 meis,
1653 1986 1888 2047 quoniam

195 2073 306 2120 spes
346 2058 526 2107 abhinc
570 2063 687 2108 tuae
732 2061 936 2108 virtutis
983 2062 1214 2123 apparet,
1262 2059 1327 2108 sis
1374 2060 1498 2107 mihi
1537 2075 1697 2108 comes
1737 2062 1887 2122 atque
1919 2072 1962 2106 25

193 2131 288 2194 ita,
319 2135 377 2181 ut
406 2134 547 2181 nulla
576 2135 696 2182 meis
726 2135 832 2182 siue
862 2138 904 2182 te
935 2137 1200 2193 quaeratur
1227 2134 1387 2194 yloria
1415 2134 1580 2190 rebuS,
1605 2148 1691 2181 seu
1712 2148 1888 2193 pacem

194 2221 281 2254 seu
330 2207 455 2255 bella
501 2222 693 2268 „clerams
745 2210 971 2271 tempora
1022 2209 1189 2256 omnia
1242 2207 1442 2256 vivendi
1496 2208 1762 2270 conplexus
1813 2210 1889 2255 est

195 2280 401 2329 dicendo
440 2296 525 2329 seu
555 2297 729 2343 pacem
760 2297 846 2330 seu
877 2282 1011 2330 bella
1040 2298 1231 2346 geram3
1269 2283 1474 2330 tertium
1507 2281 1637 2328 enim
1668 2297 1766 2329 non
1798 2284 1885 2329 est.

92 2364 178 2405 280
195 2355 282 2402 tibi
318 2356 538 2403 maxima
567 2370 732 2403 rerum
769 2357 1116 2416 verborumque
1152 2357 1299 2415 fides:
1337 2371 1388 2404 es
1427 2355 1558 2403 enim
1595 2357 1789 2416 tantus,
1827 2358 1887 2402 ut

194 2428 289 2476 tibi
319 2431 432 2477 tuto
465 2430 841 2478 committantur
871 2430 1080 2479 consilia
1110 2431 1247 2493 pacis
1279 2446 1335 2478 ac
1366 2428 1500 2478 belli.
1558 2433 1725 2478 contra
1748 2443 1887 2489 quem
1918 2442 1960 2474 30

315 2605 339 2644 3
372 2602 871 2656 captivosque—arma
895 2601 1122 2657 superiori
1145 2600 1355 2644 lemmati
1379 2599 1584 2655 addidit,
1608 2601 1884 2656 interpreta-

194 2659 370 2704 tionem
401 2662 575 2704 temere
605 2662 718 2703 mut.
746 2660 816 2703 ed.
911 2666 936 2704 6
966 2662 1037 2705 his
1060 2660 1102 2703 V
1132 2661 1184 2704 id
1215 2660 1285 2705 ed.
1375 2663 1400 2702 8
1431 2660 1587 2717 tyrrho
1610 2659 1652 2703 V
1675 2673 1885 2715 campum

195 2719 265 2763 ed.
353 2724 377 2762 9
402 2720 635 2775 possidere
666 2733 753 2762 om.
780 2719 851 2762 ed.
939 2724 994 2762 14
1025 2720 1146 2775 quod
1167 2725 1318 2764 tamen
1341 2718 1412 2762 ed.
1495 2722 1549 2761 15
1580 2732 1818 2763 numerum
1842 2717 1884 2760 V

195 2778 265 2822 ed.
298 2793 536 2823 munerum
567 2791 664 2823 nos.
769 2783 822 2821 17
857 2783 897 2822 et
927 2779 1111 2823 addidit
1132 2778 1175 2822 V
1204 2778 1343 2823 rediit
1372 2778 1442 2821 ed.
1549 2781 1602 2821 19
1629 2778 1884 2834 propriori-

195 2838 276 2882 bus
299 2837 353 2881 V.
448 2843 502 2881 22
534 2838 597 2881 ad
627 2851 714 2881 om.
740 2836 782 2879 V
807 2851 919 2880 corr.
947 2838 1018 2881 ed.
1113 2842 1167 2881 23
1201 2837 1362 2881 deiude
1392 2837 1464 2880 ed.
1565 2841 1620 2880 25
1651 2842 1784 2892 atque
1815 2838 1884 2879 ita

194 2901 245 2940 ut
269 2910 356 2939 om.
375 2897 445 2940 ed.
551 2901 606 2940 26
631 2901 879 2952 quaeratur
901 2896 942 2940 V
968 2899 1175 2953 (propter
1197 2901 1249 2940 ut
1272 2895 1396 2952 quod
1419 2895 1675 2951 praecedit)
1700 2909 1882 2951 quaere-

195 2960 269 2999 tur
300 2955 437 3012 Verg,
473 2955 582 2999 libri
615 2955 685 3000 ed.
