2050 3226
782 173 1086 219 AENEmos
1117 173 1181 218 XI
1716 176 1824 230 411

138 318 214 363 est
244 313 309 363 ad
338 314 504 364 locum
533 312 587 361 in
620 330 719 376 quo
749 313 944 363 iacebat
973 314 1147 376 funuS,
1185 312 1319 376 quod
1358 313 1590 362 servabat
1619 314 1827 363 Acoetes

138 388 314 438 senior.
389 388 472 436 hic
494 387 720 452 Vergilio
758 388 978 437 fatorum
1014 387 1259 451 iniquitas
1299 387 1552 451 displicet3
1599 388 1830 437 servabat

138 464 270 512 enim
319 463 592 526 longaevus
641 462 1041 512 infelicissimum
1095 462 1288 511 iuvenis
1339 462 1489 510 funus
1541 463 1591 510 et
1641 460 1831 510 obierat

139 537 227 600 qui
264 552 352 601 per
391 538 605 585 aetatem
636 537 869 599 prodesse
906 536 1052 586 rebus
1084 536 1298 600 publicis
1337 535 1528 599 potuit,
1565 535 1829 584 incolumis

85 624 106 657 5
137 627 254 661 vero
307 611 475 660 fuerat
527 611 618 673 qui
676 610 901 659 Euandri
953 626 1116 659 comes
1177 611 1255 659 tot
1315 611 1543 659 evaserat
1594 610 1728 658 bella
1781 612 1832 658 et

0 678 1 681 ¹
136 684 360 735 Euandri
412 684 547 734 filius
595 683 793 733 iacebat
843 684 1047 734 occisus.
1134 684 1220 734 sed
1272 700 1363 733 nec
1411 685 1522 747 ipsa
1571 685 1731 747 patris
1782 687 1833 732 et

136 759 210 807 fili
246 758 390 821 paria
437 774 542 808 esse
592 760 816 822 auspicia
860 760 1151 822 potuerunt3
1197 774 1315 808 nam
1366 759 1596 821 quotiens
1645 758 1831 807 Acoete

137 833 316 883 comite
369 833 604 881 Euander
647 834 744 882 ivit
796 833 860 882 ad
905 833 1093 882 bellum
1144 833 1369 896 utrisque
1421 832 1605 881 totiens
1659 833 1833 882 laurea

135 907 474 972 triumphique
524 910 798 957 cesserunt:
847 907 1065 970 perrexit
1114 923 1228 956 cum
1275 907 1552 956 miserrimo
1602 906 1833 956 Pallante

63 1000 107 1033 10
136 997 237 1030 non
286 981 580 1031 reducturus
630 982 950 1043 incolumem,
1006 981 1092 1030 sed
1143 984 1489 1044 reportaturus
1544 980 1832 1029 extinctum.

138 1072 167 1105 o
206 1048 377 1119 dis‘par
414 1056 675 1120 pugnandi
714 1055 957 1104 condicio!
1021 1071 1048 1104 o
1089 1055 1292 1104 fortuna
1330 1054 1538 1104 diversis
1577 1054 1833 1104 favoribus

139 1132 361 1179 currens!
422 1131 551 1179 alter
598 1132 730 1179 inter
779 1146 920 1179 arma
970 1131 1020 1178 et
1071 1129 1266 1194 gladios
1316 1130 1484 1192 potest
1530 1129 1585 1177 in
1639 1130 1835 1178 senium

139 1205 317 1253 durare
356 1220 469 1253 cum
508 1206 665 1266 socio,
713 1204 917 1253 alterius
958 1203 1062 1252 dies
1099 1220 1203 1252 una
1242 1205 1292 1252 et
1329 1219 1551 1268 pugnam
1589 1203 1835 1266 spectavit

138 1281 189 1327 et
225 1280 451 1327 mortem.
516 1281 685 1341 potest
723 1280 876 1327 etiam
914 1277 985 1327 sic
1021 1277 1246 1342 intellegi
1282 1292 1459 1341 eorpus
1491 1276 1582 1325 ubi
1619 1277 1834 1326 exanimi

63 1367 107 1401 ιε
137 1354 360 1416 positum
397 1352 642 1402 Pallantis
682 1353 892 1401 Acoetes
940 1352 1173 1401 servabat
1222 1351 1409 1414 senior,
1459 1351 1582 1414 quia
1629 1352 1833 1401 iuvenes

136 1427 339 1476 tenebat
377 1426 660 1476 sollicitudo
700 1425 971 1491 pugnandi.
1044 1427 1369 1490 quapropter,
1408 1426 1488 1475 vel
1527 1427 1649 1488 quia
1686 1440 1835 1474 senex

136 1501 437 1568 perindeque
487 1516 697 1563 vacuuS,
746 1502 827 1550 vel
877 1500 997 1563 quia
1045 1501 1235 1550 viventi
1286 1500 1544 1563 adpositus
1597 1516 1627 1548 a
1674 1502 1834 1563 patre,

136 1577 268 1624 recte
319 1576 468 1624 funus
523 1575 754 1624 servabat
808 1576 972 1624 occisi.
1062 1575 1243 1623 circum
1292 1575 1450 1623 omnis
1498 1574 1835 1636 famulumque

136 1664 318 1699 manus
367 1650 681 1710 Troianaque
729 1650 875 1698 turba
925 1652 969 1698 et
1015 1652 1254 1697 maestum
1302 1648 1494 1696 Iliades
1544 1648 1725 1696 crinem
1775 1648 1834 1696 de

64 1739 108 1772 so
136 1738 269 1773 more
306 1724 515 1772 solutae:
554 1725 685 1773 servi
724 1724 915 1772 domini
952 1722 1032 1772 sui
1069 1738 1240 1771 casum
1279 1725 1330 1770 et
1367 1721 1611 1771 Troianae
1648 1724 1833 1772 matres

138 1798 387 1847 infelicem
424 1799 656 1847 iuvenem
701 1798 852 1861 plena
896 1797 1213 1847 miseratione
1259 1797 1567 1861 plangebant
1613 1796 1832 1845 crinibus

138 1871 313 1936 passis
389 1876 444 1920 ut
490 1887 602 1921 vero
646 1871 844 1921 Aeneas
891 1873 1121 1934 foribus
1132 1885 1234 1920 sese
1282 1871 1447 1919 intulit
1495 1870 1634 1919 altis:
1683 1885 1835 1934 supra

141 1945 268 1994 dixit
296 1946 570 2009 recipitque
603 1947 668 1994 ad
698 1946 875 1994 limina
906 1961 1154 2011 gressum,
1192 1947 1252 1993 ut
1282 1944 1587 2028 significaret
1615 1946 1835 2008 primum

139 2020 419 2084 ingressum
448 2019 589 2069 loci
574 2037 627 2068 1n
659 2036 758 2083 quo
789 2019 958 2069 Pallas
989 2019 1186 2069 iacebat
1224 2018 1486 2080 exanimis,
1524 2034 1658 2067 nunc
1694 2034 1833 2067 mon-

67 2108 110 2142 25
141 2096 272 2143 strat
317 2110 426 2143 eam
472 2096 667 2157 partem
714 2096 865 2157 atque
910 2093 964 2142 id
1009 2093 1286 2142 membrum
1330 2093 1419 2142 ubi
1463 2108 1637 2142 revera
1682 2093 1835 2141 funus

143 2170 421 2232 expositum
469 2168 815 2233 plangebatur.
891 2170 971 2230 ut,
1022 2167 1210 2230 inquit,
1263 2167 1392 2216 fores
1445 2168 1706 2216 interiores
1760 2167 1833 2214 in·

143 2257 339 2307 gressus
395 2244 492 2303 est,
546 2243 784 2304 inyemem
833 2244 1063 2303 gemitum
1116 2242 1274 2290 tunsis
1328 2242 1395 2291 ad
1445 2242 1611 2290 sidera
1665 2241 1835 2288 tollunt

135 2318 412 2378 pectoribus
448 2319 720 2377 maestoque
758 2317 965 2377 inmuyit
1000 2317 1137 2377 reaia
1175 2316 1329 2365 luctu:
1373 2316 1731 2375 moralitatem,
1777 2316 1835 2362 ut

141 2390 313 2439 multis
352 2389 473 2439 locis
512 2391 632 2439 fecit
671 2406 728 2439 ac
766 2405 922 2453 paene
968 2389 1217 2452 omnibus,
1264 2391 1418 2438 etiam
1455 2391 1548 2438 hoc
1587 2390 1694 2437 10οο
1735 2387 1834 2436 evi·

69 2478 113 2512 80
144 2464 316 2513 denter
355 2465 616 2528 expressit3
662 2480 779 2513 nam
826 2464 1028 2527 gravius
1072 2463 1298 2528 mugitur
1345 2466 1395 2512 et
1440 2464 1701 2526 plangitur
1745 2462 1835 2509 ubi

145 2538 364 2587 adfuerit
414 2554 562 2600 quem
611 2539 772 2587 maior
822 2553 972 2587 causa
1021 2538 1207 2587 doloris
1258 2539 1496 2602 exagitat.
1571 2539 1628 2584 ut
1676 2537 1836 2599 igitur

144 2614 338 2662 Aeneas
383 2612 636 2676 ingressus
683 2614 778 2673 est,
824 2612 957 2660 tanti
1003 2613 1224 2661 omnium
1263 2611 1474 2676 gemitus
1516 2613 1567 2659 et
1604 2610 1834 2673 planctus

146 2686 312 2735 emissi
344 2690 482 2748 sunt,
521 2689 578 2735 ut
609 2687 762 2734 etiam
791 2685 978 2748 primas
1009 2686 1139 2735 fores
1172 2689 1222 2734 et
1250 2686 1413 2749 ipsam
1443 2686 1633 2748 regiam
1665 2684 1834 2748 gravis

266 2818 289 2856 1
333 2818 508 2858 ocoetas
549 2813 614 2870 (in
656 2812 876 2856 lemmate
916 2813 1058 2868 reete)
1096 2811 1151 2856 V.
1284 2815 1337 2854 13
1370 2824 1533 2867 puyna
1572 2809 1644 2853 ed.
1695 2810 1700 2867 1
1758 2823 1835 2854 ex-

140 2873 339 2927 pectavit
360 2871 403 2915 V
434 2885 548 2916 corr.
582 2872 654 2915 ed.
778 2876 832 2914 14
868 2875 910 2916 et
937 2877 1123 2916 mortem
1146 2870 1188 2913 V
1219 2871 1281 2914 ad
1311 2884 1367 2914 m.
1402 2869 1472 2914 ed.
1596 2873 1651 2913 15
1684 2870 1837 2924 posito

56 2945 58 2947 ·
141 2931 369 2986 pallantis
391 2930 433 2975 V
456 2932 512 2975 P.
536 2932 739 2986 positum
771 2930 841 2974 ed.
960 2934 1014 2973 22
1042 2932 1197 2987 passis
1219 2929 1261 2972 V
1292 2930 1465 2985 sparsis
1496 2927 1566 2972 ed.
1675 2931 1730 2971 28
1762 2929 1837 2971 in-

147 2991 310 3046 muyiit
331 2988 386 3033 V.
511 2993 566 3033 30
597 2991 811 3046 muyiunt
841 2993 882 3033 et
908 2989 1139 3046 planyunt
1170 2988 1240 3032 ed.

1866 1657 1924 1697 35
