2050 3226
781 179 1085 225 AENEIDOS
1116 179 1158 223 X
1708 183 1817 237 323

127 323 204 370 est
234 324 284 369 et
314 321 487 380 altera,
510 323 569 369 ut
592 320 662 370 sic
685 321 1083 383 pronuntiemus:
1113 320 1375 384 vigilasne,
1398 319 1544 368 deum
1567 320 1722 384 gens?
1759 323 1820 370 ut

128 411 390 458 suppresso
428 394 629 443 interim
666 395 864 443 nomine
904 393 1063 444 divini
1101 394 1358 459 sanguinis
1399 394 1584 443 diceret
1612 395 1818 456 prolem,

128 472 277 533 atque
329 472 388 518 ut
438 468 617 517 melius
665 469 946 518 ostenderet
989 470 1163 517 notam
1211 468 1354 532 loqui
1401 483 1687 532 personam,
1735 468 1819 516 ad·
1915 486 1925 497 ·

128 543 310 592 didisse
358 558 538 591 nomen
580 544 710 591 eius:
759 543 951 605 Aenea,
1000 542 1170 607 vigila.
1263 543 1328 604 si,
1380 542 1568 605 inquit,
1621 543 1819 606 vigilaS,

75 634 95 667 5
126 633 386 680 persevera
414 618 468 665 in
507 633 564 666 eo
596 620 647 665 et
676 616 896 666 habenas
929 617 1088 666 omnis
1118 617 1243 666 velis
1274 616 1485 665 inmitte.
1540 617 1820 666 exhortatio

125 690 411 741 istiusmodi
458 691 558 740 fuit
605 692 659 739 in
709 690 1049 755 duplicatione
1100 690 1319 740 eiusdem
1368 690 1513 752 dicti,
1561 693 1621 739 ut
1658 694 1822 739 cetera

126 767 370 815 attentius
401 764 607 814 audiret
664 765 794 814 illud
824 782 940 815 vero
972 781 1072 814 non
1103 768 1212 815 erat
1239 766 1294 814 in
1323 766 1490 814 totum
1528 764 1822 827 dubitantiS‚

127 840 261 904 quod
297 843 412 903 post
448 841 666 888 incertae
704 855 877 889 vocem
922 840 1239 889 subsecutum
1289 842 1366 888 est
1409 839 1601 901 Aenea,
1647 839 1821 904 vigila.

126 915 326 963 videtur
363 913 495 962 enim
531 914 799 963 removisse
836 915 890 962 in
931 930 1030 976 quo
1071 914 1224 963 dubia
1262 913 1362 962 fuit
1399 913 1606 962 dicendo
1636 914 1822 975 Aenea,

13 1029 19 1043 .
54 1004 97 1037 ιο
125 988 304 1052 vigila,
354 987 475 1051 quia
523 987 805 1052 gubernans
854 1004 1034 1038 navem
1086 989 1299 1037 dormire
1347 1003 1447 1036 non
1486 987 1670 1037 debuit.
1749 1003 1822 1037 se·

128 1062 303 1126 quitur
331 1077 571 1126 personae
610 1063 864 1125 loquentis
897 1062 1096 1112 evidens
1128 1062 1509 1123 demonstratio,
1539 1066 1598 1111 ut
1627 1062 1823 1112 Aeneas

127 1139 296 1186 nosset
335 1153 461 1199 quae
501 1138 724 1186 omnium
773 1136 973 1186 nomine
1019 1138 1327 1200 loqueretur,
1372 1137 1426 1185 in
1473 1152 1570 1199 quo
1615 1136 1727 1200 ipso
1774 1139 1825 1185 et

129 1213 270 1275 gesta
317 1214 487 1273 posset
536 1210 757 1274 apertius
807 1227 1023 1260 noscere.
1110 1225 1221 1268 n08,
1274 1212 1368 1272 ait,
1418 1225 1589 1259 sumus
1637 1211 1824 1260 Idaeae
1840 1233 1927 1274 230

127 1300 268 1334 sacro
307 1286 365 1333 de
402 1286 574 1333 vertice
606 1286 784 1345 pinus:
823 1285 944 1349 quid
984 1286 1206 1348 apertius
1253 1285 1354 1334 ista
1399 1285 1683 1333 narratione
1725 1301 1824 1348 qua

129 1360 319 1408 dictum
357 1362 433 1408 est
472 1375 600 1423 quae
640 1362 806 1408 essent
837 1362 887 1408 et
930 1358 1097 1408 unde?
1180 1375 1313 1408 nnnc
1348 1360 1519 1421 pelayi
1567 1360 1823 1420 nymphae,

129 1434 302 1482 classis
351 1437 462 1482 tua.-
512 1435 562 1482 et
611 1450 740 1497 quae
791 1449 943 1482 naves
992 1436 1111 1482 tuae
1157 1433 1344 1483 fuimus
1383 1434 1633 1496 nymphae
1670 1435 1824 1482 maris

39 1530 43 1533 ·
129 1523 298 1556 sumus
339 1508 551 1557 effectae.
627 1508 680 1556 in
719 1508 982 1572 perspicua
1019 1507 1264 1558 brevitate
1303 1511 1468 1557 totum
1509 1508 1697 1557 dictum
1735 1511 1823 1557 est.

45 1622 50 1639 ,,
129 1581 214 1631 sed
265 1581 463 1644 quando
513 1583 710 1631 Aeneas
758 1581 812 1630 id
862 1582 1084 1631 crederet
1127 1582 1234 1631 fieri
1272 1585 1516 1646 potuisse,
1566 1583 1663 1630 nisi
1713 1581 1824 1630 sub·

87 1715 89 1717 Ι
129 1658 298 1705 secuta
321 1659 485 1705 cetera
506 1657 821 1721 ignorantem
844 1656 1128 1706 docuissent
1149 1658 1348 1705 tantum
1370 1657 1586 1705 numinis
1610 1657 1826 1705 valuisse

19 1739 46 1774 ε’
84 1724 88 1729 ’
128 1730 431 1794 potentiam,
483 1734 544 1780 ut
595 1731 831 1794 possibile
884 1731 1024 1780 fieret
1074 1731 1207 1794 quod
1259 1732 1481 1780 humana
1532 1746 1672 1779 mens
1725 1747 1825 1779 non

130 1805 336 1853 auderet
374 1804 671 1854 admittere?
746 1821 834 1854 nos
885 1820 1056 1854 sumus
1106 1805 1287 1854 Idaeae
1338 1821 1478 1855 sacro
1529 1805 1589 1853 de
1640 1806 1824 1853 vertice

130 1879 298 1941 pinus,
335 1895 468 1928 nunc
505 1880 674 1944 pelagi
711 1880 982 1943 nymphae,
1022 1881 1195 1929 classis
1232 1882 1343 1928 tua:
1384 1879 1518 1943 quod
1556 1879 1827 1928 secundum

131 1952 230 2001 dici
268 1957 567 2002 convenerat
596 1955 767 2017 posuit
803 1955 1012 2003 tertium
1049 1956 1100 2003 et
1138 1953 1274 2017 quod
1311 1954 1516 2003 tertium
1555 1953 1825 2002 secundum

131 2026 405 2090 ordinavit,
435 2043 552 2075 nam
582 2027 743 2090 primo
776 2028 977 2078 arbores
1009 2029 1231 2090 fuerant,
1263 2044 1415 2078 naves
1447 2030 1645 2091 postea,
1675 2028 1826 2076 tertio

42 2135 46 2138 -
129 2101 238 2150 loco
277 2102 548 2164 nymphae3
588 2102 672 2150 sed
709 2102 763 2150 in
799 2103 894 2151 hac
933 2102 1246 2152 ordinatione
1284 2119 1385 2151 non
1432 2103 1620 2151 erravit
1663 2104 1826 2165 poeta.

131 2175 436 2238 splendidius
491 2177 674 2239 quippe
719 2177 882 2226 voluit
928 2177 1067 2240 loqui
1115 2193 1205 2226 nec
1250 2177 1612 2226 ordinationem
1665 2177 1828 2239 ipsam

131 2250 378 2312 loquendo
410 2250 648 2298 confudit.
700 2250 833 2314 quod
864 2252 996 2300 enim
1027 2250 1154 2300 dixit
1185 2250 1383 2301 arbores
1406 2251 1592 2300 fuimus
1625 2251 1828 2311 dudum,

132 2340 262 2372 nunc
309 2325 558 2387 nymphae
609 2340 780 2373 sumus
830 2326 1031 2374 effectae
1081 2341 1208 2388 quae
1257 2325 1443 2374 fuimus
1493 2340 1645 2374 naves
1694 2327 1828 2385 tuae,

52 2425 58 2463 ς
134 2399 356 2447 ornatius
388 2398 578 2447 dictum
610 2401 686 2447 est
719 2413 869 2461 quam
900 2400 945 2448 si
975 2399 1160 2449 diceret
1190 2399 1389 2449 arbores
1421 2401 1622 2460 fuimus,
1652 2398 1828 2446 dehinc

133 2487 306 2535 naves,
366 2475 616 2536 postremo
677 2473 941 2536 nymphae.
1033 2474 1133 2523 duo
1189 2489 1317 2538 quae
1371 2474 1567 2522 Aeneas
1620 2474 1828 2521 noverat

254 2648 278 2686 1
311 2649 377 2688 est
405 2649 446 2688 et
468 2643 553 2688 VR
588 2650 630 2689 et
660 2658 748 2689 om.
782 2644 854 2688 ed.
959 2645 1158 2702 viyilane
1188 2644 1286 2688 VR.
1408 2650 1434 2688 6
1474 2644 1828 2700 duplicationem

56 2743 60 2767 Ι,
134 2701 220 2745 VR
258 2715 371 2747 corr.
405 2703 475 2746 ed.
605 2707 632 2747 8
671 2705 868 2748 incertae
945 2703 987 2747 R
1027 2709 1150 2749 -tam
1188 2704 1258 2748 ed.
1391 2708 1446 2746 10
1484 2703 1738 2760 yubernens
1770 2700 1826 2745 V.

138 2765 192 2804 12
230 2761 483 2818 loqueretwr
513 2762 555 2806 R
594 2763 880 2819 loquerentur
917 2763 968 2807 in
1005 2776 1094 2807 ras.
1122 2762 1175 2807 V.
1227 2764 1232 2821 Ι
1289 2765 1389 2819 ipso
1427 2767 1470 2806 et
1499 2761 1584 2805 VR
1621 2762 1723 2817 ipsa
1755 2760 1825 2805 ed.

139 2823 191 2863 13
222 2821 351 2866 ideae
379 2821 434 2865 R.
558 2826 612 2865 15
644 2823 819 2879 nynfae
845 2820 897 2865 V.
1020 2826 1075 2866 18
1106 2823 1209 2878 fieri
1235 2823 1436 2878 potuisse
1467 2821 1508 2864 R
1545 2821 1669 2875 fueri
1691 2825 1828 2876 potu-

63 2899 66 2903 *
136 2880 240 2924 isset
266 2878 320 2923 V.
443 2885 497 2924 22
530 2882 650 2937 quod
672 2881 714 2924 V
745 2894 834 2937 quo
864 2881 906 2924 R
937 2894 1024 2924 om.
1051 2881 1122 2926 ed.
1172 2881 1177 2940 Ι
1223 2882 1334 2925 dum
1359 2880 1440 2923 VR
1471 2879 1542 2924 ed.
1582 2879 1827 2924 secumdum

64 2946 66 2956 ’
136 2951 233 2982 noe.
325 2942 381 2983 23
412 2939 507 2983 dici
528 2938 613 2983 VR
643 2940 687 2984 d.
712 2942 917 2996 primum
948 2939 1018 2984 ed.
1120 2945 1174 2983 27
1208 2941 1320 2996 quid
1343 2939 1426 2982 VR
1457 2939 1528 2983 ed.
1562 2939 1682 2995 quod
1712 2951 1826 2982 corr.

138 2996 209 3040 ed.
241 2999 360 3052 post.
483 3002 539 3042 29
570 3001 612 3043 si
642 3013 730 3043 om.
755 2998 798 3043 V
823 2999 893 3043 ed.
943 2999 946 3058 Ι
998 2999 1165 3044 diceret
1186 2998 1272 3042 VR
1302 2999 1448 3043 dicere
1478 3004 1521 3043 et
1551 2998 1623 3043 ed.

1471 3085 1558 3129 21*
