2050 3226
193 148 304 203 504
668 146 901 192 DONATI
930 147 1212 192 INTERPR.
1238 147 1418 192 VERG.

190 289 379 336 veteres
418 287 577 336 ferum
609 287 860 349 dicebant,
900 288 1019 350 quia
1056 286 1278 335 nondum
1309 287 1539 337 humanis
1578 288 1750 337 usibus
1785 303 1883 338 ser-

191 361 372 410 viebat.
448 361 533 410 sed
570 362 663 410 hoc
701 362 809 410 loco
849 361 1063 409 ferinum
1109 361 1187 409 lac
1234 360 1463 411 debemus
1511 363 1732 425 accipere
1779 364 1883 412 eius

191 434 381 484 scilicet
419 435 648 484 animalis
682 435 815 499 quod
846 436 975 483 esset
1005 429 1235 497 asperum
1265 438 1315 483 et
1344 435 1465 484 locis
1500 437 1884 500 regionibusque

189 510 504 572 respondens.
558 511 733 557 teneris
771 509 1043 569 inmalyens
1073 510 1226 557 ubera
1257 509 1434 557 labris:
1470 511 1564 559 hoc
1595 511 1705 560 vult
1735 513 1884 574 poeta

189 586 489 645 monstrare,
529 583 661 645 quod
700 583 850 631 etiam
885 582 938 629 in
968 583 1062 630 hac
1092 584 1234 645 parte
1265 583 1463 632 Metabo
1493 586 1638 633 tanta
1678 584 1883 633 alendae
1936 599 1957 632 5

188 658 321 706 filiae
354 658 622 706 difficultas
655 658 950 718 occurrerat,
974 658 1045 718 ut,
1072 657 1171 705 nisi
1193 656 1299 719 ipse
1322 673 1411 719 per
1434 673 1484 706 se
1508 659 1661 707 labris
1685 659 1883 721 puellae

146 795 150 798 q
189 731 310 780 uber
341 748 496 794 equae
527 733 726 780 servata
756 730 1095 780 moderatione
1126 731 1395 793 mulsisset‚
1419 732 1657 781 alimonia
1688 733 1751 781 ad
1775 749 1884 781 eam

188 806 445 868 pervenire
492 821 591 853 non
630 807 812 867 posset.
887 806 981 853 hoc
1026 804 1136 853 ideo
1183 807 1326 868 pater
1371 806 1614 855 sollicitus
1654 807 1883 869 faciebat,

189 881 310 943 quia
342 880 475 943 quod
506 880 606 927 fuit
636 882 686 928 et
717 879 903 943 grande
940 881 990 927 et
1022 894 1252 942 asperum
1282 881 1452 928 tenera
1483 881 1643 929 adhuc
1672 881 1882 930 infantis

187 954 329 1002 labra
368 955 611 1002 sustinere
650 969 751 1002 non
788 955 1023 1016 poterant
1060 969 1150 1001 nec
1179 954 1350 1001 fauces
1389 953 1650 1003 admittere
1689 955 1884 1019 copiam
1914 970 1957 1001 ιο

189 1044 340 1091 quam
371 1027 655 1090 praebebat.
703 1028 975 1076 armentale
999 1027 1184 1075 animal
1209 1027 1320 1076 ideo
1345 1029 1528 1091 posuit,
1559 1045 1619 1077 ne
1643 1029 1696 1077 in
1718 1031 1884 1077 totum

186 1101 436 1150 videretur
475 1104 670 1166 agreste
709 1118 767 1150 ac
806 1118 856 1150 se
894 1101 1107 1165 mulgeri
1136 1117 1237 1149 non
1267 1102 1465 1151 sineret.
1520 1104 1761 1166 expressit
1799 1103 1883 1153 ob-

187 1192 375 1226 sessum
419 1175 594 1225 multis
639 1176 874 1239 periculis
920 1178 970 1224 et
1016 1175 1212 1224 casibus
1253 1176 1436 1238 fatum,
1485 1193 1618 1225 nunc
1666 1177 1729 1225 ad
1775 1193 1884 1226 eam

186 1250 438 1299 acceditur
469 1253 685 1313 partem,
716 1253 775 1299 ut
797 1251 966 1314 palam
992 1250 1079 1298 fiat
1101 1265 1245 1313 posse
1269 1253 1502 1299 naturam
1527 1251 1883 1300 consuetudine

186 1326 505 1388 commutari3
543 1341 660 1373 nam
700 1341 813 1373 cum
851 1325 981 1373 esset
1011 1325 1197 1372 femina
1236 1327 1287 1372 et
1326 1325 1654 1387 amplitudine
1689 1327 1881 1389 generis
1913 1338 1955 1371 15

184 1401 384 1462 potens,
416 1415 524 1448 eam
557 1401 778 1448 locorum
810 1398 1029 1462 qualitas
1062 1400 1112 1446 et
1141 1414 1259 1447 usus
1283 1398 1484 1447 vivendi
1515 1400 1584 1448 sic
1616 1400 1883 1448 solidatam

183 1473 413 1536 reddidit,
444 1477 502 1522 ut
533 1490 675 1522 omne
709 1473 842 1536 quod
873 1474 1037 1520 fuerat
1067 1475 1188 1521 nata
1213 1475 1478 1535 respueret.
1531 1477 1675 1534 atque
1698 1474 1882 1534 pedum

176 1548 358 1607 primis
395 1549 568 1608 infans
606 1548 808 1608 vestiyia
842 1547 1029 1607 plantis
1066 1547 1327 1603 institerat,
1371 1547 1530 1595 iaculo
1561 1549 1762 1608 palmas
1801 1563 1881 1596 ar-

183 1623 336 1670 mavit
381 1626 519 1670 acuto
528 1640 544 1670 .·
592 1638 708 1670 mox
753 1624 813 1670 ut
857 1620 1024 1683 potuit
1073 1623 1204 1668 stare
1249 1621 1458 1683 pedibus
1506 1621 1630 1683 suis,
1675 1621 1882 1670 instruit

185 1712 295 1743 eam
332 1699 478 1758 pater
514 1698 715 1759 portare
755 1696 889 1759 quod
925 1696 1130 1756 iaceret3
1177 1711 1337 1758 neque
1381 1695 1513 1743 enim
1550 1695 1651 1744 fuit
1686 1696 1740 1743 in
1777 1695 1878 1744 illis
1911 1708 1955 1740 20

185 1771 305 1818 locis
345 1770 531 1819 femina
571 1787 700 1834 quae
737 1769 997 1832 incipienti
1035 1769 1203 1817 lanam
1247 1771 1549 1817 monstraret
1587 1771 1676 1818 aut
1712 1770 1878 1818 telam.

186 1844 355 1893 docuit
400 1861 509 1893 eam
555 1847 699 1907 pater
739 1843 870 1906 quod
907 1842 1179 1906 praebebat
1216 1843 1375 1905 locus,
1425 1859 1525 1892 non
1564 1844 1698 1906 quod
1736 1859 1878 1893 sexus

83 1924 168 1965 575
186 1918 415 1982 exigebat
453 1921 503 1967 et
540 1934 752 1981 persona
785 1917 1032 1966 discentis.
1086 1917 1368 1977 spieulaque
1406 1932 1462 1965 ew
1499 1932 1664 1966 nmero
1688 1933 1880 1978 parvae

185 1993 438 2051 suspendit
484 1996 526 2040 et
567 2008 761 2041 arcum:
810 1994 870 2040 ut
914 1993 1139 2055 portaret
1182 1991 1412 2039 manibus
1459 1992 1646 2039 ferrum
1690 1993 1878 2041 missile

184 2069 235 2114 et
264 2067 446 2115 umeris
480 2082 649 2115 arcum
682 2069 732 2115 et
761 2067 1044 2128 pharetram
1078 2066 1358 2114 sustineret.
1407 2080 1500 2125 pro
1532 2066 1709 2114 crinali
1740 2081 1876 2122 auro,
1909 2076 1951 2109 25

177 2155 272 2201 pro
321 2141 489 2201 lonyae
536 2142 737 2200 teyniine
779 2141 945 2200 pallae
990 2140 1180 2200 tiyridis
1225 2141 1425 2187 exuviae
1464 2154 1556 2199 per
1601 2140 1799 2188 dorsum
1846 2155 1878 2188 a

183 2215 355 2262 vertice
377 2214 615 2274 pendent:
648 2215 710 2262 ad
742 2231 912 2262 eorum
936 2213 1092 2262 vicem
1118 2213 1295 2276 quibus
1328 2213 1492 2276 aptari
1519 2213 1732 2262 feminae
1765 2229 1876 2262 con-

185 2290 392 2337 suerunt
442 2290 711 2336 venantum
761 2289 998 2336 iuvenum
1045 2287 1269 2335 sumebat
1319 2290 1574 2349 ornatum3
1623 2303 1740 2335 nam
1785 2304 1875 2349 pro

185 2378 307 2410 auro
360 2362 493 2424 quod
544 2362 659 2410 addi
711 2362 959 2423 capitibus
1010 2363 1260 2425 virginum
1311 2362 1434 2409 solet
1482 2377 1671 2424 proque
1722 2362 1875 2424 pallio

183 2436 381 2500 tigridis
413 2437 558 2498 pellis
590 2453 678 2498 per
708 2435 911 2483 dorsum
941 2436 1243 2484 fundebatur
1273 2450 1303 2482 a
1335 2436 1530 2484 vertice.
1593 2436 1686 2483 tela
1723 2437 1876 2483 'mana
1907 2445 1949 2476 30

183 2511 285 2559 iam
338 2514 440 2558 tam
492 2514 653 2558 tenera
697 2510 916 2570 puerilia
969 2510 1105 2556 torsit
1154 2513 1196 2557 et
1246 2510 1457 2568 fundam
1510 2510 1643 2557 tereti
1696 2509 1876 2556 circuni

185 2588 331 2644 caput
368 2585 461 2645 eyit
495 2585 709 2632 habena:
752 2584 948 2631 tantum
987 2583 1276 2644 proficiebat
1312 2583 1365 2630 in
1405 2599 1459 2631 eo
1501 2598 1598 2645 quo
1638 2582 1873 2644 produce-

305 2730 328 2767 7
361 2726 578 2780 nbereque
608 2724 651 2768 V
681 2725 790 2768 uber
821 2738 957 2779 equae
995 2737 1077 2766 nos
1116 2725 1341 2779 uberaque
1372 2723 1442 2767 ed.
1476 2723 1617 2767 ubera
1648 2722 1719 2766 ed.
1752 2726 1871 2777 post.

185 2788 211 2826 8
239 2786 459 2839 potuisset
490 2785 562 2828 ed.
667 2787 691 2827 9
723 2784 816 2838 fuit
846 2784 887 2826 ei
909 2781 951 2825 V
977 2783 1046 2825 ed.
1078 2784 1112 2837 f.
1147 2788 1189 2827 et
1219 2783 1290 2827 ed.
1323 2784 1442 2838 post.
1546 2786 1601 2825 10
1626 2787 1875 2836 potuerant

185 2843 257 2886 ed.
352 2848 404 2886 12
438 2857 492 2887 ac
522 2845 564 2887 si
586 2842 628 2885 V
660 2856 715 2886 ac
744 2856 789 2886 se
821 2841 936 2885 edF.
1032 2846 1084 2883 16
1116 2842 1310 2885 solidam
1334 2842 1404 2885 ed.
1501 2845 1552 2884 17
1578 2841 1697 2896 qaod
1718 2841 1873 2894 fuerat

183 2907 297 2945 nata
328 2901 402 2955 (cf.
431 2906 470 2955 8,
491 2903 590 2957 129)
615 2901 656 2944 V
680 2903 854 2945 temere
884 2901 998 2943 mut.
1025 2900 1095 2943 ed.
1186 2905 1240 2943 18
1273 2901 1470 2944 armavit
1491 2899 1534 2942 V
1563 2901 1766 2943 oneravit
1796 2900 1868 2943 ed.

185 2965 239 3003 27
266 2961 483 3016 aptareV
505 2975 551 3005 se
574 2976 615 3004 a.
643 2961 713 3004 ed.
788 2964 842 3002 29
872 2960 1022 3016 palleo
1044 2958 1087 3001 V
1113 2960 1246 3014 palla
1270 2960 1341 3002 ed.
1415 2963 1470 3001 32
1495 2957 1639 3014 qro
1655 2959 1773 3014 quod
1795 2959 1868 3002 ed.
