2050 3226
790 186 1096 233 AENEIDOS
1126 187 1191 232 IX
1729 191 1839 247 285

145 330 274 378 hane
323 329 516 392 partem
556 329 607 377 et
652 328 850 378 Turnus
898 327 1136 377 tendebat
1181 330 1231 377 et
1276 342 1333 376 eo
1382 327 1528 376 iHum
1571 329 1841 378 trudebant

147 402 418 467 constipati
470 401 698 464 Troiani,
750 405 810 451 ut
861 402 1047 466 periret
1097 403 1150 450 in
1203 400 1453 466 gurgitem
1506 417 1695 451 mersus
1750 405 1841 452 aut

147 477 455 526 occumberet
491 476 637 525 ferro.
706 476 949 539 parabola
987 475 1225 538 succedit,
1263 477 1324 524 ut
1355 475 1647 525 ostendatur
1678 477 1840 540 qualis

145 553 264 600 tuno
295 551 449 599 fuerit
480 550 696 612 Turnus,
728 551 901 612 quales
933 566 1050 599 vero
1081 549 1310 599 Troiani:
1349 563 1435 599 ceu
1464 564 1666 599 saevwm
1696 552 1841 599 mrba

95 637 115 671 υ
147 626 327 674 leonem
377 639 486 673 ewm
534 625 641 674 telis
683 626 866 685 premit
911 625 1142 685 infensis,
1191 627 1243 673 at
1289 625 1487 672 territus
1530 625 1633 681 ille,
1681 639 1839 686 asper,

147 700 322 748 acerba
359 701 498 747 tuens
534 701 661 747 retro
698 699 825 746 redit
862 702 905 747 et
941 713 1092 758 neque
1122 701 1257 760 terya
1285 699 1367 747 ira
1405 698 1525 746 dare
1563 701 1650 748 aut
1685 699 1842 747 virtus
1859 711 1943 753 796

139 774 330 834 patitur
366 786 454 821 nec
483 773 675 821 tendere
711 776 878 821 contra
908 771 1019 834 [ille
1049 773 1242 834 quidem
1269 773 1356 821 hoe
1386 773 1585 832 ewpiens
1610 773 1743 832 potis
1774 776 1844 821 est

137 861 231 907 per
269 847 363 895 tela
400 845 653 909 virosque]
660 864 677 894 .·
723 848 1026 910 exquisitum
1063 846 1333 910 parabolae
1370 862 1527 911 genus
1567 849 1618 895 et
1654 846 1840 910 species

144 922 253 970 loeo
292 921 616 984 personisque
656 921 965 971 conveniens,
1035 936 1147 970 cum
1186 921 1318 969 enim
1356 920 1554 970 Turnus
1592 922 1701 970 viso
1741 921 1840 970 evi-

72 1007 115 1041 10
146 995 283 1043 denti
336 994 557 1058 periculo
613 995 828 1043 cedendo
884 995 1036 1044 vellet
1089 994 1320 1057 evadere,
1373 997 1517 1060 terga
1570 995 1688 1044 dare
1742 1010 1842 1044 non

147 1069 382 1130 audebat,
420 1085 482 1117 ne
522 1071 823 1132 oportunum
861 1085 912 1119 se
952 1069 1212 1132 praeberet
1251 1069 1315 1117 ad
1351 1069 1572 1117 eaedem:
1611 1069 1842 1119 insistere

145 1159 244 1192 non
274 1145 475 1206 poterat
504 1159 726 1208 pugnae,
765 1159 825 1192 ne
855 1143 909 1191 in
941 1159 1001 1191 ea
1033 1159 1063 1191 a
1092 1143 1321 1207 plurimis
1353 1146 1615 1206 superatus
1648 1159 1841 1192 oceum-

144 1218 295 1266 beret.
371 1217 564 1266 invenit
600 1220 751 1280 poeta
788 1218 890 1266 tale
929 1217 1160 1266 animalis
1199 1232 1355 1281 genus
1395 1217 1527 1280 quod
1565 1219 1752 1268 virtute
1783 1233 1842 1266 ae

144 1292 344 1340 feritate
382 1293 643 1354 praestans
681 1292 835 1340 talem
873 1294 1084 1340 naturae
1129 1291 1314 1340 habeat
1349 1307 1560 1352 morem,
1605 1294 1684 1352 ut,
1731 1308 1843 1340 oum

71 1376 114 1409 1⁶
144 1366 197 1414 in
242 1367 517 1414 multorum
561 1365 769 1415 insidias
816 1367 1031 1427 venerit,
1082 1366 1299 1414 cedendo
1346 1381 1397 1415 se
1435 1366 1602 1430 potius
1642 1367 1843 1415 tueatur

124 1456 297 1504 ,quam
333 1442 476 1504 terga
514 1440 774 1502 vertendo,
814 1442 865 1488 et
904 1439 1036 1503 quod
1074 1440 1337 1504 intellegat
1382 1455 1432 1488 se
1477 1441 1530 1488 in
1578 1439 1842 1490 adversum

145 1514 254 1575 niti,
288 1515 331 1563 si
360 1515 414 1562 in
446 1515 692 1563 confertos
722 1514 966 1577 impetum
996 1514 1166 1577 faciat,
1206 1516 1256 1563 et
1285 1517 1454 1563 tamen
1485 1517 1632 1563 tanta
1661 1514 1843 1563 fiducia

146 1591 287 1653 agat,
332 1591 391 1636 ut
435 1589 610 1638 melius
657 1590 803 1652 putet
840 1605 930 1651 per
965 1589 1068 1638 tela
1107 1591 1157 1638 et
1193 1606 1283 1652 per
1319 1589 1479 1638 hostis
1519 1590 1650 1637 exire
1690 1605 1843 1652 quam

143 1662 303 1712 videri
349 1663 564 1711 cessisse.
640 1663 760 1712 haut
807 1664 948 1711 aliter
992 1667 1119 1712 retro
1166 1664 1345 1712 dubius
1389 1664 1594 1724 vestiyia
1641 1664 1842 1711 Twrnus

70 1746 114 1780 πο
143 1738 460 1798 improperata
497 1738 646 1798 refert
683 1740 726 1785 et
761 1751 898 1786 mens
937 1741 1187 1786 exaestuat
1221 1739 1326 1786 ira:
1365 1739 1457 1799 sie,
1495 1737 1685 1800 inquit,
1723 1737 1844 1786 fecit

144 1812 302 1875 igitur
359 1811 578 1873 Turnus,
642 1812 712 1860 sie
763 1811 841 1860 ira
893 1827 994 1860 non
1047 1827 1235 1861 vacuus
1295 1813 1568 1860 retrorsum
1628 1811 1843 1876 vestigia

143 1885 402 1934 referebat.
494 1886 613 1945 quin
663 1887 808 1934 etiam
861 1887 934 1934 bis
987 1889 1090 1934 twm
1141 1886 1324 1934 medios
1375 1887 1627 1934 invaserat
1677 1886 1840 1943 hostie,

146 1960 220 2008 bis
258 1960 464 2020 confusa
501 1961 624 2020 fuya
655 1974 748 2020 per
784 1974 952 2009 muros
992 1960 1193 2022 aymina
1229 1960 1394 2008 vertit:
1443 1962 1494 2008 et
1530 1962 1721 2021 tamen,
1767 1961 1842 2008 in·
1859 1970 1945 2011 800

146 2033 280 2096 quit,
320 2049 430 2082 oum
471 2034 654 2082 sensim
692 2033 909 2096 eederet,
947 2034 1023 2083 bis
1064 2034 1215 2083 etiam
1254 2037 1364 2083 tum
1401 2035 1560 2084 hostis
1601 2035 1840 2083 Troianos

71 2115 115 2149 25
144 2107 330 2157 invasit
369 2108 661 2170 tantumque
701 2107 852 2156 solius
891 2108 1108 2172 impetus
1154 2108 1342 2172 potuit,
1387 2111 1447 2157 ut
1485 2109 1634 2158 simul
1673 2123 1839 2157 omnes

144 2182 219 2231 bis
257 2182 310 2229 in
347 2197 514 2230 muros
554 2181 883 2246 aufugissent.

263 2255 359 2304 Sed
403 2270 583 2304 manus
622 2270 646 2304 e
684 2257 858 2304 castris
887 2270 1098 2316 propere
1137 2257 1228 2305 coit
1272 2258 1430 2305 orrmis
1467 2257 1522 2304 in
1559 2271 1739 2304 unwm:
1787 2256 1840 2303 in

145 2347 299 2378 unum
339 2329 498 2379 omnis
545 2330 814 2378 multitudo
854 2332 1105 2392 convenit,
1152 2333 1212 2380 ut
1248 2331 1338 2379 uni
1374 2332 1542 2379 resisti
1580 2330 1840 2394 potuisset.

148 2407 392 2468 quantum
432 2404 519 2452 dat
550 2404 740 2466 Turno,
777 2407 838 2453 ut
868 2407 1042 2454 contra
1071 2422 1230 2453 unum
1260 2407 1310 2453 et
1339 2406 1501 2454 solum
1532 2407 1582 2453 et
1612 2407 1841 2467 saeptum

73 2487 116 2520 80
146 2479 363 2541 undique
410 2480 828 2543 congregarentur
870 2478 1110 2528 universi!
1179 2493 1266 2528 nec
1311 2483 1477 2528 eontra
1522 2480 1644 2526 viris
1697 2478 1843 2526 audet

146 2552 385 2601 Saturnia
422 2553 553 2601 Izmo
592 2553 841 2613 sufficere:
886 2554 1030 2602 tanta
1076 2553 1315 2603 adversus
1361 2554 1584 2601 Turnum
1629 2552 1719 2600 illa
1763 2552 1840 2601 vis

268 2714 292 2752 2
324 2710 501 2766 yuryite
532 2708 604 2754 ed.
720 2713 744 2752 3
772 2709 1006 2765 parabula
1027 2708 1068 2752 V
1101 2710 1172 2766 (ut
1202 2710 1351 2766 solet).
1468 2714 1491 2752 7
1523 2723 1564 2751 v.
1592 2712 1676 2752 ’196
1710 2708 1840 2753 deest

148 2767 198 2811 in
221 2767 263 2812 V
289 2768 375 2822 ed,
409 2768 490 2811 sed
522 2767 795 2824 explicatur.
927 2772 953 2811 8
994 2770 1303 2825 exquaesitum
1334 2767 1388 2813 V.
1438 2768 1442 2826 Ι
1492 2769 1658 2824 species
1691 2767 1734 2811 V
1771 2782 1838 2825 sp.

148 2828 225 2872 sed
256 2827 327 2871 ed.
437 2831 492 2870 10
523 2828 709 2872 evadere
732 2826 774 2870 V
806 2827 1012 2872 excedere
1043 2827 1114 2872 ed.
1220 2833 1272 2871 11
1306 2829 1539 2872 insisterat
1561 2826 1602 2869 V
1627 2840 1740 2870 corr.
1767 2828 1838 2872 ed.

152 2891 204 2929 12
236 2901 293 2930 ne
324 2900 412 2930 om.
437 2885 492 2931 V.
587 2891 643 2931 14
674 2887 805 2931 habet
835 2886 906 2930 ed.
1001 2891 1054 2930 17
1087 2887 1312 2941 consonos
1335 2886 1389 2929 V.
1478 2890 1534 2928 24
1565 2887 1762 2931 troianis
1783 2886 1839 2932 V.

151 2949 206 2988 28
242 2947 497 3001 potuissent
530 2945 584 2990 V.
709 2950 763 2990 29
796 2951 982 2991 turnum
1006 2945 1048 2990 V
1081 2959 1194 2990 corr.
1222 2946 1292 2990 ed.
1341 2945 1345 3003 Ι
1396 2950 1841 3003 contra—saeptum

152 3006 373 3060 (saepiam
396 3004 455 3061 V)
486 3006 662 3049 temere
693 3006 807 3049 mut.
834 3004 905 3048 ed.
987 3029 990 3032 ·
