2050 3226
47 1601 89 1634 10

50 1970 90 2003 15

50 2340 92 2373 80

572 788 961 844 AENEIDOS
1001 788 1225 844 LIBER
1258 788 1350 843 XI.

239 911 486 962 Oceanum
522 914 708 962 interea
746 927 950 974 sumens
989 927 1175 962 aurora
1211 913 1428 974 reliquit:
1472 912 1678 962 initium
1715 910 1815 960 diei

118 987 243 1037 dicit
271 987 463 1037 venisse
502 989 554 1036 et
584 1002 694 1036 eam
724 988 899 1035 horam
939 1002 1039 1050 qua
1069 987 1291 1036 nondum
1321 988 1424 1037 sole
1462 990 1633 1036 exorto
1671 1002 1812 1049 prae⁴

119 1061 294 1112 cedens
339 1063 443 1110 iam
482 1063 692 1125 apparet
731 1077 925 1110 aurora.
985 1059 1203 1118 AeneaS,
1251 1076 1550 1122 quamquam
1589 1063 1634 1110 et
1669 1061 1814 1110 sociis

119 1136 240 1186 dare
269 1139 456 1197 tempus
485 1135 751 1185 humandis
774 1135 1108 1197 praecipitant
1137 1149 1285 1184 curae
1314 1135 1604 1196 turbataque
1640 1135 1815 1195 funere

118 1225 256 1259 mens
286 1213 375 1267 est,
415 1213 527 1259 vota
557 1210 700 1258 deum
726 1210 887 1270 primo
916 1208 1068 1258 victor
1096 1209 1310 1259 solvebat
1338 1210 1470 1259 Eoo:
1508 1209 1607 1259 duo
1637 1208 1817 1258 habuit

119 1285 314 1333 Aeneas
365 1299 493 1347 quae
542 1284 748 1345 faceret,
797 1283 1000 1332 humare
1050 1284 1234 1333 occisos
1286 1287 1336 1333 et
1386 1282 1480 1333 diis
1531 1286 1652 1333 vota
1702 1300 1814 1346 per·

120 1360 333 1421 solvere3
373 1358 587 1407 alterum
625 1357 757 1407 enim
794 1361 998 1421 propter
1033 1358 1400 1407 humanitatem
1437 1359 1603 1407 fuerat
1640 1372 1814 1406 curan-

121 1434 260 1495 dum,
337 1432 552 1481 alterum
619 1434 825 1496 propter
892 1434 1262 1481 venerationem
1332 1433 1558 1493 deorum,
1634 1432 1814 1494 quibus

118 1506 411 1556 iuvantibus
462 1507 623 1555 multa
672 1519 904 1570 prospere
955 1510 1199 1572 gesserat,
1247 1507 1418 1555 debuit
1462 1506 1668 1570 inpleri:
1715 1505 1816 1568 sed,

119 1582 239 1644 quia
283 1580 456 1630 divina
502 1581 740 1644 obsequia
786 1578 961 1629 ceteris
1001 1580 1230 1630 omnibus
1267 1579 1620 1645 praeponenda
1656 1581 1815 1645 magi-

120 1656 268 1704 sterio
301 1671 390 1705 suo
414 1655 667 1720 Vergilius
697 1657 947 1704 monstrat
985 1657 1036 1703 et
1072 1655 1240 1719 ipsum
1277 1654 1483 1704 Aenean
1520 1656 1574 1704 in
1613 1653 1817 1703 deorum

120 1731 261 1779 cultu
309 1730 422 1778 vult
471 1729 728 1779 ostendere
782 1728 1163 1793 peritissimum,
1213 1732 1284 1778 sic
1330 1729 1539 1779 consilia
1585 1727 1689 1777 eius
1729 1727 1815 1777 ad·

121 1805 301 1869 signat.
377 1803 495 1852 lieet
533 1804 665 1852 enim
703 1803 907 1853 Aenean
944 1805 1113 1867 ipsum
1150 1806 1382 1868 tangeret
1415 1819 1539 1857 eura
1575 1802 1817 1852 humandi

121 1893 204 1927 eos
244 1893 366 1941 quos
397 1878 530 1926 bella
561 1876 862 1940 deiecerant,
900 1879 1029 1927 hanc
1068 1881 1235 1927 tamen
1275 1877 1481 1927 deorum
1512 1892 1686 1939 causa,
1716 1893 1816 1926 non

122 1953 313 2013 omisit,
361 1951 447 2002 sed
494 1952 691 2002 distulit
728 1951 1047 2017 negotiorum
1086 1952 1309 2001 ordinem
1346 1952 1477 2002 veris
1516 1951 1816 2002 tractatibus

121 2026 357 2075 tribuens.
451 2025 639 2075 oriente
703 2028 888 2090 quippe
951 2041 1155 2088 aurora,
1217 2029 1488 2090 antequam
1550 2025 1818 2091 quiequam

121 2103 406 2150 nostrorum
459 2103 663 2149 actuum
722 2115 1010 2150 moveamus
1024 2138 1037 2162 ‚
1096 2101 1480 2163 praeteritorum
1539 2102 1672 2150 recte
1734 2116 1815 2165 ge·

122 2177 314 2224 storum
351 2176 472 2223 vota
510 2174 748 2224 solvenda.
786 2177 904 2225 sunt
950 2177 999 2223 et
1037 2174 1321 2224 fiiturorum
1359 2176 1439 2225 vel
1476 2177 1816 2238 praesentium

121 2247 368 2312 poscenda
414 2249 733 2312 prosperitas.
810 2250 1050 2310 inqentem
1100 2262 1328 2309 queremn
1376 2250 1550 2299 decisis
1602 2249 1817 2308 undique
1863 2257 1889 2296 5

121 2323 277 2372 ramis
315 2323 559 2371 constituit
586 2323 795 2371 tumulo.-
831 2322 937 2372 illie
975 2323 1107 2371 enim
1143 2323 1386 2387 templum
1417 2324 1596 2372 fuerat.
1621 2323 1817 2370 nullum

123 2399 262 2446 cuius
321 2396 526 2461 fastigio
588 2396 789 2460 captiva
850 2412 990 2445 arma
1050 2397 1373 2461 suspenderet
1441 2400 1531 2446 aut
1588 2396 1818 2460 infigeret

123 2470 326 2522 foribus,
404 2472 556 2535 elegit
592 2472 751 2535 igitur
789 2469 1136 2520 ostentationis
1177 2486 1327 2522 causa
1365 2472 1618 2520 tumulum
1654 2470 1815 2519 multo

123 2560 274 2608 quam
327 2545 427 2594 alia
488 2544 767 2594 editiorem:
827 2545 909 2593 hic
962 2545 1224 2595 constituit
1275 2547 1530 2610 ingentem
1583 2559 1817 2608 quercum

124 2617 397 2682 amputatis
472 2618 892 2682 undiqueversum
962 2619 1137 2682 ramis,
1208 2637 1268 2668 ne
1342 2620 1546 2669 brachia
1627 2617 1815 2667 arboris

242 2751 270 2789 4
312 2746 532 2802 turbaque
566 2745 607 2787 V
647 2759 760 2789 corr.
801 2758 924 2790 man.
960 2745 1015 2789 ΙΙ.
1146 2750 1171 2789 9
1211 2747 1356 2791 multa
1386 2745 1428 2789 V
1462 2761 1518 2790 m.
1552 2759 1668 2802 quae
1698 2744 1770 2789 ed.
1806 2745 1811 2803 Ι

123 2805 293 2861 inpleri
314 2803 357 2847 V
381 2805 452 2848 ed.
484 2805 670 2861 implere
701 2804 773 2848 ed.
797 2806 916 2860 post.
1011 2809 1063 2850 11
1098 2811 1141 2851 et
1168 2806 1319 2862 ipsum
1343 2804 1385 2847 V
1414 2809 1467 2850 ut
1495 2805 1717 2860 interpos.
1743 2804 1815 2850 ed.

127 2868 183 2906 14
228 2877 371 2908 causa
407 2862 451 2906 V
503 2877 690 2908 causam
744 2863 814 2907 ed.
961 2869 1015 2909 16
1065 2866 1275 2921 antequic
1320 2871 1457 2920 quam
1495 2863 1536 2906 V
1583 2877 1698 2908 corr.
1742 2863 1814 2908 ed.

126 2926 183 2964 20
212 2926 363 2968 tuerat
393 2922 435 2966 V
472 2923 523 2967 in
560 2923 715 2977 fuerat
751 2936 864 2966 corr.
899 2936 1022 2967 man.
1055 2923 1109 2967 H.
1153 2929 1248 2968 tum
1280 2928 1380 2967 erat
1408 2921 1536 2967 HOU
1560 2922 1631 2967 ed.
1663 2923 1818 2977 fuerat

127 2994 222 3025 nos,
346 2985 402 3025 23
433 2995 569 3038 quam
600 2982 722 3026 aliae
752 2981 959 3027 ditiorem
983 2981 1025 3025 V
1057 2983 1166 3028 aliis
1195 2983 1400 3028 altiorem
1431 2982 1502 3026 ed.
