2050 3226
235 168 346 222 324
706 165 939 210 DONATI
969 165 1249 210 INTERPR.
1274 165 1453 212 VERG.

235 306 448 354 strictim
486 305 632 368 dixit3
672 305 860 354 sciebat
897 306 1029 353 enim
1073 305 1202 353 unde
1252 305 1398 366 pinea
1446 305 1585 370 ligna
1634 306 1925 368 sumpsisset

236 382 286 427 et
325 380 448 443 quid
485 379 779 428 fabricasset
817 396 875 427 ex
905 378 1504 441 ipsis‚'quemadmodum
1534 395 1650 428 vero
1683 380 1924 442 nympha-

139 476 149 487 ·
235 471 348 502 rum
385 453 438 501 in
477 453 655 502 faciem
692 469 863 502 versae
903 454 1004 501 sint
1042 452 1308 501 nesciebat.
1370 454 1497 501 hanc
1535 454 1694 518 igitur
1730 457 1927 516 partem

235 529 387 577 latius
426 529 598 576 refert:
637 527 877 576 brevitate
917 528 1103 590 quippe
1150 527 1350 575 institui
1393 528 1538 590 plene
1583 544 1682 576 non
1729 529 1927 591 poterat

236 602 324 665 qui
361 618 489 651 novo
530 605 579 649 et
616 601 897 649 incredibili
937 601 1158 663 exemplo
1198 602 1342 665 gesta
1378 617 1478 649 non
1515 603 1737 651 noverat.
1813 616 1926 663 per·
1980 613 1999 646 5

234 677 366 735 fidus
403 679 458 723 ut
494 690 582 723 nos
612 675 900 735 praecipitis
937 675 1068 735 ferro
1099 675 1314 723 Rutulus
1344 677 1636 736 flammaque
1661 677 1925 735 premebat,

234 751 459 810 rupimus
507 750 689 797 invitae
738 753 825 797 tua
872 749 1070 796 vincula
1115 753 1248 809 teque
1277 764 1371 809 per
1409 764 1587 810 aequor
1625 750 1928 811 quaerimus:

171 888 175 891 η
235 823 426 872 inimici
462 839 643 871 nomen
680 824 844 871 noluit
884 822 1066 884 dicere,
1106 822 1191 871 sed
1229 839 1319 885 pro
1358 824 1468 886 ipso
1508 824 1788 873 conviciosa
1827 824 1926 872 duo

235 900 426 960 posuit3
479 898 605 945 dixit
655 898 786 945 enim
834 897 1100 959 perfidum,
1153 897 1279 945 dixit
1327 897 1586 947 Rutulum.
1672 898 1928 961 premebat

235 988 346 1034 nos,
377 973 570 1034 inquit,
602 971 759 1020 hostis
793 973 943 1034 atque
974 972 1169 1019 utinam
1200 971 1449 1034 aliquanti
1479 973 1664 1020 meriti!
1716 972 1929 1036 urgebat
1959 987 2001 1019 ιο

234 1046 387 1107 ferro,
426 1045 640 1110 urgebat
677 1048 728 1094 et
765 1046 999 1107 fiammis,
1038 1047 1097 1092 ut
1134 1046 1402 1109 naufmgia
1442 1045 1500 1094 de
1539 1045 1680 1094 nobis
1714 1046 1929 1094 efficeret

238 1123 326 1168 aut
365 1119 654 1182 absumptas
686 1119 885 1184 ignibus
925 1121 975 1167 in
1018 1119 1204 1168 cineres
1243 1122 1480 1182 verteret,
1519 1119 1606 1168 sed
1636 1120 1758 1168 haec
1787 1136 1928 1182 prae-

234 1195 461 1243 venimus
511 1194 747 1258 fugiendo
798 1195 976 1242 melius
1022 1193 1342 1242 aestimantes
1386 1193 1678 1257 abrumpere
1725 1194 1927 1256 conpul—

236 1284 314 1317 sas
354 1268 555 1317 vincula
593 1270 684 1316 tua
723 1284 876 1330 quam
914 1268 978 1316 ad
1016 1270 1275 1316 interitum
1313 1284 1578 1316 remanere.
1654 1271 1803 1331 teque
1841 1283 1930 1331 per

236 1358 422 1406 aequor
453 1343 755 1404 quaerimus:
796 1359 946 1404 quam
978 1342 1178 1391 difficile
1210 1345 1286 1391 est
1317 1342 1493 1406 quaeri
1522 1358 1928 1405 unumquemque
1961 1355 2002 1389 15

234 1433 323 1480 per
352 1433 511 1478 mare,
542 1417 593 1464 in
626 1433 724 1478 quo
754 1418 899 1464 tanta
930 1417 1145 1464 latitudo
1179 1419 1274 1478 est,
1306 1432 1395 1464 nec
1427 1416 1542 1465 sciri
1573 1433 1674 1478 qua
1703 1417 1757 1464 in
1787 1418 1929 1479 parte

234 1491 443 1554 reperiri
480 1491 667 1540 valeat!
745 1494 965 1553 quantus
1005 1507 1144 1539 amor
1183 1492 1407 1539 ostensus
1454 1492 1529 1539 est
1573 1493 1715 1539 tanto
1761 1490 1930 1539 labore

131 1578 217 1618 235
236 1566 486 1627 suscepto!
574 1565 700 1613 hane
742 1565 957 1626 qenetrix
1003 1565 1180 1624 faciem
1224 1566 1458 1612 miserata
1502 1565 1668 1625 refecit
1712 1567 1757 1612 et
1801 1565 1933 1612 dedit

236 1654 336 1687 esse
368 1640 510 1687 deas:
542 1638 606 1687 ad
635 1641 831 1687 tantam
863 1639 1255 1700 desperationem
1286 1638 1525 1700 venimus,
1550 1641 1610 1687 ut
1633 1637 1768 1701 quod
1791 1638 1927 1687 vides

235 1730 334 1761 non
383 1715 552 1762 nostro
603 1712 828 1777 ingenio,
884 1713 969 1761 sed
1023 1712 1192 1761 divina
1243 1712 1563 1761 miseratione
1615 1729 1928 1760 mereremur.
1960 1726 2002 1758 20
2049 1771 2050 1774 Ἴ

237 1789 460 1851 genetrix
508 1787 660 1848 enim,
705 1788 798 1835 hoo
845 1789 920 1835 est
959 1787 1104 1835 deum
1141 1789 1322 1849 mater,
1359 1787 1488 1835 hanc
1526 1786 1668 1835 nobis
1706 1786 1930 1850 inposuit

235 1863 449 1910 formam
502 1863 551 1909 et
605 1878 664 1908 ex
715 1861 1009 1910 mortalibus
1063 1862 1344 1909 inmortalis
1399 1861 1572 1909 effecit.
1665 1874 1929 1920 aevumque

237 1937 422 1997 aqitare
460 1936 550 1982 sub
581 1935 742 1983 undis.
805 1951 836 1983 a
874 1935 1122 1983 contrario
1165 1935 1406 1998 positum3
1445 1951 1596 1984 naves
1637 1935 1766 1982 enim
1802 1951 1927 1982 mer-

235 2011 442 2073 guntur,
480 2015 537 2056 ut
575 2012 802 2071 pereant,
841 2010 966 2058 istae
1005 2025 1193 2057 mersae
1233 2012 1370 2070 sunt,
1411 2012 1470 2058 ut
1501 2009 1779 2058 evaderent.
1842 2009 1926 2056 ad-

237 2085 435 2148 signata
489 2098 700 2144 persona
750 2098 840 2131 sua
894 2086 944 2132 et
997 2084 1130 2131 edito
1187 2099 1306 2132 casu
1361 2099 1459 2146 quo
1520 2083 1768 2146 nymphae
1823 2098 1926 2131 esse
1959 2074 2033 2127 25¹

235 2159 507 2221 potuerunt
544 2157 723 2219 incipit
759 2158 940 2206 referre
979 2157 1100 2220 quid
1140 2161 1342 2221 agatur,
1388 2159 1446 2206 ut
1491 2159 1730 2219 appareat
1775 2172 1926 2219 quare

236 2232 416 2279 dixerit
455 2233 504 2279 et
540 2231 661 2279 velis
701 2231 895 2280 inmitte
935 2232 1172 2281 rudentis,
1257 2235 1308 2280 at
1336 2246 1465 2292 puer
1501 2229 1751 2279 Ascanius
1787 2245 1927 2278 muro

235 2307 474 2366 fossisque
504 2309 711 2352 tenetur:
749 2307 963 2368 primam
995 2321 1195 2354 causam
1226 2306 1418 2354 inmisit
1448 2304 1634 2354 Ascani
1666 2304 1926 2353 ostendens

238 2396 395 2442 spem,
450 2379 710 2428 ostendens
764 2383 974 2428 metum:
1029 2396 1187 2443 spem,
1239 2396 1299 2428 ne
1353 2380 1524 2427 eadem
1578 2379 1768 2426 animos
1823 2379 1926 2426 eius

237 2455 511 2518 frangeret,
558 2455 768 2514 metum,
818 2456 876 2502 ut
924 2455 1185 2503 festinaret
1235 2454 1476 2502 auxilium
1528 2453 1676 2514 ferre,
1726 2469 1786 2500 ne
1842 2454 1929 2514 qui
1959 2464 2025 2506 30,

356 2631 382 2669 6
406 2625 682 2681 praecipites
704 2623 746 2667 V
774 2624 845 2668 ed.
969 2629 992 2668 7
1027 2630 1067 2669 te
1099 2639 1212 2681 quae
1242 2624 1296 2669 R.
1421 2628 1473 2667 11
1515 2623 1816 2680 naufraqium
1856 2623 1926 2666 ed.

239 2690 291 2727 12
326 2685 577 2739 absumptis
608 2683 678 2727 ed.
803 2688 856 2726 13
889 2685 1197 2728 existimantes
1228 2684 1298 2727 ed.
1347 2683 1351 2741 Ι
1402 2683 1644 2738 conpulsus
1667 2682 1710 2726 V
1741 2696 1829 2726 om.
1855 2681 1926 2726 ed.

240 2748 294 2787 14
336 2749 492 2799 taeque
527 2742 582 2785 V.
718 2746 771 2785 15
814 2745 973 2798 quaeri
1006 2742 1092 2786 VR
1133 2756 1344 2799 quaerere
1386 2741 1457 2785 ed.
1596 2747 1649 2786 16
1695 2743 1810 2786 seire
1855 2741 1926 2784 ed.

240 2807 292 2846 17
324 2804 521 2858 reperire
545 2801 629 2844 VR
661 2815 773 2845 corr.
801 2801 873 2845 ed.
977 2806 1033 2844 20
1066 2807 1108 2846 et
1138 2803 1298 2846 divina
1322 2800 1407 2844 VR
1437 2801 1514 2844 sed
1545 2801 1588 2844 d.
1622 2800 1693 2844 ed.
1800 2804 1856 2843 22
1888 2805 1931 2845 et

236 2876 292 2905 ex
321 2861 362 2903 R
393 2867 434 2905 et
464 2875 552 2904 om.
578 2860 620 2904 V
651 2874 705 2904 ac
735 2874 790 2905 ex
821 2860 892 2903 ed.
1016 2866 1071 2905 24
1111 2861 1350 2906 evaderent
1378 2859 1463 2903 VR
1501 2874 1563 2903 ev.
1595 2859 1821 2917 nymphae
1856 2859 1926 2902 ed.
1990 2875 1994 2878 ·

238 2925 292 2963 27
326 2921 446 2964 dixit
469 2919 509 2963 V
541 2920 633 2965 dia?
655 2920 696 2963 R
727 2920 896 2963 dixerit
926 2919 997 2963 ed.
1092 2924 1145 2963 29
1178 2919 1497 2975 ostendensque
1529 2919 1600 2962 ed.
1694 2922 1749 2962 30
1780 2918 1929 2972 ferens

239 2979 309 3023 ed.
362 2980 366 3037 ᾖ
418 2993 473 3023 ne
504 2980 583 3035 qui
613 2980 654 3022 R
683 2992 825 3034 neque
849 2977 890 3021 V
914 2979 985 3023 ed.
