2050 3226
4 539 18 573 ι,

7 602 16 616 “
104 617 123 650 5

81 990 123 1022 10

79 1361 121 1394 15

77 1731 121 1764 20

77 2100 118 2133 25

801 167 1108 213 AENEIDOS
1139 167 1202 212 lx
1740 173 1849 226 229

154 310 271 356 tem.
331 307 502 356 Aletes
541 308 736 372 galeam
775 310 1050 372 permutat,
1080 308 1174 357 hoc
1205 309 1281 357 est
1311 307 1588 357 dominium
1627 311 1759 372 quod
1796 311 1850 360 in

157 398 215 431 ea
251 381 429 430 habuit
464 382 718 431 transfert.
776 383 1009 442 protinus
1047 383 1229 431 armati
1263 383 1513 439 incedunt,
1546 397 1664 442 quos
1694 386 1851 433 omnis

156 457 314 504 euntis
342 457 621 516 primorum
657 471 837 505 manus
876 456 942 505 ad
981 460 1174 517 portas,
1213 457 1536 516 iuvenumque
1573 471 1848 518 senwmque,

147 530 460 590 prosequitur
496 532 642 578 votis:
695 546 818 594 quos
870 533 1028 580 omnis
1080 530 1242 579 euntis
1294 546 1406 578 cum
1451 533 1851 594 pronuntiamuS,

154 619 384 667 separare
431 603 661 653 debemus
714 620 838 666 quos
891 606 942 652 et
990 620 1181 653 moram
1229 605 1413 666 facere,
1468 605 1644 654 dehinc
1691 605 1850 655 dicere

155 677 313 726 omnis
367 678 530 727 euntis
584 680 859 741 primorum
911 694 1087 727 manus
1144 678 1206 727 ad
1266 680 1461 742 portas,
1513 679 1849 743 iuvenumque

154 767 441 814 senumque.
503 753 544 801 si
575 753 708 801 enim
739 753 799 800 de
832 753 1023 803 duobus
1055 753 1323 802 dixerimus
1348 768 1472 815 quos
1497 753 1671 815 omnis,
1701 754 1850 803 facie-

153 841 262 874 mus
300 825 483 875 vitium
527 827 659 875 male
705 827 1099 890 pronuntiando,
1145 830 1204 876 ut
1249 827 1470 876 dicamus
1519 843 1642 891 quos
1689 830 1850 877 omnis

153 901 316 949 euntis
358 902 444 964 qui
482 901 686 950 fuerunt
723 901 837 949 duo.
899 901 1119 951 ordinari
1157 904 1323 949 autem
1363 901 1508 950 debet
1546 917 1716 951 sensus
1756 904 1850 952 sic:

153 990 277 1037 quos
302 974 481 1036 euntis,
512 975 565 1023 id
589 977 664 1024 est
686 975 961 1038 Euryalum
992 978 1043 1024 et
1064 976 1259 1037 Nisum,
1291 978 1580 1039 primorum,
1605 978 1655 1024 et
1679 993 1850 1026 senum

153 1052 204 1097 et
246 1049 506 1111 iuvenum,
553 1050 713 1098 omnis
758 1066 959 1111 manus,
1008 1051 1101 1099 hoc
1149 1051 1224 1098 est
1254 1050 1535 1099 vmultitudo
1575 1050 1639 1099 ad
1677 1053 1848 1114 portas

152 1123 283 1172 votis
306 1123 642 1186 prosequitur,
674 1126 853 1187 optans
877 1125 1068 1173 scilicet
1089 1124 1235 1173 bona.
1296 1124 1446 1187 primi
1478 1140 1560 1173 eos
1584 1140 1847 1189 proseque-

152 1197 357 1259 bantur,
412 1197 475 1246 ad
523 1214 647 1260 quos
697 1214 818 1246 cura
867 1198 1150 1261 pertinebat
1199 1199 1250 1246 et
1298 1214 1492 1247 summa
1540 1201 1848 1248 tractatuum

151 1271 487 1334 publicorum,
517 1271 718 1321 iuvenes
750 1289 891 1334 vero,
923 1272 1100 1336 quibus
1134 1272 1295 1320 adhuc
1324 1273 1492 1321 fuerat
1521 1273 1847 1322 laborandum

153 1348 202 1394 et
240 1345 588 1395 excitabantur
634 1347 880 1410 exemplo,
924 1362 1062 1395 senes
1101 1362 1240 1408 vem,
1289 1347 1377 1409 qui
1416 1348 1657 1411 quicquid
1694 1348 1847 1397 Nisus

153 1422 203 1468 et
241 1420 489 1483 Euryalus
528 1421 729 1470 fuerant
767 1420 991 1485 adgressi
1028 1421 1342 1470 mirabantur
1379 1437 1570 1471 omnes:
1610 1438 1727 1487 ergo
1760 1422 1849 1471 isti

151 1495 282 1543 votis
333 1494 762 1557 prosequebantur
811 1495 932 1544 duos
984 1498 1035 1544 et
1082 1494 1145 1544 ad
1190 1496 1382 1544 incerta
1428 1496 1693 1560 pergentis.
1762 1512 1850 1545 nee

151 1583 250 1616 non
288 1571 331 1616 et
352 1569 557 1629 pulcher
585 1569 733 1617 Iulus
771 1573 883 1618 ante
920 1584 1078 1618 annos
1117 1571 1430 1630 animumque
1455 1585 1627 1631 yerens
1658 1586 1848 1620 curam-

152 1657 241 1702 que
269 1643 460 1691 virilem
488 1643 644 1692 multa
665 1645 806 1703 patri
835 1644 1076 1692 mandata
1106 1644 1258 1692 dabat
1278 1645 1554 1704 portanda:
1593 1646 1847 1710 egregium

150 1719 408 1766 inventum
460 1719 519 1766 ut
564 1733 594 1766 a
648 1719 823 1767 ceteris
869 1720 1183 1780 separaretur
1228 1718 1496 1782 Ascanius3
1542 1722 1672 1768 esset
1715 1719 1847 1768 enim

150 1807 390 1855 magnum
435 1794 613 1855 poetae
654 1791 855 1854 vitium,
903 1793 948 1842 si
984 1793 1115 1841 hunc
1159 1792 1402 1842 universis
1450 1796 1714 1856 aequasset
1759 1796 1847 1856 qui

152 1866 433 1927 specialiter
461 1865 515 1913 in
547 1881 698 1915 causa
728 1867 887 1930 patris
921 1882 1024 1916 esse
1056 1867 1320 1916 sollicitior
1342 1866 1528 1916 debuit.
1582 1870 1678 1917 etsi
1708 1884 1846 1931 puer,

150 1940 330 2002 inquit,
362 1939 606 1990 Ascanius
638 1940 750 2003 fuit,
779 1943 948 1990 tamen
979 1944 1094 1990 ante
1126 1943 1343 1990 aetatem
1373 1957 1642 2006 congruam
1673 1945 1846 2007 tange·

150 2013 301 2062 batur
322 2014 558 2063 iuvenum
582 2030 716 2077 cura,
748 2032 901 2078 quam
931 2016 1197 2065 necessitas
1220 2015 1452 2079 ponebat.
1503 2017 1653 2066 dabat
1684 2017 1845 2065 multa

150 2089 389 2136 mandata
413 2104 539 2150 quae
562 2089 809 2138 ferrentur
832 2090 896 2139 ad
926 2092 1134 2152 patrem,
1172 2091 1257 2139 sed
1287 2105 1442 2138 aurae
1472 2092 1637 2139 omnia
1669 2092 1845 2139 discer-

144 2166 273 2222 punt
310 2166 352 2210 et
389 2164 601 2211 nubibus
641 2164 794 2213 inrita
832 2165 1039 2212 donant:
1090 2164 1176 2212 ille
1224 2165 1422 2227 quidem
1469 2165 1727 2228 praecipui
1771 2166 1845 2213 fili

150 2236 378 2299 partibus
425 2237 747 2301 fungebatur,
787 2239 874 2287 sed
910 2241 1076 2287 totum
1121 2238 1229 2288 ibat
1274 2241 1327 2287 in
1373 2238 1526 2288 nubes
1567 2241 1616 2288 et
1653 2241 1843 2301 ventos,

151 2311 389 2373 quoniam
426 2327 540 2359 mox
578 2312 778 2360 fuerant
815 2312 1039 2375 perituri.
1415 2331 1420 2335 ·

270 2458 293 2496 1
326 2454 789 2509 Aletes—permutat
816 2452 1143 2510 interpretatio
1176 2457 1267 2509 est,
1300 2455 1382 2499 sed
1413 2454 1553 2499 rubro
1582 2454 1733 2499 colore
1757 2468 1841 2510 pro

149 2511 368 2556 lemmate
401 2512 589 2568 scripsit
610 2512 664 2556 V.
767 2517 792 2556 3
823 2527 1066 2570 senumque
1096 2528 1184 2558 om.
1210 2513 1265 2558 V.
1362 2519 1388 2558 5
1421 2528 1530 2570 quos
1561 2519 1603 2558 et
1625 2514 1666 2557 V
1697 2515 1843 2558 omm's

148 2571 371 2627 interpos.
404 2571 475 2615 ed.
577 2577 601 2615 6
635 2573 847 2616 omnis—
867 2576 893 2616 8
919 2574 1066 2618 omnis
1096 2587 1185 2617 om.
1210 2573 1282 2617 ed.
1384 2578 1407 2616 7
1441 2574 1616 2618 duobus
1638 2572 1680 2616 V
1711 2573 1766 2617 de
1796 2573 1839 2616 d.

148 2644 245 2674 nos,
370 2635 423 2674 12
459 2632 605 2687 primi
638 2630 679 2674 V
714 2633 901 2688 patriae
939 2632 1010 2676 ed.
1137 2637 1190 2676 14
1220 2646 1323 2678 vero
1355 2647 1443 2676 om.
1469 2633 1539 2676 ed.
1672 2637 1725 2675 15
1766 2645 1841 2676 ex-

148 2690 377 2735 citabatur
399 2689 442 2733 V
467 2704 580 2734 corr.
607 2690 678 2733 ed.
720 2691 724 2748 Ι
767 2691 984 2747 quicquid
1005 2690 1047 2735 V
1065 2691 1136 2735 ed.
1162 2694 1242 2748 qui
1264 2707 1302 2748 q.
1328 2706 1425 2736 nos.
1527 2695 1580 2734 19
1605 2691 1842 2747 portanda

1867 545 1953 586 310

149 2749 292 2793 dabat
335 2750 557 2794 ‘mandata
608 2750 679 2793 ed.
740 2750 743 2803 Ι
800 2752 908 2805 post
950 2751 1187 2806 portanda
1234 2753 1455 2806 quattuor
1500 2764 1656 2794 versus
1702 2764 1840 2806 prop·
1907 2791 1910 2796 .

148 2809 222 2851 ter
257 2807 555 2853 membranae
592 2809 870 2853 tenuitatem
902 2810 1037 2854 vacui
1067 2810 1117 2853 in
1143 2810 1198 2854 V.
1322 2815 1376 2854 22
1408 2810 1600 2854 sollitior
1623 2809 1664 2852 V
1695 2811 1842 2866 mayis

148 2867 369 2912 sollicitus
408 2868 479 2911 ed.
601 2873 657 2911 24
689 2869 903 2912 iuvenum
926 2868 968 2911 V
999 2871 1201 2914 virorum
1240 2869 1311 2913 ed.
1364 2871 1367 2875 “
1427 2869 1842 2924 quam—ponebat

148 2927 327 3030 gengegg
360 2929 474 2971 mut.
512 2927 583 2971 ed.
707 2931 762 2970 28
801 2929 1014 2983 quoniam
1046 2928 1088 2972 V
1123 2930 1283 2973 etenim
1315 2928 1386 2971 ed.
1440 2932 1443 2985 Ι
1502 2941 1606 2972 mox
1629 2926 1670 2970 V
1702 2943 1758 2972 m.
1791 2929 1841 2971 hi
