2050 3226
779 177 1084 224 AENEIDos
1115 177 1179 223 XI
1718 181 1826 234 447

132 319 371 369 rentibus.
446 318 764 381 reprehendit
823 335 941 384 ergo
994 317 1291 367 Latinorum
1343 319 1636 379 tractatum,
1694 319 1830 381 quod

132 394 306 443 relicto
337 393 473 456 pacis
512 394 693 441 veteris
737 392 992 443 commodo
1025 393 1091 441 ad
1112 392 1366 441 funestam
1395 393 1447 440 et
1475 391 1578 440 suis
1602 392 1829 454 partibus

132 467 387 516 inimicam
417 466 637 515 bellandi
668 467 952 531 cupidinem
986 482 1163 516 scaeva
1194 465 1518 530 dispositione
1549 466 1831 515 transducti

133 544 274 602 sunt,
311 542 405 590 hoc
443 541 680 603 deteriuS‚
720 542 854 604 quod
890 542 1190 591 lacesserent
1227 556 1310 590 eos
1342 556 1556 604 quorum
1593 539 1831 589 virtutem

82 630 102 663 5
133 616 396 679 fatumque
418 615 677 664 nescirent.
727 617 919 665 interea
948 617 1173 678 persistit
1201 615 1255 663 in
1285 630 1344 663 eo
1375 617 1426 663 et
1457 614 1695 663 admirari
1725 630 1829 663 sese

12 682 14 685 ⁴
133 689 387 738 evidenter
432 689 652 739 ostendit
690 705 790 751 quo
833 690 1035 738 illorum
1072 689 1265 738 felicior
1302 689 1505 737 fortuna
1548 690 1830 752 migrasset,

131 763 262 812 unde
312 779 338 811 e
390 764 640 813 contrario
691 764 902 812 adversa
951 764 1312 813 successissent.
1381 762 1681 825 requirentis
1735 780 1831 812 vox

130 838 232 886 ista
278 838 476 886 videtur
522 853 647 899 esse,
694 837 780 886 sed
826 854 926 887 non
973 840 1069 900 est,
1117 838 1238 901 quin
1283 838 1454 901 potius
1505 836 1829 902 obiurgantiS.

131 914 341 961 noverat
371 914 557 975 quippe
598 914 650 961 et
687 929 746 960 ex
775 913 854 961 his
887 928 1014 975 quae
1044 911 1343 975 petebantur
1372 911 1687 960 intellexerat
1715 911 1829 960 illos

11 982 15 1028 ζ
59 1000 105 1034 1ο
132 986 385 1034 adfectum
414 987 628 1035 retinere
659 986 939 1050 pugnandi3
970 1003 1087 1035 nam
1115 986 1204 1050 qui
1234 986 1478 1034 auxilium
1507 986 1635 1049 petit
1656 987 1832 1049 procul

11 1062 29 1126 ’ᾖ
132 1060 281 1109 dubio
329 1060 453 1123 quid
497 1061 684 1125 cogitet
729 1062 810 1109 vel
859 1061 980 1123 quid
1024 1063 1170 1124 paret
1213 1060 1447 1109 ostendit.
1521 1061 1623 1109 ista
1663 1062 1831 1109 tamen

12 1129 29 1257 ἶ
132 1134 415 1198 obiurgatio
454 1134 687 1183 benivola
732 1135 894 1199 magis
934 1150 1084 1197 quam
1128 1134 1370 1184 iniuriosa
1415 1135 1511 1197 est;
1561 1150 1661 1182 non
1699 1136 1832 1183 enim

12 1261 19 1274 ἱ
133 1207 299 1257 decuit
337 1224 509 1272 aspere
547 1208 841 1272 reprehendi
879 1224 1003 1271 quos
1043 1210 1146 1258 sine
1187 1209 1362 1257 effectu
1402 1209 1564 1271 optati
1598 1208 1832 1257 desiderii

13 1279 25 1420 g
131 1282 300 1331 fuerat
335 1284 645 1332 remissurus.
699 1283 939 1346 conpletis
977 1282 1194 1333 breviter
1222 1282 1480 1346 principiis
1518 1282 1832 1345 probandum

14 1421 26 1525 Ξ

13 1352 25 1396 ζ
60 1370 101 1402 15
132 1356 231 1405 fuit
274 1357 589 1406 incommoda
626 1358 896 1420 postmlari‚
943 1357 1077 1420 quod
1120 1357 1287 1420 ipsum
1327 1359 1472 1406 tanta
1517 1355 1705 1406 virtute
1746 1357 1830 1406 ad-

133 1432 305 1492 struit,
343 1434 402 1480 ut
430 1432 524 1480 hoc
559 1447 659 1479 non
689 1431 1030 1495 disputatione
1061 1431 1311 1492 fabulosa,
1343 1431 1429 1479 sed
1459 1431 1696 1494 exemplis
1727 1433 1829 1481 suis

131 1507 183 1553 et
204 1505 418 1554 veritate
450 1506 718 1554 confirmet.
773 1505 895 1569 quid
919 1508 1087 1554 autem
1110 1504 1342 1569 ponderis
1372 1505 1555 1554 habeat
1585 1505 1830 1555 dissuasio

133 1578 194 1627 ab
245 1595 301 1627 eo
348 1579 608 1643 proposita
654 1579 743 1643 qui
787 1595 966 1642 passus
1016 1582 1092 1628 est
1135 1580 1259 1628 haut
1305 1579 1507 1628 difficile
1553 1582 1629 1629 est
1672 1596 1830 1630 nosse.

131 1654 350 1716 suscepit
395 1654 555 1718 igitur
597 1654 725 1702 hanc
771 1656 968 1717 partem
1013 1656 1064 1703 et
1099 1654 1192 1702 hoc
1231 1655 1449 1716 primum
1495 1654 1646 1703 deicit
1690 1654 1829 1704 cuius

58 1741 102 1773 20
129 1727 314 1776 fiducia
338 1727 661 1777 ducebantur.
708 1729 994 1788 quicumque
1008 1725 1192 1776 Iliacas
1214 1731 1346 1788 ferro
1369 1728 1661 1777 violavimus
1687 1744 1831 1790 ayros
1848 1741 1933 1781 255

132 1799 286 1861 (mitto
318 1816 376 1850 ea
403 1817 526 1863 quae
558 1803 713 1851 muris
736 1803 957 1851 bellando
989 1802 1223 1851 exhausta
1246 1803 1336 1850 sub
1361 1802 1495 1859 altis,
1513 1817 1632 1862 quos
1652 1803 1831 1852 Simois

127 1879 321 1936 premat
355 1877 437 1924 ille
473 1877 628 1937 viros)
666 1877 884 1937 infanda
915 1891 1007 1938 per
1044 1878 1205 1925 orbem
1238 1877 1482 1937 supplicia
1520 1879 1564 1924 et
1599 1878 1831 1925 scelerum

122 1963 313 2009 poenas
344 1951 660 2010 expendimus
689 1965 878 1999 omues:
914 1966 1048 2013 reor,
1087 1950 1274 2014 inquit,
1314 1966 1400 1999 vos
1437 1950 1665 2000 didicisse
1695 1951 1832 2000 fama

132 2025 359 2072 currente
398 2040 475 2072 me
514 2024 644 2074 bello
685 2025 923 2074 acerrimo
970 2026 1024 2072 in
1062 2024 1186 2074 Asia
1228 2025 1493 2074 certavisse
1532 2027 1583 2074 et
1619 2025 1829 2075 forsitan

58 2110 100 2143 25
131 2097 224 2145 hac
263 2098 401 2146 ducti
446 2098 641 2148 ratione
686 2100 920 2161 venistis,
972 2098 1107 2162 quod
1151 2098 1370 2161 proclive
1417 2101 1547 2148 esset
1590 2099 1830 2149 adversus

130 2173 320 2220 veteres
359 2171 586 2221 inimicos
624 2173 798 2237 largiri
836 2173 1130 2222 subsidium.
1195 2189 1295 2221 non
1332 2173 1461 2222 illud
1497 2172 1705 2236 bellum,
1744 2175 1831 2223 sed

133 2246 448 2310 sacrilegium
471 2247 593 2309 fuit3
618 2246 802 2310 quippe
819 2248 1141 2296 violationem
1163 2246 1318 2308 illam,
1333 2263 1433 2296 non
1450 2247 1828 2296 debellationem

131 2320 391 2384 regionum
422 2321 599 2370 Troiae
636 2323 756 2370 tunc
787 2322 940 2370 fuisse
980 2323 1271 2370 cunctorum
1301 2321 1392 2384 qui
1422 2323 1660 2371 scelerata
1691 2338 1830 2371 arma

133 2394 436 2456 sumpsimus
476 2395 672 2444 diversa
709 2398 760 2444 et
797 2395 1026 2444 universo
1067 2395 1175 2444 orbi
1219 2397 1422 2460 cognita
1459 2396 1705 2459 supplicia
1745 2396 1827 2444 do-

14 1902 27 2023 ἒ

16 2087 27 2118 Ι

253 2525 279 2564 3
311 2523 607 2578 cupiditatem
638 2521 709 2566 ed.
747 2522 752 2580 Ι
786 2536 922 2566 saeva
952 2522 1024 2567 ed.
1116 2528 1144 2566 4
1174 2528 1283 2567 suut
1304 2522 1348 2565 V
1371 2523 1442 2568 ed.
1474 2524 1595 2567 siut?
1688 2527 1713 2566 5
1746 2523 1829 2566 ad-

132 2581 319 2624 miraris
357 2595 448 2625 esse
481 2581 523 2624 V
554 2581 783 2626 admirari
814 2595 860 2625 se
898 2581 970 2626 ed.
1094 2586 1117 2625 7
1149 2584 1462 2627 successissent
1484 2582 1526 2625 V
1557 2581 1743 2635 melius,
1775 2586 1829 2625 ut

132 2638 337 2694 videtur,
371 2646 461 2685 -set
492 2639 609 2694 eff,
643 2640 725 2684 sed
757 2640 815 2684 cf.
841 2644 925 2683 271
951 2641 1156 2687 adversa.
1193 2642 1198 2699 Ι
1233 2643 1468 2686 renitentis
1491 2641 1534 2684 V
1559 2641 1624 2697 (in
1647 2643 1827 2695 rasura)

134 2698 205 2741 ed.
237 2700 474 2744 retinentis
505 2699 547 2742 H
584 2700 855 2755 requirentis
892 2713 989 2744 nos,
1111 2705 1137 2744 8
1175 2701 1255 2746 sed
1288 2700 1331 2744 V
1369 2707 1420 2745 at
1458 2700 1528 2744 ed
1580 2700 1584 2758 Ι
1644 2702 1756 2756 quin
1786 2700 1829 2743 V

133 2757 211 2801 sed
242 2757 312 2801 ed.
436 2763 462 2802 9
495 2764 536 2803 et
566 2761 796 2814 transpos.
830 2758 901 2802 ed.
945 2759 950 2817 Ι
999 2761 1235 2816 petebatur
1258 2759 1300 2802 V
1333 2774 1446 2803 corr.
1479 2759 1550 2803 ed.
1601 2761 1602 2764 ’
1653 2760 1828 2804 intelle-

133 2822 255 2873 geret
298 2816 340 2859 V
395 2823 553 2863 -aeerat
598 2832 680 2861 nos
736 2819 830 2875 -9it
877 2818 948 2863 ed.
1089 2824 1142 2863 10
1188 2821 1298 2876 quia
1338 2818 1380 2862 V
1426 2820 1505 2875 qui
1551 2832 1663 2861 corr.
1710 2818 1826 2863 edF.

138 2879 192 2918 13
224 2877 384 2931 effectu
406 2876 448 2920 V
480 2878 558 2932 aff.
594 2877 880 2921 edF.17
914 2878 1121 2923 desuasio
1147 2879 1200 2922 V
1322 2882 1376 2920 18
1409 2883 1490 2922 aut
1520 2891 1604 2933 pro
1636 2878 1750 2922 haut
1771 2877 1827 2921 V.

137 2937 191 2976 19
223 2935 360 2979 deicit
382 2934 424 2979 V
455 2937 569 2981 dicit
599 2936 668 2980 ed.
756 2940 811 2981 25
843 2937 922 2982 sed
943 2936 986 2980 V
1010 2938 1079 2982 ed.
1106 2938 1227 2994 quod
1250 2951 1348 2981 nos.
1441 2941 1497 2979 28
1530 2938 1763 2993 reqionum
1786 2936 1829 2980 V

137 3006 263 3037 -nem
295 2994 366 3037 ed.
401 2996 503 3039 -m's
534 2995 605 3039 ed.
639 2996 757 3051 post.

14 2343 26 2787 2-45-2—r-a0v-r-*a1-2,
15 2216 23 2281 -v
16 2173 19 2178 —
14 2046 24 2093 ἡ
