2050 3226
93 1019 136 1052 10

93 1387 134 1420 15

90 1757 134 1790 20

90 2126 132 2160 25

89 2496 133 2529 30

814 195 1119 241 AENEIDOS
1150 195 1214 240 IX
1752 199 1857 253 251

169 339 493 402 agnoscerent
531 339 582 385 et
620 336 859 386 dolerent.
935 339 1132 396 atroque
1172 337 1377 395 fluentia
1407 337 1542 385 tabo:
1580 352 1707 400 quae
1744 337 1862 386 tabo

169 413 402 475 corrupta
441 412 645 476 agnosci
692 427 791 459 non
829 412 1034 474 possent
1078 409 1176 459 nisi
1215 409 1277 459 ab
1315 411 1395 460 his
1443 411 1530 473 qui
1568 426 1627 459 ea
1664 413 1863 473 penitus

166 488 382 535 nossent.
464 485 516 534 in
564 500 620 533 eo
668 487 835 534 autem
881 484 1120 534 Troianos
1167 483 1310 533 dolor
1355 484 1591 549 angebat,
1642 484 1775 547 quod
1814 488 1863 534 et

166 561 284 609 talis
316 560 449 609 viros
488 559 823 623 perdidissent
861 561 911 607 et
948 559 1076 606 nihil
1114 557 1293 607 fuisset
1324 558 1520 607 Aeneae
1559 558 1861 607 nuntiatum.

283 634 486 682 Interea
534 634 778 694 pavidam
830 633 1041 682 volitans
1078 633 1295 693 pinnata
1332 647 1427 694 per
1470 634 1641 681 urbem
1686 634 1862 681 nuntia

165 709 332 756 Fama
380 709 482 756 ruit
528 706 822 770 [matrisque
868 707 1119 756 adlabitur
1164 707 1304 755 auris
1348 705 1593 768 Euryali]
1601 724 1617 755 .·
1666 708 1862 770 poetica
1878 717 1963 756 475

167 780 456 844 descriptio,
526 784 743 830 ceterum
796 782 1031 829 nuntium
1092 781 1216 830 dicit
1270 779 1333 830 ad
1385 784 1598 829 matrem
1650 781 1862 844 Euryali

166 856 447 919 pervenisse
487 871 586 918 quo
633 856 794 904 filium
841 857 989 904 sciret
1035 856 1262 904 occisum.
1340 858 1392 904 at
1428 856 1618 904 subitus
1655 857 1862 904 miserae

166 931 299 978 calor
335 944 449 979 ossa
486 931 702 991 reliquit:
748 930 998 980 subitatus
1045 930 1191 978 ferali
1234 930 1413 977 nuntio
1460 929 1680 992 corporis
1727 930 1863 979 calor

166 1004 387 1068 deriguit
425 1006 475 1052 et
511 1004 719 1067 reliquit
757 1020 870 1054 ossa
909 1005 1176 1067 torpentia.
1239 1004 1428 1052 excussi
1468 1005 1700 1053 manibus
1728 1004 1863 1053 radii

163 1079 474 1138 revolutaque
507 1093 689 1140 pensa:
739 1078 882 1127 dolor
919 1080 1072 1139 enim,
1110 1078 1190 1127 vel
1227 1079 1442 1126 maxime
1481 1079 1765 1141 insperatus
1805 1094 1862 1127 ac

163 1152 476 1215 repentinuS‚
515 1168 692 1202 nervos
732 1154 838 1201 eius
876 1152 1195 1215 membraque
1234 1151 1542 1201 dissolverat.
1605 1153 1760 1201 evolat
1787 1153 1862 1200 in-

163 1227 296 1287 felix,
321 1229 496 1290 utpote
522 1243 650 1290 quae
676 1229 792 1276 ante
815 1227 975 1275 filium
1000 1227 1215 1275 occisum
1240 1226 1466 1290 conperit
1488 1242 1639 1289 quam
1663 1226 1862 1275 didicis-

165 1304 242 1350 set
265 1301 534 1350 absentem.
597 1305 639 1350 et
660 1302 867 1362 femineo
897 1301 1093 1349 ululatu
1115 1301 1272 1350 scissa
1296 1315 1481 1349 comam
1503 1316 1670 1349 muros
1694 1315 1862 1350 amens

166 1378 307 1435 atque
345 1377 547 1436 aymina
584 1390 732 1424 eursu
762 1376 934 1436 prima
963 1376 1109 1436 petit:
1154 1391 1263 1424 ecce
1301 1391 1430 1438 quae
1469 1375 1659 1424 faciunt
1694 1375 1860 1424 luctus

165 1452 214 1498 et
253 1449 447 1498 subitus
487 1450 650 1499 dolor:
702 1465 896 1512 amens,
940 1449 1129 1512 inquit,
1176 1450 1350 1498 effecta
1389 1451 1486 1511 est,
1534 1466 1593 1497 ex
1643 1451 1862 1498 amentia

162 1523 549 1573 inconsideratio
598 1524 777 1573 aetatis
825 1526 876 1572 et
920 1539 1062 1573 sexus
1102 1525 1324 1573 accessit.
1400 1523 1604 1586 petebat
1650 1523 1861 1586 denique

162 1613 330 1646 muros
377 1613 524 1648 cursu
573 1599 768 1661 capillis
815 1599 940 1647 fusis
980 1600 1031 1647 et
1067 1599 1307 1647 maximos
1346 1599 1571 1647 ululatus
1612 1599 1861 1647 attollens.

162 1687 262 1720 non
291 1672 382 1721 illa
411 1674 595 1730 virum,
635 1687 735 1722 non
764 1673 854 1721 illa
879 1673 1053 1733 pericli
1087 1673 1381 1733 telorumque
1417 1687 1622 1720 memor:
1659 1673 1862 1735 petebat
1877 1679 1964 1720 480

164 1746 463 1809 inpudenter
499 1763 689 1809 muros,
735 1763 836 1796 non
883 1747 1108 1811 cogitans
1157 1747 1261 1795 illic
1299 1747 1433 1796 viros
1475 1748 1741 1796 consistere
1781 1748 1861 1796 vel

165 1836 215 1869 se
270 1820 519 1870 incurrere
573 1822 848 1885 periculum
903 1836 1061 1884 posse.
1154 1837 1244 1870 cur
1312 1821 1444 1869 enim
1508 1820 1860 1870 detrimentum

164 1894 368 1957 pudoris
418 1896 712 1945 formidaret
761 1899 850 1945 aut
897 1898 1108 1944 mortem
1159 1911 1287 1958 quae
1338 1899 1453 1958 post
1500 1895 1662 1943 filium
1707 1896 1861 1944 talem

165 1968 399 2032 cupiebat
436 1970 692 2034 extingui?
763 1970 1047 2019 mirandum
1086 1985 1186 2018 non
1225 1972 1301 2018 est
1339 1969 1576 2018 feminam
1614 1971 1860 2034 gravioris

165 2044 348 2091 aetatis
394 2059 542 2093 cursu
591 2060 758 2094 muros
809 2044 1030 2108 potuisse
1082 2043 1428 2106 conscendere,
1479 2060 1631 2106 quam
1679 2045 1859 2093 mentis

163 2118 465 2180 permutatio
503 2118 557 2166 in
596 2119 816 2168 amentia
846 2119 1032 2168 fecerat
1061 2119 1242 2167 fortem
1274 2121 1324 2167 et
1353 2118 1465 2181 plus
1499 2117 1678 2167 audere
1710 2134 1861 2181 quam

164 2191 364 2240 deberet
410 2194 498 2240 aut
542 2195 724 2255 posset.
801 2194 988 2242 caelum
1034 2193 1205 2241 dehinc
1250 2194 1495 2252 questibus
1532 2193 1706 2254 inplet:
1751 2208 1858 2241 ecce

164 2267 315 2315 etiam
355 2282 474 2315 voce
513 2267 690 2316 fortior
737 2267 872 2316 facta
911 2270 987 2316 est
1025 2283 1083 2316 ex
1123 2267 1315 2329 dolore3
1364 2283 1579 2329 namque
1627 2267 1858 2329 querellis

164 2340 264 2388 suis
306 2341 557 2403 conplevit
596 2344 646 2390 et
684 2341 888 2390 caelum.
964 2342 1093 2390 hunc
1130 2355 1211 2402 eqo
1250 2345 1313 2398 te,
1353 2341 1596 2403 Euryale,
1644 2342 1859 2400 aspicio?

165 2414 228 2462 ad
258 2415 374 2476 hoc,
412 2415 600 2478 inquit,
640 2416 851 2464 deducta
890 2418 986 2477 est,
1025 2416 1265 2478 Euryale,
1304 2415 1573 2464 infelicitas
1612 2413 1756 2463 mea?
1796 2414 1860 2462 ad

163 2488 256 2536 hoe
293 2488 565 2538 incolumes
601 2491 890 2539 manserunt
929 2490 1062 2539 oculi
1091 2491 1211 2551 mei,
1250 2491 1308 2538 ut
1344 2492 1459 2552 post
1495 2489 1638 2537 illum
1678 2490 1858 2536 aetatis

163 2564 282 2610 tuae
330 2562 501 2611 florem
551 2565 682 2612 hunc
719 2567 768 2612 te
806 2563 1003 2613 videam
1047 2567 1230 2626 mater,
1278 2564 1372 2612 hoc
1422 2565 1496 2612 est
1546 2562 1760 2611 occisum
1810 2565 1860 2610 et

285 2724 308 2762 1
341 2719 542 2764 dolerent
564 2719 606 2763 V
637 2720 801 2765 darent
830 2720 902 2765 ed.
934 2721 1139 2766 viderent
1169 2720 1240 2764 ed.
1273 2721 1393 2776 post.
1506 2723 1530 2761 3
1562 2724 1756 2763 noscunt
1785 2718 1857 2762 ed.

166 2782 191 2820 6
229 2779 366 2822 verba
403 2793 487 2834 pro
519 2780 672 2823 Fama
702 2779 757 2824 V.
810 2779 814 2837 Ι
871 2780 1402 2836 matrisque—Euryali
1438 2778 1570 2822 deest
1607 2778 1657 2821 in
1687 2777 1743 2831 V,
1776 2778 1857 2821 sed

165 2837 440 2892 explicatur.
525 2842 552 2882 8
584 2839 647 2882 ad
669 2837 724 2882 V.
810 2843 835 2882 9
860 2839 1102 2884 subidatus
1125 2838 1166 2882 V
1190 2840 1365 2882 temere
1389 2839 1502 2880 mut.
1522 2837 1592 2881 ed.
1677 2840 1732 2880 10
1756 2850 1858 2881 ossa

165 2898 397 2951 turpentia
420 2896 461 2940 V
493 2911 531 2942 ο.
565 2899 663 2942 eius
693 2903 806 2954 torp.
840 2897 911 2941 ed.
1016 2902 1072 2942 20
1104 2898 1415 2954 imprudenter
1445 2896 1516 2941 ed.
1623 2900 1676 2939 21
1711 2909 1793 2940 eur
1816 2895 1858 2938 V

165 2955 394 3056 quidded.
517 2961 571 3000 22
616 2971 730 3013 quae
767 2956 810 3000 V
856 2971 993 3013 quum
1040 2957 1111 3001 ed.
1235 2961 1287 3000 31
1333 2961 1385 3000 ut
1424 2955 1704 3011 triumphum
1738 2954 1779 2998 V
1818 2960 1858 2999 et

165 3018 220 3057 tr.
255 3026 279 3057 e
318 3048 327 3057 .
