2050 3226
765 172 1069 219 AENEmos
1100 173 1142 217 x
1692 179 1798 232 371

109 330 214 364 eres
244 315 488 364 maximae
512 313 847 376 auctoritatis,
878 314 1086 378 ideoque
1113 313 1259 378 fingit
1286 315 1614 363 intentionem
1646 330 1803 379 suam,

108 391 167 438 ut
195 390 382 439 sentiat
402 388 631 452 Iuppiter
652 388 795 436 illam
832 388 1045 437 Rutulos
1071 388 1239 437 fovere
1260 388 1505 451 potuisse,
1536 388 1635 438 nisi
1654 390 1804 438 mari-

108 463 227 512 talis
249 463 436 528 vigoris
457 461 735 512 reverentia
756 462 1055 525 prohiberet.
1095 477 1245 527 aegra
1269 478 1401 525 sum,
1423 462 1612 526 inquit,
1637 465 1801 512 animo

14 559 21 600 't
107 540 160 587 et
182 536 543 602 aegritudinem
565 537 729 599 ipsam
752 535 899 585 dictis
921 536 1047 599 tuis,
1076 537 1278 599 marite,
1308 537 1645 600 conduplicaS.
1692 539 1801 600 pul—

12 606 19 670 1
59 626 80 662 s
108 613 406 661 cherrimum
430 611 558 659 dixit
578 626 679 659 non
702 626 928 673 corpore,
953 610 1038 660 sed
1060 613 1399 674 praestantem
1423 612 1587 660 animo
1613 614 1664 660 et
1685 628 1804 661 vera

13 675 19 684 ’
106 685 415 751 benignitate
438 686 654 749 pectoris
677 685 947 749 insignem3
993 685 1166 734 debuit
1196 685 1328 734 enim
1350 685 1615 735 verborum
1639 685 1802 736 officio

107 760 299 809 flectere
323 776 470 824 quem
492 759 597 808 iam
626 758 828 807 videbat
848 759 1176 808 Troianorum
1201 775 1305 808 esse
1329 760 1590 809 fautorem.
1639 763 1690 808 et
1711 763 1804 809 tua

106 835 274 883 tristia
305 835 462 896 dicta,
498 835 553 882 id
591 836 667 882 est
702 833 972 896 imperiosa
1006 837 1056 882 et
1087 849 1214 897 quae
1245 834 1554 897 prohibentis
1586 834 1805 883 habeant

105 909 289 972 minas3
320 909 616 957 meminerat
646 909 804 969 enim,
835 910 894 956 ut
923 909 975 956 in
1002 924 1133 957 nono
1159 908 1287 957 libro
1311 909 1535 971 positum
1559 911 1658 971 est,
1680 908 1803 957 Irim

26 983 170 1047 vnigab
206 982 317 1046 ipso
349 983 413 1032 ad
444 998 496 1031 se
526 982 730 1031 missam
762 998 873 1030 cum
908 981 1158 1030 mandatis
1183 983 1311 1030 haut
1339 982 1596 1045 mollibuS,
1633 985 1693 1031 ut
1731 983 1804 1032 fa-

106 1073 275 1107 vorem
290 1057 595 1106 Rutulorum
610 1057 865 1106 desereret.
894 1057 964 1105 sic
976 1057 1108 1104 enim
1120 1057 1343 1120 positum
1354 1057 1579 1106 novimus
1591 1052 1740 1124 (9,80
1747 1051 1803 1124 3)

108 1133 332 1193 „aeriam
378 1132 516 1180 caelo
562 1147 679 1179 nam
717 1131 946 1194 Iuppiter
982 1130 1105 1179 Irim
1143 1131 1343 1179 demisit
1380 1147 1644 1195 germanae
1681 1132 1806 1180 haut

106 1206 280 1254 mollia
307 1205 446 1256 iussa
476 1207 737 1266 ferentem,
767 1207 820 1253 ni
839 1205 1034 1253 Turnus
1062 1204 1207 1253 cedat
1222 1205 1526 1254 Teucrorum
1547 1205 1805 1254 moenibus

108 1279 267 1329 altis“.
314 1295 371 1328 eo
403 1282 570 1329 autem
600 1280 963 1343 inpetraturam
998 1294 1050 1327 se
1081 1280 1240 1344 magis
1270 1279 1502 1328 credebat
1532 1282 1728 1343 optata,
1760 1281 1804 1328 si

33 1367 77 1400 15
108 1354 390 1404 ostenderet
411 1355 598 1403 auxilia
622 1369 715 1403 sua
737 1353 1113 1416 prohibentibus
1145 1353 1316 1402 mariti
1337 1353 1638 1403 iussionibus
1663 1355 1802 1417 quie-

106 1428 250 1478 visse.
303 1429 349 1477 si
377 1429 519 1486 mihi,
559 1443 682 1490 quae
712 1428 958 1487 quondam
986 1428 1153 1487 fuerat
1189 1442 1427 1489 quamque
1465 1443 1565 1476 esse
1595 1429 1802 1485 decebat,

106 1503 181 1551 vis
217 1504 272 1550 in
303 1517 468 1551 amore
503 1503 648 1563 foret,
686 1501 872 1550 blanda
910 1502 1215 1566 obiurgatio,
1252 1501 1325 1551 ait
1362 1503 1495 1550 enim
1533 1502 1577 1551 si
1614 1504 1686 1551 sic
1723 1519 1802 1550 me

107 1592 321 1638 amares,
360 1579 420 1625 ut
449 1578 601 1639 soles,
632 1578 683 1625 et
711 1592 844 1624 nunc
872 1591 1051 1640 usque,
1082 1579 1141 1624 ut
1169 1576 1278 1624 fieri
1308 1576 1494 1638 decuit,
1533 1578 1802 1639 superioris

104 1650 343 1715 temporis
372 1651 567 1716 integer
596 1651 800 1699 duraret
823 1650 1070 1712 adfectus,
1102 1665 1201 1699 non
1223 1651 1311 1699 hoc
1339 1651 1460 1699 mihi
1489 1665 1699 1710 namque
1720 1666 1802 1699 ne-

33 1737 93 1780 202
102 1739 268 1786 gare-9,
320 1726 645 1787 omnipotens:
688 1726 815 1774 mihi
853 1741 965 1774 cum
1005 1763 1193 1773 .....
1235 1724 1356 1773 dicit
1396 1741 1546 1788 quam
1585 1725 1802 1774 dilexisti
1820 1729 1905 1770 615

107 1802 278 1860 antea,
302 1800 426 1848 mihi
448 1799 594 1848 uxori
614 1801 755 1861 tuae,
781 1799 926 1861 mihi,
948 1800 1151 1847 timenti
1173 1801 1310 1848 iussa
1331 1802 1431 1847 tua.
1486 1816 1659 1848 verum
1685 1799 1803 1862 quia

107 1873 206 1922 dici
236 1874 401 1935 potuit
428 1873 744 1937 inpossibilia
781 1876 831 1922 et
867 1873 1064 1922 inlicita
1101 1873 1323 1922 obtinere
1356 1873 1635 1935 contendis,
1677 1874 1803 1922 dixit

106 1947 280 1996 Iovem
329 1949 746 2011 omnipotentem,
807 1964 870 1996 ne
907 1949 1001 1996 hoc
1040 1947 1085 1996 ei
1122 1947 1352 2010 Iuppiter
1387 1951 1558 2010 posset
1596 1947 1800 1996 obicere.

109 2022 198 2084 qui
229 2021 361 2070 enim
393 2023 704 2085 omnipotens
737 2037 841 2071 esse
865 2022 1111 2070 diceretur
1141 2022 1288 2070 facile
1312 2021 1483 2070 debuit
1504 2023 1647 2070 uxori
1672 2038 1800 2084 quae

34 2107 93 2149 38,Ἰ
107 2096 259 2144 vellet
296 2096 514 2145 officiose
544 2099 798 2160 praestare
836 2099 888 2145 et
918 2112 1047 2159 quae
1077 2097 1167 2144 illa
1199 2099 1422 2159 cuperet,
1460 2096 1601 2145 licita
1638 2096 1799 2145 inlici-

106 2172 244 2232 tave,
268 2171 543 2219 concedere.
584 2171 702 2230 quin
725 2173 770 2218 ct
784 2185 984 2232 puynae
1006 2170 1270 2218 subducere
1295 2171 1521 2219 Turnum
1544 2174 1588 2218 et
1615 2171 1800 2219 Dawno

98 2258 294 2303 possem
323 2245 611 2293 incolumem
647 2258 844 2293 servare
873 2245 1098 2304 parenti:
1135 2260 1244 2293 ecce
1280 2246 1478 2308 aperuit
1509 2244 1640 2307 quod
1674 2245 1799 2293 dice-

8 2330 15 2352 f
110 2318 196 2366 bat
226 2319 432 2367 occulte.
486 2319 581 2367 nisi
612 2322 686 2379 te,
723 2318 910 2381 inquit,
948 2319 1175 2367 timerem
1210 2321 1261 2367 et
1288 2318 1428 2368 iussa
1457 2321 1547 2367 tua
1577 2335 1799 2367 reveren-

8 2385 11 2406 ²
106 2391 180 2440 tia
217 2392 508 2456 plenissima
546 2392 864 2454 custodirem,
904 2391 946 2441 si
984 2392 1179 2442 vincere
1216 2392 1468 2442 inlicitum
1506 2395 1580 2441 est
1619 2393 1800 2452 Turno,

36 2477 93 2513 w
107 2466 252 2514 illum
274 2469 443 2515 tamen
468 2469 518 2516 et
540 2466 798 2516 certamini
821 2466 1091 2515 subducere
1115 2467 1259 2530 potui
1282 2470 1332 2516 et
1350 2468 1649 2516 incolumem
1668 2466 1800 2528 patri

229 2584 250 2621 1
285 2580 481 2623 maxime
503 2578 559 2622 V.
663 2583 687 2621 2
719 2579 943 2623 sententia
972 2592 1056 2635 pro
1087 2580 1254 2624 sentiat
1276 2578 1318 2622 V
1348 2580 1402 2622 ut
1435 2582 1475 2632 9,
1502 2582 1584 2621 787
1618 2578 1802 2621 sentiret

109 2637 180 2680 ed.
310 2643 335 2680 3
381 2638 550 2695 viyoris
589 2637 631 2681 V
670 2637 740 2681 ed.
787 2638 985 2694 riqoris?
1035 2638 1041 2696 1
1098 2652 1237 2696 aeyra
1278 2652 1378 2682 sum
1412 2637 1454 2680 V
1497 2651 1680 2693 aeyram
1726 2636 1797 2680 ed.

109 2699 136 2739 8
159 2698 278 2741 idem
294 2696 336 2739 V
359 2698 410 2741 id
433 2703 498 2742 est
520 2697 591 2741 ed.
622 2698 626 2755 Ι
656 2696 943 2752 prohibentes
964 2695 1008 2740 V
1024 2697 1095 2741 ed.
1187 2701 1242 2741 10
1273 2697 1369 2740 aad
1392 2696 1446 2740 V.
1541 2700 1594 2738 12
1620 2709 1799 2739 aeream

9 2797 12 2811 ,
110 2755 176 2811 (in
197 2755 261 2798 IX
285 2758 476 2811 aeriam)
501 2755 556 2801 V.
593 2756 598 2814 Ι
632 2757 728 2800 iam
752 2755 818 2812 (in
841 2754 905 2798 IX
926 2758 1053 2811 nam)
1076 2755 1133 2802 V.
1226 2759 1280 2799 15
1304 2757 1443 2799 marti
1459 2754 1513 2798 V.
1607 2758 1662 2797 18
1686 2755 1800 2798 soles

8 2814 11 2851 ῑ
108 2813 152 2857 V
174 2814 246 2860 ed.
278 2816 482 2860 solebas?
518 2815 523 2873 1
557 2816 784 2871 hucusque
815 2814 887 2858 ed.
994 2818 1049 2858 19
1081 2816 1262 2870 effectus
1284 2814 1326 2857 V
1358 2828 1471 2857 corr.
1506 2813 1576 2857 ed.
1616 2821 1617 2838 ³
1653 2814 1734 2857 hoc
1756 2812 1798 2855 V

7 2879 42 2917 ἓ,
109 2874 217 2917 haec
253 2874 325 2918 ed.
448 2878 504 2918 20
535 2874 656 2919 dixit
689 2874 782 2918 ed.:
822 2874 954 2927 dicit,
986 2874 1111 2930 quod
1141 2873 1286 2917 habet
1310 2873 1364 2926 V,
1398 2872 1469 2915 bis
1502 2871 1797 2916 scribendum

109 2933 246 2987 puto,
277 2947 336 2977 ne
366 2947 468 2978 cum
500 2933 696 2989 apodosi
727 2934 884 2976 careat
916 2932 973 2976 cf.
1007 2937 1048 2987 1,
1074 2937 1159 2976 349
1193 2946 1252 2975 an
1285 2933 1352 2975 ait
1382 2932 1526 2975 dicit?
1633 2935 1689 2974 25
1721 2945 1796 2975 cu-

105 2992 230 3046 pio-et
250 2990 306 3035 V.
342 2992 346 3049 ξ
382 2997 423 3037 et
444 2993 610 3037 illicita
633 2992 704 3036 ed.
794 2995 849 3035 28
881 2993 1080 3036 occultae
1102 2991 1156 3034 V.
1244 2995 1299 3034 30
1323 2992 1481 3047 patrio
1504 2990 1545 3032 V
1569 2991 1701 3047 patri
1724 2990 1795 3034 ed.

1445 3078 1531 3122 24*
