<?xml version="1.0" encoding="UTF-8"?>
<!DOCTYPE html PUBLIC "-//W3C//DTD XHTML 1.0 Transitional//EN"
    "http://www.w3.org/TR/xhtml1/DTD/xhtml1-transitional.dtd">
<html xmlns="http://www.w3.org/1999/xhtml" xml:lang="en" lang="en">
 <head>
  <title>
</title>
<meta http-equiv="Content-Type" content="text/html;charset=utf-8" />
  <meta name='ocr-system' content='tesseract 3.04.00' />
  <meta name='ocr-capabilities' content='ocr_page ocr_carea ocr_par ocr_line ocrx_word'/>
</head>
<body>
  <div class='ocr_page' id='page_1' title='image "./interpretationes02donauoft_0577.png"; bbox 0 0 2050 3226; ppageno 0'>
   <div class='ocr_carea' id='block_1_1' title="bbox 46 993 90 1026">
    <p class='ocr_par' dir='ltr' id='par_1_1' title="bbox 46 993 90 1026">
     <span class='ocr_line' id='line_1_1' title="bbox 46 993 90 1026; baseline 0 0"><span class='ocrx_word' id='word_1_1' title='bbox 46 993 90 1026; x_wconf 87' lang='lat'>10</span> 
     </span>
    </p>
   </div>
   <div class='ocr_carea' id='block_1_2' title="bbox 47 1364 89 1398">
    <p class='ocr_par' dir='ltr' id='par_1_2' title="bbox 47 1364 89 1398">
     <span class='ocr_line' id='line_1_2' title="bbox 47 1364 89 1398; baseline -0.024 0"><span class='ocrx_word' id='word_1_2' title='bbox 47 1364 89 1398; x_wconf 81' lang='lat'>15</span> 
     </span>
    </p>
   </div>
   <div class='ocr_carea' id='block_1_3' title="bbox 45 1739 90 1771">
    <p class='ocr_par' dir='ltr' id='par_1_3' title="bbox 45 1739 90 1771">
     <span class='ocr_line' id='line_1_3' title="bbox 45 1739 90 1771; baseline 0 0"><span class='ocrx_word' id='word_1_3' title='bbox 45 1739 90 1771; x_wconf 76' lang='lat'>20</span> 
     </span>
    </p>
   </div>
   <div class='ocr_carea' id='block_1_4' title="bbox 46 2108 89 2141">
    <p class='ocr_par' dir='ltr' id='par_1_4' title="bbox 46 2108 89 2141">
     <span class='ocr_line' id='line_1_4' title="bbox 46 2108 89 2141; baseline 0 0"><span class='ocrx_word' id='word_1_4' title='bbox 46 2108 89 2141; x_wconf 74' lang='lat'>25</span> 
     </span>
    </p>
   </div>
   <div class='ocr_carea' id='block_1_5' title="bbox 47 2478 91 2510">
    <p class='ocr_par' dir='ltr' id='par_1_5' title="bbox 47 2478 91 2510">
     <span class='ocr_line' id='line_1_5' title="bbox 47 2478 91 2510; baseline 0 0"><span class='ocrx_word' id='word_1_5' title='bbox 47 2478 91 2510; x_wconf 74' lang='grc'>80</span> 
     </span>
    </p>
   </div>
   <div class='ocr_carea' id='block_1_6' title="bbox 755 136 1815 227">
    <p class='ocr_par' dir='ltr' id='par_1_6' title="bbox 755 136 1815 227">
     <span class='ocr_line' id='line_1_6' title="bbox 755 136 1815 227; baseline -0.002 -11"><span class='ocrx_word' id='word_1_6' title='bbox 755 136 1060 216; x_wconf 80' lang='lat' dir='ltr'>AENEmos</span> <span class='ocrx_word' id='word_1_7' title='bbox 1090 170 1177 215; x_wconf 81' lang='grc' dir='ltr'>ΧΠ</span> <span class='ocrx_word' id='word_1_8' title='bbox 1706 173 1815 227; x_wconf 81' lang='lat'>573</span> 
     </span>
    </p>
   </div>
   <div class='ocr_carea' id='block_1_7' title="bbox 119 309 1819 1413">
    <p class='ocr_par' dir='ltr' id='par_1_7' title="bbox 119 309 1819 1413">
     <span class='ocr_line' id='line_1_7' title="bbox 121 309 1818 377; baseline -0.001 -16"><span class='ocrx_word' id='word_1_9' title='bbox 121 314 333 362; x_wconf 80' lang='lat' dir='ltr'>mortun.</span> <span class='ocrx_word' id='word_1_10' title='bbox 401 311 726 362; x_wconf 86' lang='lat' dir='ltr'>subveniatur</span> <span class='ocrx_word' id='word_1_11' title='bbox 762 312 923 377; x_wconf 81' lang='lat' dir='ltr'>igitur</span> <span class='ocrx_word' id='word_1_12' title='bbox 957 312 1046 360; x_wconf 88' lang='lat' dir='ltr'>tuo</span> <span class='ocrx_word' id='word_1_13' title='bbox 1084 311 1254 372; x_wconf 84' lang='lat' dir='ltr'>fratri,</span> <span class='ocrx_word' id='word_1_14' title='bbox 1297 310 1415 359; x_wconf 89' lang='lat' dir='ltr'>dum</span> <span class='ocrx_word' id='word_1_15' title='bbox 1452 309 1600 372; x_wconf 83' lang='lat' dir='ltr'>vivit,</span> <span class='ocrx_word' id='word_1_16' title='bbox 1641 312 1691 358; x_wconf 91' lang='lat' dir='ltr'>et</span> <span class='ocrx_word' id='word_1_17' title='bbox 1727 311 1818 360; x_wconf 90' lang='lat' dir='ltr'>fiat</span> 
     </span>
     <span class='ocr_line' id='line_1_8' title="bbox 120 384 1815 450; baseline -0.001 -15"><span class='ocrx_word' id='word_1_18' title='bbox 120 389 314 436; x_wconf 87' lang='lat' dir='ltr'>mature</span> <span class='ocrx_word' id='word_1_19' title='bbox 354 385 486 450; x_wconf 90' lang='lat' dir='ltr'>quod</span> <span class='ocrx_word' id='word_1_20' title='bbox 524 402 615 449; x_wconf 92' lang='lat' dir='ltr'>pro</span> <span class='ocrx_word' id='word_1_21' title='bbox 653 387 790 436; x_wconf 90' lang='lat' dir='ltr'>illius</span> <span class='ocrx_word' id='word_1_22' title='bbox 830 386 991 435; x_wconf 90' lang='lat' dir='ltr'>salute</span> <span class='ocrx_word' id='word_1_23' title='bbox 1021 384 1303 434; x_wconf 88' lang='lat' dir='ltr'>faciendum</span> <span class='ocrx_word' id='word_1_24' title='bbox 1344 387 1440 446; x_wconf 89' lang='lat' dir='ltr'>est,</span> <span class='ocrx_word' id='word_1_25' title='bbox 1479 401 1540 433; x_wconf 89' lang='lat' dir='ltr'>ne</span> <span class='ocrx_word' id='word_1_26' title='bbox 1570 387 1815 433; x_wconf 88' lang='lat' dir='ltr'>tractatus</span> 
     </span>
     <span class='ocr_line' id='line_1_9' title="bbox 121 458 1816 523; baseline -0.001 -14"><span class='ocrx_word' id='word_1_27' title='bbox 121 463 316 510; x_wconf 86' lang='lat' dir='ltr'>nostros</span> <span class='ocrx_word' id='word_1_28' title='bbox 365 460 501 509; x_wconf 91' lang='lat' dir='ltr'>mala</span> <span class='ocrx_word' id='word_1_29' title='bbox 546 461 879 523; x_wconf 87' lang='lat' dir='ltr'>praecipitata</span> <span class='ocrx_word' id='word_1_30' title='bbox 923 459 1263 523; x_wconf 75' lang='lat' dir='ltr'>praeveniant.</span> <span class='ocrx_word' id='word_1_31' title='bbox 1339 458 1651 507; x_wconf 89' lang='lat' dir='ltr'>commodum</span> <span class='ocrx_word' id='word_1_32' title='bbox 1697 459 1816 508; x_wconf 89' lang='lat' dir='ltr'>satis</span> 
     </span>
     <span class='ocr_line' id='line_1_10' title="bbox 120 533 1818 596; baseline -0.002 -13"><span class='ocrx_word' id='word_1_33' title='bbox 120 535 193 583; x_wconf 91' lang='lat' dir='ltr'>ire</span> <span class='ocrx_word' id='word_1_34' title='bbox 232 535 430 584; x_wconf 86' lang='lat' dir='ltr'>obviam</span> <span class='ocrx_word' id='word_1_35' title='bbox 469 535 633 583; x_wconf 88' lang='lat' dir='ltr'>dubiis</span> <span class='ocrx_word' id='word_1_36' title='bbox 671 537 722 583; x_wconf 91' lang='lat' dir='ltr'>et</span> <span class='ocrx_word' id='word_1_37' title='bbox 759 550 930 583; x_wconf 90' lang='lat' dir='ltr'>eorum</span> <span class='ocrx_word' id='word_1_38' title='bbox 969 549 1141 583; x_wconf 88' lang='lat' dir='ltr'>cursus</span> <span class='ocrx_word' id='word_1_39' title='bbox 1174 534 1370 583; x_wconf 88' lang='lat' dir='ltr'>obiectu</span> <span class='ocrx_word' id='word_1_40' title='bbox 1399 533 1698 596; x_wconf 84' lang='lat' dir='ltr'>provisionis</span> <span class='ocrx_word' id='word_1_41' title='bbox 1735 533 1818 581; x_wconf 86' lang='lat' dir='ltr'>ab·</span> 
     </span>
     <span class='ocr_line' id='line_1_11' title="bbox 120 606 1816 672; baseline -0.002 -14"><span class='ocrx_word' id='word_1_42' title='bbox 120 625 364 672; x_wconf 81' lang='lat' dir='ltr'>rumpere,</span> <span class='ocrx_word' id='word_1_43' title='bbox 394 611 560 658; x_wconf 90' lang='lat' dir='ltr'>totum</span> <span class='ocrx_word' id='word_1_44' title='bbox 595 611 761 672; x_wconf 90' lang='lat' dir='ltr'>potest</span> <span class='ocrx_word' id='word_1_45' title='bbox 791 608 1109 657; x_wconf 88' lang='lat' dir='ltr'>consiliorum</span> <span class='ocrx_word' id='word_1_46' title='bbox 1138 609 1285 670; x_wconf 86' lang='lat' dir='ltr'>ratio,</span> <span class='ocrx_word' id='word_1_47' title='bbox 1317 609 1358 657; x_wconf 88' lang='lat' dir='ltr'>si</span> <span class='ocrx_word' id='word_1_48' title='bbox 1384 607 1488 656; x_wconf 85' lang='lat' dir='ltr'>suis</span> <span class='ocrx_word' id='word_1_49' title='bbox 1511 606 1816 669; x_wconf 74' lang='lat' dir='ltr'>temporibus</span> 
     </span>
     <span class='ocr_line' id='line_1_12' title="bbox 122 681 1819 748; baseline -0.001 -17"><span class='ocrx_word' id='word_1_50' title='bbox 122 683 315 748; x_wconf 87' lang='lat' dir='ltr'>agenda</span> <span class='ocrx_word' id='word_1_51' title='bbox 343 683 630 748; x_wconf 85' lang='lat' dir='ltr'>iungantur.</span> <span class='ocrx_word' id='word_1_52' title='bbox 684 682 907 746; x_wconf 88' lang='lat' dir='ltr'>proinde,</span> <span class='ocrx_word' id='word_1_53' title='bbox 936 699 997 731; x_wconf 90' lang='lat' dir='ltr'>ne</span> <span class='ocrx_word' id='word_1_54' title='bbox 1027 685 1078 731; x_wconf 89' lang='lat' dir='ltr'>te</span> <span class='ocrx_word' id='word_1_55' title='bbox 1109 682 1328 732; x_wconf 88' lang='lat' dir='ltr'>fraterno</span> <span class='ocrx_word' id='word_1_56' title='bbox 1360 682 1530 731; x_wconf 90' lang='lat' dir='ltr'>dolore</span> <span class='ocrx_word' id='word_1_57' title='bbox 1561 681 1819 730; x_wconf 88' lang='lat' dir='ltr'>confusam</span> 
     </span>
     <span class='ocr_line' id='line_1_13' title="bbox 119 755 1817 820; baseline -0.001 -14"><span class='ocrx_word' id='word_1_58' title='bbox 119 757 414 820; x_wconf 82' lang='lat' dir='ltr'>providendi</span> <span class='ocrx_word' id='word_1_59' title='bbox 444 759 708 806; x_wconf 88' lang='lat' dir='ltr'>consilium</span> <span class='ocrx_word' id='word_1_60' title='bbox 731 757 940 818; x_wconf 88' lang='lat' dir='ltr'>deserat,</span> <span class='ocrx_word' id='word_1_61' title='bbox 972 756 1095 820; x_wconf 88' lang='lat' dir='ltr'>quid</span> <span class='ocrx_word' id='word_1_62' title='bbox 1117 757 1212 805; x_wconf 91' lang='lat' dir='ltr'>tibi</span> <span class='ocrx_word' id='word_1_63' title='bbox 1241 756 1517 805; x_wconf 89' lang='lat' dir='ltr'>curandum</span> <span class='ocrx_word' id='word_1_64' title='bbox 1547 755 1615 804; x_wconf 87' lang='lat' dir='ltr'>sit</span> <span class='ocrx_word' id='word_1_65' title='bbox 1644 755 1817 819; x_wconf 87' lang='lat' dir='ltr'>paucis</span> 
     </span>
     <span class='ocr_line' id='line_1_14' title="bbox 121 830 1818 894; baseline -0.001 -14"><span class='ocrx_word' id='word_1_66' title='bbox 121 832 338 881; x_wconf 86' lang='lat' dir='ltr'>adverte.</span> <span class='ocrx_word' id='word_1_67' title='bbox 374 839 376 841; x_wconf 82' lang='grc'><strong>’</strong></span> <span class='ocrx_word' id='word_1_68' title='bbox 415 831 782 880; x_wconf 87' lang='lat' dir='ltr'>subtrahendus</span> <span class='ocrx_word' id='word_1_69' title='bbox 836 833 913 880; x_wconf 90' lang='lat' dir='ltr'>est</span> <span class='ocrx_word' id='word_1_70' title='bbox 965 847 1119 893; x_wconf 89' lang='lat' dir='ltr'>quam</span> <span class='ocrx_word' id='word_1_71' title='bbox 1171 832 1387 894; x_wconf 90' lang='lat' dir='ltr'>primum</span> <span class='ocrx_word' id='word_1_72' title='bbox 1435 831 1585 879; x_wconf 89' lang='lat' dir='ltr'>morti</span> <span class='ocrx_word' id='word_1_73' title='bbox 1640 831 1689 878; x_wconf 89' lang='lat' dir='ltr'>et</span> <span class='ocrx_word' id='word_1_74' title='bbox 1737 830 1818 878; x_wconf 88' lang='lat' dir='ltr'>hic</span> 
     </span>
     <span class='ocr_line' id='line_1_15' title="bbox 121 904 1819 968; baseline -0.001 -14"><span class='ocrx_word' id='word_1_75' title='bbox 121 907 280 954; x_wconf 90' lang='lat' dir='ltr'>omnis</span> <span class='ocrx_word' id='word_1_76' title='bbox 327 921 480 968; x_wconf 90' lang='lat' dir='ltr'>opera</span> <span class='ocrx_word' id='word_1_77' title='bbox 525 905 882 967; x_wconf 88' lang='lat' dir='ltr'>consumenda,</span> <span class='ocrx_word' id='word_1_78' title='bbox 927 907 988 954; x_wconf 89' lang='lat' dir='ltr'>ut</span> <span class='ocrx_word' id='word_1_79' title='bbox 1031 906 1278 954; x_wconf 88' lang='lat' dir='ltr'>inminens</span> <span class='ocrx_word' id='word_1_80' title='bbox 1325 907 1575 953; x_wconf 87' lang='lat' dir='ltr'>certamen</span> <span class='ocrx_word' id='word_1_81' title='bbox 1613 904 1819 968; x_wconf 87' lang='lat' dir='ltr'>effugiat</span> 
     </span>
     <span class='ocr_line' id='line_1_16' title="bbox 122 979 1817 1042; baseline -0.002 -13"><span class='ocrx_word' id='word_1_82' title='bbox 122 983 235 1042; x_wconf 90' lang='lat' dir='ltr'>aut,</span> <span class='ocrx_word' id='word_1_83' title='bbox 267 981 310 1029; x_wconf 90' lang='lat' dir='ltr'>si</span> <span class='ocrx_word' id='word_1_84' title='bbox 339 980 479 1028; x_wconf 90' lang='lat' dir='ltr'>istud</span> <span class='ocrx_word' id='word_1_85' title='bbox 509 981 648 1029; x_wconf 89' lang='lat' dir='ltr'>nulla</span> <span class='ocrx_word' id='word_1_86' title='bbox 679 981 729 1029; x_wconf 85' lang='lat' dir='ltr'>vi</span> <span class='ocrx_word' id='word_1_87' title='bbox 760 979 996 1042; x_wconf 86' lang='lat' dir='ltr'>explicari</span> <span class='ocrx_word' id='word_1_88' title='bbox 1027 979 1275 1042; x_wconf 89' lang='lat' dir='ltr'>potuerit,</span> <span class='ocrx_word' id='word_1_89' title='bbox 1307 979 1540 1028; x_wconf 85' lang='lat' dir='ltr'>trudatur</span> <span class='ocrx_word' id='word_1_90' title='bbox 1561 979 1817 1027; x_wconf 90' lang='lat' dir='ltr'>inimicum</span> 
     </span>
     <span class='ocr_line' id='line_1_17' title="bbox 119 1053 1817 1103; baseline -0.001 -1"><span class='ocrx_word' id='word_1_91' title='bbox 119 1054 296 1102; x_wconf 85' lang='lat' dir='ltr'>foedus</span> <span class='ocrx_word' id='word_1_92' title='bbox 334 1071 360 1102; x_wconf 92' lang='lat' dir='ltr'>e</span> <span class='ocrx_word' id='word_1_93' title='bbox 399 1054 561 1102; x_wconf 87' lang='lat' dir='ltr'>medio</span> <span class='ocrx_word' id='word_1_94' title='bbox 601 1056 651 1102; x_wconf 91' lang='lat' dir='ltr'>et</span> <span class='ocrx_word' id='word_1_95' title='bbox 689 1055 921 1103; x_wconf 87' lang='lat' dir='ltr'>confusae</span> <span class='ocrx_word' id='word_1_96' title='bbox 967 1056 1094 1102; x_wconf 89' lang='lat' dir='ltr'>acies</span> <span class='ocrx_word' id='word_1_97' title='bbox 1133 1053 1254 1102; x_wconf 91' lang='lat' dir='ltr'>belli</span> <span class='ocrx_word' id='word_1_98' title='bbox 1290 1054 1456 1101; x_wconf 90' lang='lat' dir='ltr'>furore</span> <span class='ocrx_word' id='word_1_99' title='bbox 1502 1053 1817 1101; x_wconf 75' lang='lat' dir='ltr'>misceantur.</span> 
     </span>
     <span class='ocr_line' id='line_1_18' title="bbox 121 1126 1818 1191; baseline -0.001 -15"><span class='ocrx_word' id='word_1_100' title='bbox 121 1129 318 1177; x_wconf 87' lang='lat' dir='ltr'>eveniat</span> <span class='ocrx_word' id='word_1_101' title='bbox 355 1129 567 1177; x_wconf 74' lang='lat' dir='ltr'>forsitan</span> <span class='ocrx_word' id='word_1_102' title='bbox 608 1129 799 1191; x_wconf 89' lang='lat' dir='ltr'>aliquid</span> <span class='ocrx_word' id='word_1_103' title='bbox 835 1128 974 1189; x_wconf 91' lang='lat' dir='ltr'>boni,</span> <span class='ocrx_word' id='word_1_104' title='bbox 1021 1129 1065 1177; x_wconf 93' lang='lat' dir='ltr'>si</span> <span class='ocrx_word' id='word_1_105' title='bbox 1104 1127 1166 1176; x_wconf 91' lang='lat' dir='ltr'>ab</span> <span class='ocrx_word' id='word_1_106' title='bbox 1205 1128 1351 1176; x_wconf 90' lang='lat' dir='ltr'>unius</span> <span class='ocrx_word' id='word_1_107' title='bbox 1394 1128 1526 1176; x_wconf 92' lang='lat' dir='ltr'>malo</span> <span class='ocrx_word' id='word_1_108' title='bbox 1564 1126 1618 1175; x_wconf 88' lang='lat' dir='ltr'>in</span> <span class='ocrx_word' id='word_1_109' title='bbox 1657 1126 1818 1176; x_wconf 84' lang='lat' dir='ltr'>omnis</span> 
     </span>
     <span class='ocr_line' id='line_1_19' title="bbox 120 1201 1819 1267; baseline -0.001 -17"><span class='ocrx_word' id='word_1_110' title='bbox 120 1203 273 1251; x_wconf 85' lang='lat' dir='ltr'>fuerit</span> <span class='ocrx_word' id='word_1_111' title='bbox 311 1203 429 1251; x_wconf 89' lang='lat' dir='ltr'>belli</span> <span class='ocrx_word' id='word_1_112' title='bbox 466 1203 634 1251; x_wconf 90' lang='lat' dir='ltr'>refusa</span> <span class='ocrx_word' id='word_1_113' title='bbox 672 1203 967 1267; x_wconf 88' lang='lat' dir='ltr'>congressio.</span> <span class='ocrx_word' id='word_1_114' title='bbox 1028 1202 1145 1251; x_wconf 87' lang='lat' dir='ltr'>huic</span> <span class='ocrx_word' id='word_1_115' title='bbox 1183 1219 1244 1250; x_wconf 90' lang='lat' dir='ltr'>ne</span> <span class='ocrx_word' id='word_1_116' title='bbox 1284 1201 1500 1250; x_wconf 88' lang='lat' dir='ltr'>faciendi</span> <span class='ocrx_word' id='word_1_117' title='bbox 1541 1201 1819 1250; x_wconf 89' lang='lat' dir='ltr'>diffidentia</span> 
     </span>
     <span class='ocr_line' id='line_1_20' title="bbox 121 1275 1818 1338; baseline -0.002 -12"><span class='ocrx_word' id='word_1_118' title='bbox 121 1280 419 1338; x_wconf 89' lang='lat' dir='ltr'>occurreret,</span> <span class='ocrx_word' id='word_1_119' title='bbox 470 1277 682 1326; x_wconf 89' lang='lat' dir='ltr'>subiecit</span> <span class='ocrx_word' id='word_1_120' title='bbox 727 1281 895 1326; x_wconf 78' lang='lat' dir='ltr'>auctor</span> <span class='ocrx_word' id='word_1_121' title='bbox 940 1291 1021 1338; x_wconf 72' lang='lat' dir='ltr'>eqo</span> <span class='ocrx_word' id='word_1_122' title='bbox 1067 1277 1307 1325; x_wconf 79' lang='lat' dir='ltr'>audendi:</span> <span class='ocrx_word' id='word_1_123' title='bbox 1356 1275 1560 1324; x_wconf 86' lang='lat' dir='ltr'>audebis</span> <span class='ocrx_word' id='word_1_124' title='bbox 1574 1313 1587 1338; x_wconf 91' lang='lat'>,</span> <span class='ocrx_word' id='word_1_125' title='bbox 1636 1275 1818 1338; x_wconf 83' lang='lat' dir='ltr'>inquit,</span> 
     </span>
     <span class='ocr_line' id='line_1_21' title="bbox 121 1350 1818 1413; baseline -0.001 -14"><span class='ocrx_word' id='word_1_126' title='bbox 121 1351 289 1399; x_wconf 89' lang='lat' dir='ltr'>omnia</span> <span class='ocrx_word' id='word_1_127' title='bbox 327 1352 448 1400; x_wconf 90' lang='lat' dir='ltr'>haec</span> <span class='ocrx_word' id='word_1_128' title='bbox 485 1368 564 1400; x_wconf 91' lang='lat' dir='ltr'>me</span> <span class='ocrx_word' id='word_1_129' title='bbox 604 1354 802 1400; x_wconf 88' lang='lat' dir='ltr'>auctore</span> <span class='ocrx_word' id='word_1_130' title='bbox 842 1354 892 1400; x_wconf 90' lang='lat' dir='ltr'>et</span> <span class='ocrx_word' id='word_1_131' title='bbox 929 1351 1100 1400; x_wconf 84' lang='lat' dir='ltr'>favore</span> <span class='ocrx_word' id='word_1_132' title='bbox 1138 1366 1247 1398; x_wconf 93' lang='lat' dir='ltr'>meo</span> <span class='ocrx_word' id='word_1_133' title='bbox 1287 1350 1555 1413; x_wconf 90' lang='lat' dir='ltr'>conplebis.</span> <span class='ocrx_word' id='word_1_134' title='bbox 1631 1351 1703 1398; x_wconf 78' lang='lat' dir='ltr'>sic</span> <span class='ocrx_word' id='word_1_135' title='bbox 1741 1363 1818 1397; x_wconf 79' lang='lat' dir='ltr'>ex-</span> 
     </span>
    </p>
   </div>
   <div class='ocr_carea' id='block_1_8' title="bbox 119 1425 1921 1485">
    <p class='ocr_par' dir='ltr' id='par_1_8' title="bbox 119 1425 1921 1485">
     <span class='ocr_line' id='line_1_22' title="bbox 119 1425 1921 1485; baseline -0.001 -13"><span class='ocrx_word' id='word_1_136' title='bbox 119 1426 311 1474; x_wconf 81' lang='lat' dir='ltr'>hortata</span> <span class='ocrx_word' id='word_1_137' title='bbox 347 1426 542 1485; x_wconf 80' lang='lat' dir='ltr'>reliquit</span> <span class='ocrx_word' id='word_1_138' title='bbox 577 1427 811 1474; x_wconf 73' lang='lat' dir='ltr'>incertam</span> <span class='ocrx_word' id='word_1_139' title='bbox 850 1428 892 1473; x_wconf 84' lang='lat' dir='ltr'>et</span> <span class='ocrx_word' id='word_1_140' title='bbox 929 1426 1057 1473; x_wconf 75' lang='lat' dir='ltr'>tristi</span> <span class='ocrx_word' id='word_1_141' title='bbox 1098 1426 1343 1473; x_wconf 77' lang='lat' dir='ltr'>turbatam</span> <span class='ocrx_word' id='word_1_142' title='bbox 1387 1425 1586 1472; x_wconf 76' lang='lat' dir='ltr'>vubnere</span> <span class='ocrx_word' id='word_1_143' title='bbox 1622 1425 1820 1472; x_wconf 77' lang='lat' dir='ltr'>mentis:</span> <span class='ocrx_word' id='word_1_144' title='bbox 1837 1430 1921 1471; x_wconf 87' lang='grc'>160</span> 
     </span>
    </p>
   </div>
   <div class='ocr_carea' id='block_1_9' title="bbox 118 1497 1820 2606">
    <p class='ocr_par' dir='ltr' id='par_1_9' title="bbox 118 1497 1820 2606">
     <span class='ocr_line' id='line_1_23' title="bbox 119 1497 1819 1562; baseline 0 -16"><span class='ocrx_word' id='word_1_145' title='bbox 119 1499 244 1548; x_wconf 89' lang='lat' dir='ltr'>Iuno</span> <span class='ocrx_word' id='word_1_146' title='bbox 285 1499 487 1562; x_wconf 90' lang='lat' dir='ltr'>quidem</span> <span class='ocrx_word' id='word_1_147' title='bbox 525 1500 785 1548; x_wconf 84' lang='lat' dir='ltr'>exhortata</span> <span class='ocrx_word' id='word_1_148' title='bbox 823 1502 899 1548; x_wconf 91' lang='lat' dir='ltr'>est</span> <span class='ocrx_word' id='word_1_149' title='bbox 929 1500 1190 1547; x_wconf 85' lang='lat' dir='ltr'>Iuturnam</span> <span class='ocrx_word' id='word_1_150' title='bbox 1229 1501 1279 1546; x_wconf 89' lang='lat' dir='ltr'>et</span> <span class='ocrx_word' id='word_1_151' title='bbox 1310 1499 1454 1560; x_wconf 89' lang='lat' dir='ltr'>abiit,</span> <span class='ocrx_word' id='word_1_152' title='bbox 1496 1497 1582 1548; x_wconf 90' lang='lat' dir='ltr'>sed</span> <span class='ocrx_word' id='word_1_153' title='bbox 1619 1499 1711 1546; x_wconf 89' lang='lat' dir='ltr'>illa</span> <span class='ocrx_word' id='word_1_154' title='bbox 1749 1498 1819 1547; x_wconf 90' lang='lat' dir='ltr'>sic</span> 
     </span>
     <span class='ocr_line' id='line_1_24' title="bbox 119 1572 1819 1637; baseline -0.001 -15"><span class='ocrx_word' id='word_1_155' title='bbox 119 1573 462 1623; x_wconf 83' lang='lat' dir='ltr'>vulneratione</span> <span class='ocrx_word' id='word_1_156' title='bbox 485 1575 666 1622; x_wconf 87' lang='lat' dir='ltr'>mentis</span> <span class='ocrx_word' id='word_1_157' title='bbox 689 1574 942 1635; x_wconf 89' lang='lat' dir='ltr'>hebuerat,</span> <span class='ocrx_word' id='word_1_158' title='bbox 973 1575 1031 1621; x_wconf 92' lang='lat' dir='ltr'>ut</span> <span class='ocrx_word' id='word_1_159' title='bbox 1060 1572 1246 1637; x_wconf 88' lang='lat' dir='ltr'>integri</span> <span class='ocrx_word' id='word_1_160' title='bbox 1268 1573 1463 1622; x_wconf 89' lang='lat' dir='ltr'>consilii</span> <span class='ocrx_word' id='word_1_161' title='bbox 1487 1572 1819 1621; x_wconf 86' lang='lat' dir='ltr'>substantiam</span> 
     </span>
     <span class='ocr_line' id='line_1_25' title="bbox 118 1647 1820 1710; baseline -0.001 -14"><span class='ocrx_word' id='word_1_162' title='bbox 118 1647 431 1710; x_wconf 87' lang='lat' dir='ltr'>perdidisset.</span> <span class='ocrx_word' id='word_1_163' title='bbox 484 1648 724 1697; x_wconf 86' lang='lat' dir='ltr'>incertam</span> <span class='ocrx_word' id='word_1_164' title='bbox 753 1647 878 1695; x_wconf 86' lang='lat' dir='ltr'>dixit</span> <span class='ocrx_word' id='word_1_165' title='bbox 907 1648 1135 1696; x_wconf 86' lang='lat' dir='ltr'>relictam</span> <span class='ocrx_word' id='word_1_166' title='bbox 1159 1662 1263 1696; x_wconf 92' lang='lat' dir='ltr'>esse</span> <span class='ocrx_word' id='word_1_167' title='bbox 1287 1647 1572 1708; x_wconf 90' lang='lat' dir='ltr'>Iuturnam,</span> <span class='ocrx_word' id='word_1_168' title='bbox 1602 1649 1661 1694; x_wconf 91' lang='lat' dir='ltr'>ut</span> <span class='ocrx_word' id='word_1_169' title='bbox 1691 1650 1820 1695; x_wconf 88' lang='lat' dir='ltr'>esset</span> 
     </span>
     <span class='ocr_line' id='line_1_26' title="bbox 121 1721 1818 1786; baseline -0.001 -16"><span class='ocrx_word' id='word_1_170' title='bbox 121 1722 256 1786; x_wconf 91' lang='lat' dir='ltr'>quod</span> <span class='ocrx_word' id='word_1_171' title='bbox 287 1726 510 1785; x_wconf 86' lang='lat' dir='ltr'>speraret</span> <span class='ocrx_word' id='word_1_172' title='bbox 539 1725 590 1771; x_wconf 90' lang='lat' dir='ltr'>et</span> <span class='ocrx_word' id='word_1_173' title='bbox 620 1723 754 1785; x_wconf 93' lang='lat' dir='ltr'>quod</span> <span class='ocrx_word' id='word_1_174' title='bbox 784 1724 1030 1771; x_wconf 86' lang='lat' dir='ltr'>metueret</span> <span class='ocrx_word' id='word_1_175' title='bbox 1058 1737 1159 1770; x_wconf 93' lang='lat' dir='ltr'>non</span> <span class='ocrx_word' id='word_1_176' title='bbox 1198 1722 1408 1782; x_wconf 86' lang='lat' dir='ltr'>deesset,</span> <span class='ocrx_word' id='word_1_177' title='bbox 1447 1737 1509 1769; x_wconf 90' lang='lat' dir='ltr'>ne</span> <span class='ocrx_word' id='word_1_178' title='bbox 1548 1721 1607 1769; x_wconf 92' lang='lat' dir='ltr'>de</span> <span class='ocrx_word' id='word_1_179' title='bbox 1640 1721 1818 1769; x_wconf 86' lang='lat' dir='ltr'>securi-</span> 
     </span>
     <span class='ocr_line' id='line_1_27' title="bbox 119 1794 1620 1861; baseline -0.002 -16"><span class='ocrx_word' id='word_1_180' title='bbox 119 1799 226 1845; x_wconf 89' lang='lat' dir='ltr'>tate</span> <span class='ocrx_word' id='word_1_181' title='bbox 263 1797 403 1845; x_wconf 90' lang='lat' dir='ltr'>fieret</span> <span class='ocrx_word' id='word_1_182' title='bbox 440 1797 708 1861; x_wconf 86' lang='lat' dir='ltr'>neglegens</span> <span class='ocrx_word' id='word_1_183' title='bbox 748 1799 838 1845; x_wconf 92' lang='lat' dir='ltr'>aut</span> <span class='ocrx_word' id='word_1_184' title='bbox 875 1796 934 1845; x_wconf 89' lang='lat' dir='ltr'>de</span> <span class='ocrx_word' id='word_1_185' title='bbox 974 1795 1317 1859; x_wconf 88' lang='lat' dir='ltr'>desperatione</span> <span class='ocrx_word' id='word_1_186' title='bbox 1356 1794 1620 1843; x_wconf 90' lang='lat' dir='ltr'>remissior.</span> 
     </span>
     <span class='ocr_line' id='line_1_28' title="bbox 239 1870 1817 1934; baseline 0.001 -17"><span class='ocrx_word' id='word_1_187' title='bbox 239 1871 437 1918; x_wconf 78' lang='lat' dir='ltr'>Interea</span> <span class='ocrx_word' id='word_1_188' title='bbox 460 1885 618 1932; x_wconf 73' lang='lat' dir='ltr'>reyes:</span> <span class='ocrx_word' id='word_1_189' title='bbox 640 1871 721 1919; x_wconf 91' lang='lat' dir='ltr'>hic</span> <span class='ocrx_word' id='word_1_190' title='bbox 745 1870 1152 1934; x_wconf 90' lang='lat' dir='ltr'>distinguendum</span> <span class='ocrx_word' id='word_1_191' title='bbox 1177 1872 1266 1931; x_wconf 92' lang='lat' dir='ltr'>est,</span> <span class='ocrx_word' id='word_1_192' title='bbox 1283 1885 1343 1918; x_wconf 91' lang='lat' dir='ltr'>ne</span> <span class='ocrx_word' id='word_1_193' title='bbox 1366 1870 1456 1918; x_wconf 88' lang='lat' dir='ltr'>fiat</span> <span class='ocrx_word' id='word_1_194' title='bbox 1478 1885 1566 1932; x_wconf 89' lang='lat' dir='ltr'>per</span> <span class='ocrx_word' id='word_1_195' title='bbox 1588 1884 1817 1918; x_wconf 87' lang='lat' dir='ltr'>numeros</span> 
     </span>
     <span class='ocr_line' id='line_1_29' title="bbox 120 1942 1818 2007; baseline 0 -16"><span class='ocrx_word' id='word_1_196' title='bbox 120 1944 325 2005; x_wconf 69' lang='lat' dir='ltr'>vitium,</span> <span class='ocrx_word' id='word_1_197' title='bbox 375 1944 434 1991; x_wconf 95' lang='lat' dir='ltr'>de</span> <span class='ocrx_word' id='word_1_198' title='bbox 475 1945 701 1993; x_wconf 89' lang='lat' dir='ltr'>omnibus</span> <span class='ocrx_word' id='word_1_199' title='bbox 741 1947 873 1994; x_wconf 90' lang='lat' dir='ltr'>enim</span> <span class='ocrx_word' id='word_1_200' title='bbox 911 1945 1102 1993; x_wconf 90' lang='lat' dir='ltr'>dictum</span> <span class='ocrx_word' id='word_1_201' title='bbox 1145 1946 1220 1992; x_wconf 85' lang='lat' dir='ltr'>est</span> <span class='ocrx_word' id='word_1_202' title='bbox 1259 1944 1346 2007; x_wconf 91' lang='lat' dir='ltr'>qui</span> <span class='ocrx_word' id='word_1_203' title='bbox 1382 1942 1716 2006; x_wconf 89' lang='lat' dir='ltr'>procedebant</span> <span class='ocrx_word' id='word_1_204' title='bbox 1754 1943 1818 1991; x_wconf 90' lang='lat' dir='ltr'>ad</span> 
     </span>
     <span class='ocr_line' id='line_1_30' title="bbox 122 2017 1818 2082; baseline -0.001 -16"><span class='ocrx_word' id='word_1_205' title='bbox 122 2018 545 2067; x_wconf 87' lang='lat' dir='ltr'>confirmationem</span> <span class='ocrx_word' id='word_1_206' title='bbox 584 2019 817 2080; x_wconf 88' lang='lat' dir='ltr'>foederis,</span> <span class='ocrx_word' id='word_1_207' title='bbox 861 2018 1192 2081; x_wconf 90' lang='lat' dir='ltr'>separandum</span> <span class='ocrx_word' id='word_1_208' title='bbox 1230 2034 1346 2066; x_wconf 88' lang='lat' dir='ltr'>vero</span> <span class='ocrx_word' id='word_1_209' title='bbox 1385 2017 1472 2066; x_wconf 92' lang='lat' dir='ltr'>ubi</span> <span class='ocrx_word' id='word_1_210' title='bbox 1510 2017 1696 2082; x_wconf 87' lang='lat' dir='ltr'>singuli</span> <span class='ocrx_word' id='word_1_211' title='bbox 1736 2018 1818 2065; x_wconf 90' lang='lat' dir='ltr'>de-</span> 
     </span>
     <span class='ocr_line' id='line_1_31' title="bbox 121 2092 1819 2154; baseline -0.001 -13"><span class='ocrx_word' id='word_1_212' title='bbox 121 2093 418 2141; x_wconf 88' lang='lat' dir='ltr'>scribuntur.</span> <span class='ocrx_word' id='word_1_213' title='bbox 470 2094 654 2154; x_wconf 71' lang='lat' dir='ltr'>inqenti</span> <span class='ocrx_word' id='word_1_214' title='bbox 689 2094 812 2141; x_wconf 81' lang='lat' dir='ltr'>mole</span> <span class='ocrx_word' id='word_1_215' title='bbox 841 2093 1058 2141; x_wconf 81' lang='lat' dir='ltr'>Latinus</span> <span class='ocrx_word' id='word_1_216' title='bbox 1097 2092 1386 2153; x_wconf 73' lang='lat' dir='ltr'>quadriiuyo</span> <span class='ocrx_word' id='word_1_217' title='bbox 1420 2092 1608 2140; x_wconf 75' lang='lat' dir='ltr'>vehitur</span> <span class='ocrx_word' id='word_1_218' title='bbox 1647 2106 1819 2140; x_wconf 88' lang='lat' dir='ltr'>curru:</span> 
     </span>
     <span class='ocr_line' id='line_1_32' title="bbox 120 2166 1819 2231; baseline -0.001 -17"><span class='ocrx_word' id='word_1_219' title='bbox 120 2183 220 2216; x_wconf 92' lang='lat' dir='ltr'>non</span> <span class='ocrx_word' id='word_1_220' title='bbox 253 2183 350 2229; x_wconf 92' lang='lat' dir='ltr'>quo</span> <span class='ocrx_word' id='word_1_221' title='bbox 383 2170 624 2230; x_wconf 90' lang='lat' dir='ltr'>quattuor</span> <span class='ocrx_word' id='word_1_222' title='bbox 653 2168 774 2231; x_wconf 87' lang='lat' dir='ltr'>iuga</span> <span class='ocrx_word' id='word_1_223' title='bbox 803 2167 1030 2228; x_wconf 87' lang='lat' dir='ltr'>haberet,</span> <span class='ocrx_word' id='word_1_224' title='bbox 1063 2167 1189 2215; x_wconf 86' lang='lat' dir='ltr'>dixit</span> <span class='ocrx_word' id='word_1_225' title='bbox 1220 2166 1541 2230; x_wconf 87' lang='lat' dir='ltr'>quadriiugo,</span> <span class='ocrx_word' id='word_1_226' title='bbox 1573 2166 1659 2214; x_wconf 90' lang='lat' dir='ltr'>sed</span> <span class='ocrx_word' id='word_1_227' title='bbox 1684 2166 1819 2228; x_wconf 91' lang='lat' dir='ltr'>quod</span> 
     </span>
     <span class='ocr_line' id='line_1_33' title="bbox 121 2240 1818 2303; baseline -0.001 -15"><span class='ocrx_word' id='word_1_228' title='bbox 121 2243 362 2303; x_wconf 89' lang='lat' dir='ltr'>quattuor</span> <span class='ocrx_word' id='word_1_229' title='bbox 396 2240 578 2289; x_wconf 89' lang='lat' dir='ltr'>iunctis</span> <span class='ocrx_word' id='word_1_230' title='bbox 618 2242 917 2289; x_wconf 87' lang='lat' dir='ltr'>animalibus</span> <span class='ocrx_word' id='word_1_231' title='bbox 954 2241 1230 2289; x_wconf 83' lang='lat' dir='ltr'>duceretur.</span> <span class='ocrx_word' id='word_1_232' title='bbox 1284 2242 1362 2289; x_wconf 77' lang='lat' dir='ltr'>cui</span> <span class='ocrx_word' id='word_1_233' title='bbox 1392 2244 1608 2300; x_wconf 75' lang='lat' dir='ltr'>tempora</span> <span class='ocrx_word' id='word_1_234' title='bbox 1639 2241 1818 2288; x_wconf 75' lang='lat' dir='ltr'>circum</span> 
     </span>
     <span class='ocr_line' id='line_1_34' title="bbox 122 2314 1818 2376; baseline -0.001 -14"><span class='ocrx_word' id='word_1_235' title='bbox 122 2316 288 2363; x_wconf 75' lang='lat' dir='ltr'>aurati</span> <span class='ocrx_word' id='word_1_236' title='bbox 328 2315 400 2363; x_wconf 82' lang='lat' dir='ltr'>bis</span> <span class='ocrx_word' id='word_1_237' title='bbox 438 2329 522 2363; x_wconf 76' lang='lat' dir='ltr'>sex</span> <span class='ocrx_word' id='word_1_238' title='bbox 558 2316 692 2363; x_wconf 74' lang='lat' dir='ltr'>radii</span> <span class='ocrx_word' id='word_1_239' title='bbox 728 2315 967 2375; x_wconf 71' lang='lat' dir='ltr'>julqentia</span> <span class='ocrx_word' id='word_1_240' title='bbox 1006 2316 1222 2376; x_wconf 74' lang='lat' dir='ltr'>cinyunt,</span> <span class='ocrx_word' id='word_1_241' title='bbox 1269 2314 1398 2363; x_wconf 82' lang='lat' dir='ltr'>Solis</span> <span class='ocrx_word' id='word_1_242' title='bbox 1436 2316 1519 2363; x_wconf 79' lang='lat' dir='ltr'>avi</span> <span class='ocrx_word' id='word_1_243' title='bbox 1556 2315 1818 2373; x_wconf 77' lang='lat' dir='ltr'>specimen.-</span> 
     </span>
     <span class='ocr_line' id='line_1_35' title="bbox 121 2387 1818 2452; baseline -0.002 -15"><span class='ocrx_word' id='word_1_244' title='bbox 121 2390 282 2452; x_wconf 92' lang='lat' dir='ltr'>primo</span> <span class='ocrx_word' id='word_1_245' title='bbox 322 2390 430 2437; x_wconf 89' lang='lat' dir='ltr'>loco</span> <span class='ocrx_word' id='word_1_246' title='bbox 460 2387 672 2443; x_wconf 83' lang='lat' dir='ltr'>Latinus</span> <span class='ocrx_word' id='word_1_247' title='bbox 704 2389 945 2451; x_wconf 89' lang='lat' dir='ltr'>processit</span> <span class='ocrx_word' id='word_1_248' title='bbox 976 2388 1275 2452; x_wconf 82' lang='lat' dir='ltr'>quadriiugo</span> <span class='ocrx_word' id='word_1_249' title='bbox 1308 2405 1478 2449; x_wconf 83' lang='lat' dir='ltr'>curm,</span> <span class='ocrx_word' id='word_1_250' title='bbox 1517 2389 1663 2435; x_wconf 89' lang='lat' dir='ltr'>huius</span> <span class='ocrx_word' id='word_1_251' title='bbox 1695 2390 1818 2435; x_wconf 91' lang='lat' dir='ltr'>tem-</span> 
     </span>
     <span class='ocr_line' id='line_1_36' title="bbox 122 2461 1816 2527; baseline -0.001 -17"><span class='ocrx_word' id='word_1_252' title='bbox 122 2478 246 2525; x_wconf 89' lang='lat' dir='ltr'>pora</span> <span class='ocrx_word' id='word_1_253' title='bbox 270 2463 518 2525; x_wconf 88' lang='lat' dir='ltr'>fulgentia</span> <span class='ocrx_word' id='word_1_254' title='bbox 550 2463 782 2527; x_wconf 87' lang='lat' dir='ltr'>cingebat</span> <span class='ocrx_word' id='word_1_255' title='bbox 811 2478 992 2512; x_wconf 89' lang='lat' dir='ltr'>corona</span> <span class='ocrx_word' id='word_1_256' title='bbox 1023 2479 1133 2512; x_wconf 90' lang='lat' dir='ltr'>cum</span> <span class='ocrx_word' id='word_1_257' title='bbox 1158 2462 1417 2512; x_wconf 88' lang='lat' dir='ltr'>duodecim</span> <span class='ocrx_word' id='word_1_258' title='bbox 1443 2462 1596 2510; x_wconf 89' lang='lat' dir='ltr'>radiis</span> <span class='ocrx_word' id='word_1_259' title='bbox 1628 2461 1816 2509; x_wconf 84' lang='lat' dir='ltr'>auratis</span> 
     </span>
     <span class='ocr_line' id='line_1_37' title="bbox 121 2536 1801 2606; baseline -0.002 -20"><span class='ocrx_word' id='word_1_260' title='bbox 121 2539 265 2586; x_wconf 89' lang='lat' dir='ltr'>tanto</span> <span class='ocrx_word' id='word_1_261' title='bbox 296 2537 485 2584; x_wconf 84' lang='lat' dir='ltr'>micans</span> <span class='ocrx_word' id='word_1_262' title='bbox 516 2537 733 2600; x_wconf 79' lang='lat' dir='ltr'>fulgore,</span> <span class='ocrx_word' id='word_1_263' title='bbox 764 2540 821 2584; x_wconf 90' lang='lat' dir='ltr'>ut</span> <span class='ocrx_word' id='word_1_264' title='bbox 851 2553 950 2586; x_wconf 91' lang='lat' dir='ltr'>non</span> <span class='ocrx_word' id='word_1_265' title='bbox 975 2537 1105 2600; x_wconf 90' lang='lat' dir='ltr'>ipse,</span> <span class='ocrx_word' id='word_1_266' title='bbox 1137 2537 1222 2586; x_wconf 87' lang='lat' dir='ltr'>sed</span> <span class='ocrx_word' id='word_1_267' title='bbox 1248 2536 1334 2586; x_wconf 88' lang='lat' dir='ltr'>Sol</span> <span class='ocrx_word' id='word_1_268' title='bbox 1364 2536 1801 2606; x_wconf 42' lang='lat' dir='ltr'>videretur-exisse</span> 
     </span>
    </p>
   </div>
   <div class='ocr_carea' id='block_1_10' title="bbox 123 2610 1919 2671">
    <p class='ocr_par' dir='ltr' id='par_1_10' title="bbox 123 2610 1919 2671">
     <span class='ocr_line' id='line_1_38' title="bbox 123 2610 1919 2671; baseline -0.002 -11"><span class='ocrx_word' id='word_1_269' title='bbox 123 2612 247 2671; x_wconf 72' lang='lat' dir='ltr'>biyis</span> <span class='ocrx_word' id='word_1_270' title='bbox 284 2612 323 2658; x_wconf 80' lang='lat' dir='ltr'>it</span> <span class='ocrx_word' id='word_1_271' title='bbox 361 2611 562 2658; x_wconf 82' lang='lat' dir='ltr'>Turnus</span> <span class='ocrx_word' id='word_1_272' title='bbox 598 2612 653 2658; x_wconf 80' lang='lat' dir='ltr'>in</span> <span class='ocrx_word' id='word_1_273' title='bbox 692 2612 818 2659; x_wconf 83' lang='lat' dir='ltr'>albis</span> <span class='ocrx_word' id='word_1_274' title='bbox 857 2611 974 2659; x_wconf 83' lang='lat' dir='ltr'>bina</span> <span class='ocrx_word' id='word_1_275' title='bbox 1017 2627 1173 2660; x_wconf 87' lang='lat' dir='ltr'>manu</span> <span class='ocrx_word' id='word_1_276' title='bbox 1214 2612 1310 2659; x_wconf 86' lang='lat' dir='ltr'>lato</span> <span class='ocrx_word' id='word_1_277' title='bbox 1357 2612 1581 2671; x_wconf 77' lang='lat' dir='ltr'>crispans</span> <span class='ocrx_word' id='word_1_278' title='bbox 1618 2610 1815 2658; x_wconf 79' lang='lat' dir='ltr'>hastilia</span> <span class='ocrx_word' id='word_1_279' title='bbox 1836 2617 1919 2656; x_wconf 84' lang='lat'>165</span> 
     </span>
    </p>
   </div>
   <div class='ocr_carea' id='block_1_11' title="bbox 122 2683 1816 2748">
    <p class='ocr_par' dir='ltr' id='par_1_11' title="bbox 122 2683 1816 2748">
     <span class='ocr_line' id='line_1_39' title="bbox 122 2683 1816 2748; baseline 0 -16"><span class='ocrx_word' id='word_1_280' title='bbox 122 2686 279 2745; x_wconf 81' lang='lat' dir='ltr'>ferro:</span> <span class='ocrx_word' id='word_1_281' title='bbox 328 2685 415 2747; x_wconf 90' lang='lat' dir='ltr'>qui</span> <span class='ocrx_word' id='word_1_282' title='bbox 454 2684 517 2732; x_wconf 88' lang='lat' dir='ltr'>ad</span> <span class='ocrx_word' id='word_1_283' title='bbox 556 2686 802 2733; x_wconf 88' lang='lat' dir='ltr'>certamen</span> <span class='ocrx_word' id='word_1_284' title='bbox 844 2685 1039 2734; x_wconf 85' lang='lat' dir='ltr'>exiebat</span> <span class='ocrx_word' id='word_1_285' title='bbox 1076 2685 1350 2748; x_wconf 87' lang='lat' dir='ltr'>expeditior</span> <span class='ocrx_word' id='word_1_286' title='bbox 1387 2683 1646 2747; x_wconf 88' lang='lat' dir='ltr'>processit,</span> <span class='ocrx_word' id='word_1_287' title='bbox 1694 2683 1816 2732; x_wconf 90' lang='lat' dir='ltr'>duos</span> 
     </span>
    </p>
   </div>
   <div class='ocr_carea' id='block_1_12' title="bbox 122 2771 477 2778">
    <p class='ocr_par' dir='ltr' id='par_1_12' title="bbox 122 2771 477 2778">
     <span class='ocr_line' id='line_1_40' title="bbox 122 2771 477 2778; baseline 0 448"><span class='ocrx_word' id='word_1_288' title='bbox 122 2771 477 2778; x_wconf 95' lang='lat' dir='ltr'> </span> 
     </span>
    </p>
   </div>
   <div class='ocr_carea' id='block_1_13' title="bbox 243 2795 1814 2868">
    <p class='ocr_par' dir='ltr' id='par_1_13' title="bbox 243 2795 1814 2868">
     <span class='ocr_line' id='line_1_41' title="bbox 243 2795 1814 2868; baseline -0.001 -13"><span class='ocrx_word' id='word_1_289' title='bbox 243 2816 269 2855; x_wconf 84' lang='lat'>5</span> <span class='ocrx_word' id='word_1_290' title='bbox 301 2813 399 2856; x_wconf 81' lang='lat' dir='ltr'>suis</span> <span class='ocrx_word' id='word_1_291' title='bbox 421 2810 460 2853; x_wconf 91' lang='lat' dir='ltr'><strong>V</strong></span> <span class='ocrx_word' id='word_1_292' title='bbox 485 2812 536 2854; x_wconf 81' lang='lat' dir='ltr'>in</span> <span class='ocrx_word' id='word_1_293' title='bbox 559 2812 655 2855; x_wconf 81' lang='lat' dir='ltr'>suis</span> <span class='ocrx_word' id='word_1_294' title='bbox 682 2811 752 2854; x_wconf 88' lang='lat' dir='ltr'>ed.</span> <span class='ocrx_word' id='word_1_295' title='bbox 847 2815 902 2855; x_wconf 92' lang='grc'>10</span> <span class='ocrx_word' id='word_1_296' title='bbox 933 2813 1160 2868; x_wconf 80' lang='lat' dir='ltr'>explicare</span> <span class='ocrx_word' id='word_1_297' title='bbox 1184 2811 1255 2856; x_wconf 89' lang='lat' dir='ltr'>ed.</span> <span class='ocrx_word' id='word_1_298' title='bbox 1349 2816 1404 2854; x_wconf 85' lang='lat'>14</span> <span class='ocrx_word' id='word_1_299' title='bbox 1436 2795 1718 2855; x_wconf 83' lang='lat' dir='ltr'>eoncwrreret</span> <span class='ocrx_word' id='word_1_300' title='bbox 1743 2809 1814 2853; x_wconf 87' lang='lat' dir='ltr'>ed.</span> 
     </span>
    </p>
   </div>
   <div class='ocr_carea' id='block_1_14' title="bbox 59 2869 1814 2927">
    <p class='ocr_par' dir='ltr' id='par_1_14' title="bbox 59 2869 1814 2927">
     <span class='ocr_line' id='line_1_42' title="bbox 59 2869 1814 2927; baseline -0.001 -15"><span class='ocrx_word' id='word_1_301' title='bbox 59 2870 62 2872; x_wconf 72' lang='grc'>’</span> <span class='ocrx_word' id='word_1_302' title='bbox 125 2874 182 2913; x_wconf 88' lang='grc'>18</span> <span class='ocrx_word' id='word_1_303' title='bbox 219 2871 578 2916; x_wconf 81' lang='lat' dir='ltr'>vulnerationem</span> <span class='ocrx_word' id='word_1_304' title='bbox 617 2870 732 2914; x_wconf 79' lang='lat' dir='ltr'>edF.</span> <span class='ocrx_word' id='word_1_305' title='bbox 794 2871 797 2927; x_wconf 55' lang='grc'>1</span> <span class='ocrx_word' id='word_1_306' title='bbox 854 2871 1075 2916; x_wconf 82' lang='lat' dir='ltr'>habuerat</span> <span class='ocrx_word' id='word_1_307' title='bbox 1103 2870 1141 2913; x_wconf 92' lang='lat' dir='ltr'>V</span> <span class='ocrx_word' id='word_1_308' title='bbox 1176 2871 1246 2915; x_wconf 91' lang='lat' dir='ltr'>ed.</span> <span class='ocrx_word' id='word_1_309' title='bbox 1287 2871 1502 2914; x_wconf 83' lang='lat' dir='ltr'>hebuerat</span> <span class='ocrx_word' id='word_1_310' title='bbox 1530 2883 1613 2912; x_wconf 84' lang='lat' dir='ltr'>nos</span> <span class='ocrx_word' id='word_1_311' title='bbox 1646 2869 1702 2912; x_wconf 88' lang='lat' dir='ltr'>cf.</span> <span class='ocrx_word' id='word_1_312' title='bbox 1731 2872 1814 2912; x_wconf 89' lang='grc'>906</span> 
     </span>
    </p>
   </div>
   <div class='ocr_carea' id='block_1_15' title="bbox 125 2928 1813 3043">
    <p class='ocr_par' dir='ltr' id='par_1_15' title="bbox 125 2928 1813 3043">
     <span class='ocr_line' id='line_1_43' title="bbox 125 2928 1813 2987; baseline -0.001 -15"><span class='ocrx_word' id='word_1_313' title='bbox 125 2931 174 2972; x_wconf 92' lang='lat' dir='ltr'>et</span> <span class='ocrx_word' id='word_1_314' title='bbox 217 2933 315 2973; x_wconf 88' lang='grc'>908.</span> <span class='ocrx_word' id='word_1_315' title='bbox 460 2933 515 2973; x_wconf 84' lang='grc'>29</span> <span class='ocrx_word' id='word_1_316' title='bbox 561 2930 699 2974; x_wconf 79' lang='lat' dir='ltr'>huius</span> <span class='ocrx_word' id='word_1_317' title='bbox 745 2943 832 2974; x_wconf 91' lang='lat' dir='ltr'>om.</span> <span class='ocrx_word' id='word_1_318' title='bbox 875 2929 944 2973; x_wconf 90' lang='lat' dir='ltr'>ed.</span> <span class='ocrx_word' id='word_1_319' title='bbox 1091 2934 1144 2974; x_wconf 87' lang='lat'>31</span> <span class='ocrx_word' id='word_1_320' title='bbox 1193 2931 1397 2987; x_wconf 75' lang='lat' dir='ltr'>miqrans</span> <span class='ocrx_word' id='word_1_321' title='bbox 1435 2929 1476 2971; x_wconf 90' lang='lat' dir='ltr'><strong>V</strong></span> <span class='ocrx_word' id='word_1_322' title='bbox 1522 2930 1698 2972; x_wconf 81' lang='lat' dir='ltr'>micans</span> <span class='ocrx_word' id='word_1_323' title='bbox 1743 2928 1813 2971; x_wconf 88' lang='lat' dir='ltr'>ed.</span> 
     </span>
     <span class='ocr_line' id='line_1_44' title="bbox 127 2987 770 3043; baseline 0.002 -12"><span class='ocrx_word' id='word_1_324' title='bbox 127 2992 182 3031; x_wconf 90' lang='lat'>33</span> <span class='ocrx_word' id='word_1_325' title='bbox 214 2989 390 3033; x_wconf 81' lang='lat' dir='ltr'>eoeiebat</span> <span class='ocrx_word' id='word_1_326' title='bbox 411 2988 453 3032; x_wconf 90' lang='lat' dir='ltr'><strong>V</strong></span> <span class='ocrx_word' id='word_1_327' title='bbox 486 2987 541 3032; x_wconf 88' lang='lat' dir='ltr'>cf.</span> <span class='ocrx_word' id='word_1_328' title='bbox 577 2992 647 3043; x_wconf 86' lang='grc'>10,</span> <span class='ocrx_word' id='word_1_329' title='bbox 672 2991 770 3032; x_wconf 83' lang='grc'><strong>399.</strong></span> 
     </span>
    </p>
   </div>
  </div>
 </body>
</html>
