2050 3226
197 141 306 195 254
671 139 903 184 DONATI
933 139 1214 184 INTERPR.
1240 139 1418 184 VERG.

198 280 328 341 quit,
367 295 467 328 non
503 280 669 327 totum
707 278 850 328 video
891 295 1038 341 quem
1077 281 1249 328 secuta
1287 294 1396 328 sum
1434 278 1595 328 mari?
1665 295 1751 328 cur
1788 295 1888 329 non

196 356 359 402 totum
411 354 554 403 video
617 369 762 416 quem
823 353 979 402 tantis
1042 354 1095 400 in
1147 353 1436 417 regionibus
1488 356 1735 403 terrarum
1788 369 1886 402 non

198 426 398 476 dimisi?
460 428 591 488 ftyite
634 441 730 484 me,
778 428 822 475 si
868 442 966 487 qua
1013 431 1081 475 est
1119 428 1302 486 pietas,
1352 427 1405 475 in
1455 442 1530 476 me
1578 428 1745 476 omnia
1794 428 1889 476 tela

197 502 411 559 conicite,
452 516 478 549 0
509 501 704 557 Rutuli,
743 515 819 549 me
848 502 1068 561 primam
1106 501 1343 549 absumite
1371 502 1527 561 ferro:
1564 517 1735 550 sensus
1775 517 1888 550 con-

194 575 350 624 trario
388 575 604 638 positus,
642 578 702 623 ut
731 576 843 637 pius
877 575 1072 623 dicatur
1103 574 1327 637 quisquis
1359 591 1469 623 eam
1498 576 1622 625 velit
1656 575 1888 624 occidere.

198 650 240 699 si
277 651 484 711 norunt,
529 648 715 712 inquit,
764 649 932 698 hostes
972 649 1243 712 aliquando
1282 648 1524 712 misereri,
1573 665 1652 698 me
1693 665 1889 713 quoque

197 723 426 785 occidite,
471 723 671 784 Rutuli,
709 722 762 771 in
799 740 878 771 me
918 723 1085 772 omnia
1121 723 1224 772 tela
1262 723 1532 788 congerite,
1570 723 1888 787 praestabitis

195 798 385 846 infelici
437 796 727 846 beneficium
781 799 830 845 et
883 796 1022 846 vobis
1076 797 1407 861 procurabitis
1461 798 1716 847 ultionem.
1807 797 1890 846 hic

159 936 162 939 Ι
197 872 509 920 sentiendum
546 873 622 920 est
652 887 741 919 cur
779 871 957 920 dixerit
987 887 1065 919 me
1097 873 1148 920 et
1183 887 1381 920 rursum
1412 873 1636 934 posuerit
1665 889 1756 920 me.
1818 873 1891 920 ita

197 948 272 994 est
295 946 425 994 enim
450 961 507 994 ac
531 944 575 994 si
599 944 783 994 diceret
804 961 882 993 me
900 945 1106 994 occidite
1124 962 1250 1008 quae
1273 946 1464 995 hostem
1481 948 1701 995 vestrum
1725 947 1889 1010 genui,

197 1036 325 1082 quae
365 1019 491 1081 alui,
540 1035 667 1082 quae
705 1019 915 1081 nutrivi,
963 1021 1186 1068 converti
1224 1019 1369 1068 debet
1407 1020 1614 1068 exitium
1650 1020 1704 1068 in
1741 1037 1820 1068 me
1860 1035 1890 1068 a

197 1110 295 1156 qua
332 1094 488 1143 hostis
519 1097 683 1143 vester
720 1095 920 1143 exortus
959 1095 1035 1142 est
1066 1097 1116 1143 et
1146 1094 1347 1143 vivendi
1378 1095 1591 1157 sumpsit
1621 1093 1889 1143 exordium.

93 1179 177 1219 495
197 1172 283 1216 aut
319 1171 392 1225 ta,
441 1182 616 1229 maqne
647 1171 792 1228 pater
830 1168 1018 1224 divam,
1066 1169 1293 1217 miserere
1338 1171 1510 1228 tuoque
1553 1169 1769 1216 invisam
1805 1169 1892 1216 hoc

195 1242 394 1290 detrude
432 1245 579 1303 caput
614 1243 704 1290 sab
747 1243 964 1290 Tartara
1001 1243 1111 1299 telo,
1153 1243 1347 1302 quando
1388 1243 1529 1291 aliter
1566 1257 1744 1303 nequeo
1785 1257 1891 1291 cra-

195 1317 346 1364 delem
384 1317 671 1377 abrumpere
707 1317 882 1364 vitam:
919 1315 1171 1378 miserere,
1207 1316 1396 1379 inquit,
1433 1316 1686 1380 Iuppiter,
1725 1319 1776 1365 et
1813 1333 1890 1364 me

195 1391 380 1454 perime
431 1390 638 1438 fulmine
688 1393 798 1439 tuo:
854 1391 1012 1439 sentio
1066 1392 1196 1439 enim
1251 1390 1370 1453 quia
1424 1391 1644 1440 adversis
1700 1392 1891 1453 superis

195 1465 324 1513 vivo.
407 1463 461 1512 in
517 1480 634 1513 nece
691 1479 803 1512 mea
852 1464 1149 1527 probabitur
1199 1465 1360 1527 pietas
1413 1467 1526 1527 tua,
1581 1466 1625 1514 si
1678 1465 1890 1514 dolentis

197 1540 443 1588 cruciatus
475 1538 730 1602 abruperis
763 1541 814 1587 et
845 1539 1084 1588 deleveris
1109 1540 1232 1601 let03
1265 1538 1402 1588 aliud
1427 1539 1612 1602 quippe
1638 1538 1888 1588 doloribus

194 1615 316 1662 meis
362 1613 632 1661 remedium
677 1629 777 1661 non
825 1615 901 1662 est
945 1614 1045 1662 nisi
1081 1615 1139 1661 ut
1175 1629 1309 1662 mors
1352 1613 1543 1662 adimat
1581 1614 1715 1676 quod
1753 1612 1889 1662 odio·

196 1703 251 1736 sa
286 1688 421 1736 vitae
455 1687 759 1736 diuturnitas
794 1687 943 1736 dedit.
1003 1688 1126 1736 haec
1164 1687 1262 1735 fuit
1299 1687 1502 1737 orbatae
1532 1687 1755 1736 mulieris
1794 1703 1889 1736 vox

197 1762 389 1810 abscisa
450 1763 499 1809 et
552 1778 641 1825 per
699 1761 861 1810 multa
915 1761 1211 1823 diversaque
1264 1760 1563 1824 discurrens3
1623 1762 1888 1826 integritas

197 1837 329 1884 enim
360 1851 531 1884 sensus
563 1852 763 1884 manere
794 1851 893 1884 non
924 1837 1092 1898 potuit
1120 1835 1173 1883 in
1205 1851 1264 1883 ea
1297 1851 1448 1899 quam
1485 1836 1699 1884 infelicis
1747 1851 1889 1884 casus

194 1911 454 1972 repentina
484 1910 714 1958 turbarat
745 1910 1004 1972 acerbitas,
1034 1925 1191 1973 usque
1223 1909 1346 1958 adeo
1385 1912 1444 1958 ut
1481 1911 1640 1958 multa
1675 1909 1888 1973 inpossi-

196 1984 318 2032 bilia
349 2000 439 2047 pro
471 1983 797 2047 possibilibus
828 1983 1059 2032 videatur
1087 1985 1328 2048 posuisse.
1395 1985 1481 2032 hoc
1517 1986 1633 2043 fleta
1671 1985 1890 2032 concussi

197 2059 372 2114 animi,
426 2058 734 2107 audientium
791 2058 981 2107 scilicet
1019 2058 1361 2107 Troianorum.
1447 2062 1751 2118 maestasque
1796 2072 1890 2118 per

196 2133 353 2180 omnis
375 2133 413 2179 it
431 2134 650 2193 yemt'taS,
676 2136 863 2192 torpent
883 2133 1125 2193 infractae
1149 2133 1215 2181 ad
1233 2133 1423 2193 proelia
1445 2133 1596 2180 vires:
1627 2148 1740 2181 cum
1762 2133 1890 2180 talia

198 2206 490 2267 dicerentur,
522 2221 760 2255 concussa
785 2207 1116 2255 Troianorum
1148 2208 1369 2255 omnium
1391 2222 1530 2255 mens
1562 2208 1638 2255 est
1668 2208 1718 2254 et
1740 2206 1888 2268 plena

196 2279 448 2329 maestitia
478 2281 822 2329 universorum
847 2296 1019 2329 sensus
1052 2280 1245 2330 adflixit
1282 2283 1503 2342 tantum,
1541 2282 1602 2328 ut
1630 2279 1889 2344 pugnandi

96 2362 181 2402 500
199 2354 416 2403 officium
439 2354 604 2403 cuncti
627 2356 916 2417 respuerent
939 2354 1139 2403 virtutis
1163 2357 1390 2418 torpente
1415 2354 1711 2403 substantia.
1749 2355 1888 2402 illam

197 2429 526 2477 incendentem
575 2429 754 2476 lactas:
804 2429 968 2477 luctus
1019 2445 1108 2491 per
1156 2444 1207 2477 se
1257 2429 1379 2476 mali
1428 2430 1545 2477 sunt
1594 2431 1643 2476 et
1696 2443 1887 2492 graveS,

199 2502 469 2551 acerbiores
502 2518 616 2551 vero
648 2503 796 2563 fiunt,
829 2503 871 2550 si
900 2503 988 2551 hos
1023 2503 1274 2567 quispiam
1299 2502 1547 2566 aliquibus
1571 2502 1886 2551 nutrimentis

199 2577 490 2625 accumulet.
568 2592 675 2624 cum
727 2576 885 2639 igitur
934 2579 1094 2624 mater
1143 2577 1351 2639 Euryali
1399 2577 1669 2640 lugendum
1719 2590 1888 2625 casum

199 2650 360 2699 verbis
401 2650 690 2698 accenderet
726 2653 776 2698 et
823 2649 1080 2714 adfligeret
1119 2651 1387 2712 audientis,
1434 2651 1620 2699 Idaeas
1659 2654 1703 2699 et
1738 2649 1888 2698 Actor

319 2782 341 2819 1
368 2782 510 2821 totum
533 2776 575 2819 V
598 2782 639 2821 te
663 2776 735 2820 ed.
758 2778 956 2832 utroque
980 2776 1093 2821 loco.
1187 2783 1215 2821 4
1247 2792 1277 2821 a
1307 2777 1534 2821 contrario
1566 2776 1638 2821 ed.
1731 2780 1755 2819 9
1788 2789 1887 2820 sene

198 2836 402 2880 tiendum
425 2836 466 2879 V
497 2836 743 2881 videndam
774 2835 845 2879 ed.
970 2841 1022 2878 17
1062 2841 1145 2880 tua
1183 2850 1270 2880 om.
1308 2835 1423 2880 edF.
1547 2839 1603 2878 20
1641 2836 1811 2880 orbitae
1844 2834 1886 2878 V

201 2909 313 2938 corr.
355 2895 426 2939 ed.
548 2900 601 2938 21
648 2895 944 2940 discurrentis
990 2895 1105 2939 edF.
1229 2900 1284 2939 26
1326 2896 1504 2952 yenitus
1542 2894 1597 2939 V.
1720 2898 1774 2938 29
1817 2908 1888 2939 res

197 2955 377 3008 suerent
400 2953 441 2997 V
472 2959 730 3010 respuerent
760 2954 830 2998 ed.
877 2954 881 3012 1
928 2958 1135 3010 turpente
1158 2954 1212 2998 V.

1921 963 1987 996 10-

1923 1331 1965 1364 15

1922 1702 1982 1734 20-

1920 2070 1962 2104 25

1919 2441 1962 2472 30
