2050 3226
776 199 1082 246 AENEIDOS
1106 200 1215 245 VIII
1741 203 1848 257 159

153 357 237 391 rus
277 342 336 390 de
375 339 573 389 auxiliis
612 341 778 389 fuerat
814 340 1054 389 redditus.
1124 342 1345 390 ceterum
1376 341 1420 389 si
1450 341 1543 390 hoc
1573 357 1674 389 non
1705 345 1848 404 esset,

154 417 441 480 culparetur
462 415 657 463 Aeneas
682 416 770 478 qui
799 415 853 463 in
882 417 1028 464 tanta
1052 430 1171 463 cura
1193 415 1387 478 positus
1411 415 1534 464 locis
1558 415 1849 478 capiebatur

154 493 206 539 et
241 492 466 540 veterum
512 488 708 537 fabulas
756 489 988 552 cupiebat
1026 489 1214 538 audire.
1291 493 1394 537 twm
1430 503 1517 537 rex
1554 490 1846 546 Euandrus,

153 565 409 613 Romanae
454 563 670 611 eonditor
715 564 871 611 areis:
931 563 1167 612 Euander
1219 579 1331 612 cum
1384 580 1499 612 eum
1553 564 1850 613 advertisset

104 654 124 688 ⁶
153 638 411 688 hominum
449 637 641 701 origine
677 639 903 686 veterum
943 637 1200 698 delectari,
1251 655 1312 686 ne
1359 638 1713 702 interrogando
1761 640 1850 686 aut

152 712 494 776 respondendo
524 711 738 760 tarditas
772 713 992 760 oreretur
1023 712 1101 760 die
1130 712 1235 760 iam
1263 712 1318 760 in
1350 727 1528 761 occasu
1560 713 1848 774 constitutO,

152 787 260 850 ipse
297 787 430 835 ultro
471 786 619 848 quasi
657 801 806 848 super
843 786 1070 835 omnibus
1101 787 1439 851 interrogatus
1470 787 1615 850 plene
1647 801 1847 835 exorsus

152 863 229 910 est
259 863 546 910 ostensurus
570 861 770 924 singula
794 862 845 908 et
868 877 1036 909 eorum
1063 860 1307 925 originem
1329 863 1637 909 narraturus.
1685 861 1850 923 coepit

150 935 308 999 igitur
345 936 437 984 sic:
498 934 616 983 haee
652 949 854 982 nemora
890 935 1149 996 indiqenae
1184 936 1334 995 fauni
1361 936 1694 996 nymphaeque
1724 938 1848 982 tene-

80 1025 124 1057 10
153 1010 270 1058 bant
295 1023 506 1070 yensque
531 1010 694 1056 virum
724 1009 910 1056 truncis
934 1012 978 1056 et
999 1009 1122 1057 duro
1144 1010 1311 1058 robore
1341 1013 1486 1058 nata:
1522 1010 1637 1070 ista,
1668 1010 1849 1073 inquit,
1866 1016 1952 1057 315

150 1099 355 1132 nemora
392 1083 623 1147 primitus
670 1084 814 1132 fauni
858 1082 1098 1132 tenebant
1135 1085 1187 1131 et
1223 1084 1472 1146 nymphae
1511 1086 1562 1132 et
1600 1083 1740 1132 aliud
1776 1084 1848 1132 vi·

150 1174 320 1206 rorum
351 1173 504 1222 genus
536 1159 711 1206 natum
743 1173 802 1206 ex
832 1157 1067 1206 arborum
1098 1159 1288 1206 truncis
1316 1160 1405 1206 aut
1426 1158 1614 1206 robore.
1675 1157 1850 1207 robore

153 1231 288 1295 quod
328 1233 421 1294 ait,
473 1235 561 1281 aut
606 1247 761 1296 genus
807 1231 937 1295 ligni
974 1231 1277 1296 significavit
1315 1234 1406 1280 aut
1444 1232 1634 1280 arboris
1675 1231 1849 1281 crassi-

150 1306 391 1356 tudinem.
466 1306 753 1370 indigenae,
801 1306 917 1354 inde
962 1305 1143 1370 geniti,
1192 1307 1285 1354 hoc
1323 1308 1398 1355 est
1442 1307 1497 1354 in
1540 1306 1664 1369 ipsis
1711 1307 1848 1368 lociS,

16 1425 17 1428 ,
79 1395 122 1428 15
153 1380 287 1443 quod
332 1382 499 1443 potest
543 1383 594 1428 et
639 1381 703 1428 ad
748 1380 925 1428 faunos
972 1382 1023 1428 et
1069 1381 1133 1428 ad
1178 1381 1425 1443 nymphas
1472 1381 1742 1443 pertinere,
1791 1383 1851 1428 ut

152 1470 320 1503 omnes
359 1455 462 1503 sint
497 1454 775 1519 indigenae.
845 1454 980 1502 dicta
1018 1456 1094 1503 est
1132 1456 1289 1519 origo,
1327 1456 1606 1504 necessario
1646 1455 1849 1504 subnec-

149 1529 277 1578 titur
314 1528 563 1591 quomodo
611 1545 662 1578 se
706 1530 838 1578 inter
880 1527 1031 1576 initia
1076 1529 1342 1593 gesserint:
1410 1530 1520 1589 quis
1556 1543 1709 1590 neque
1745 1544 1850 1577 mos

150 1617 303 1663 neque
341 1604 499 1651 cultus
538 1607 665 1652 erat:
704 1618 872 1651 omnes
911 1603 1088 1666 populi
1127 1606 1218 1652 aut
1254 1603 1446 1668 legibus
1487 1605 1722 1652 tenentur
1760 1607 1850 1652 aut

150 1677 392 1738 moribus,
430 1678 563 1741 leges
595 1679 925 1741 inponuntur,
956 1693 1064 1726 mos
1095 1694 1213 1726 vero
1246 1694 1305 1726 ex
1334 1679 1594 1726 voluntate
1624 1678 1850 1727 nascitur

78 1765 122 1798 ²0
149 1751 426 1800 incolarum
465 1755 516 1800 et
554 1755 631 1801 est
667 1769 756 1814 per
800 1752 1027 1815 regiones
1067 1751 1290 1801 diversus
1339 1758 1390 1800 et
1433 1753 1637 1815 perinde
1686 1752 1848 1801 obser-

149 1829 299 1874 vatur
335 1828 395 1874 ut
430 1826 522 1874 lex.
583 1827 669 1874 isti
705 1828 810 1874 tam
849 1825 998 1874 rudes
1036 1826 1260 1888 fuerunt,
1300 1829 1406 1875 tam
1437 1828 1623 1889 asperi,
1662 1829 1723 1876 ut
1759 1842 1849 1874 nec

150 1900 259 1964 lege
297 1900 404 1948 ulla
441 1916 531 1948 1100
571 1901 741 1962 aliquo
779 1917 916 1949 more
957 1902 1263 1962 tenerentur,
1303 1901 1495 1950 cultum
1539 1917 1735 1964 quoque
1766 1917 1849 1948 ne-

152 1974 387 2023 sciebant.
443 1974 531 2036 qui
554 1974 621 2023 sit
643 1975 806 2023 cultus
836 1976 943 2037 ipse
975 1977 1126 2038 poeta
1154 1975 1319 2038 ponit:
1350 1990 1437 2023 nee
1459 1976 1658 2036 *iunyere
1681 1979 1849 2024 tauros

152 2052 238 2096 aut
276 2062 555 2108 componere
593 2063 706 2108 opes
742 2053 942 2105 norant,
982 2050 1076 2098 hoc
1114 2053 1190 2099 est
1226 2051 1384 2098 terras
1423 2051 1669 2098 invertere
1702 2051 1766 2111 et,
1806 2049 1849 2097 si

78 2134 121 2168 25
151 2124 280 2171 esset
318 2138 468 2184 opum
513 2138 698 2186 magna
747 2123 1051 2185 substantia,
1100 2124 1390 2172 nesciebant
1428 2140 1486 2172 ea
1524 2124 1602 2172 uti
1640 2139 1847 2186 eamque

151 2197 429 2261 elegantius
470 2197 715 2245 ordinare.
776 2201 864 2245 ant
886 2211 1091 2258 parcere
1115 2201 1260 2258 parto
1292 2198 1372 2247 vel
1402 2197 1455 2245 in
1487 2198 1717 2246 futurum
1749 2214 1847 2246 ser-

150 2286 268 2320 vare
307 2273 512 2333 propter
549 2271 903 2319 necessitatum
933 2273 1244 2321 varietatem.
1314 2272 1677 2320 ordinationem
1711 2287 1847 2319 more

151 2360 242 2393 suo
281 2347 514 2394 executus
554 2347 650 2406 est,
689 2346 847 2407 primo
889 2345 1015 2394 dixit
1052 2362 1141 2395 nec
1180 2349 1231 2395 et
1268 2347 1322 2394 in
1359 2346 1522 2395 medio
1561 2346 1731 2409 posuit
1760 2361 1846 2393 no-

150 2421 287 2480 rant,
324 2421 384 2466 ut
423 2422 551 2468 esset
588 2435 679 2467 nec
716 2422 899 2468 norant
935 2422 1106 2469 tauros
1145 2422 1352 2484 iungere
1390 2437 1479 2469 nec
1517 2419 1699 2469 norant
1730 2435 1846 2481 opes

0 2455 7 2560 ι
78 2505 122 2537 so
152 2508 427 2557 conponere
466 2509 556 2542 nec
586 2495 768 2542 norant
798 2508 998 2556 parcere
1029 2497 1190 2557 parto.
1254 2511 1312 2543 ac
1341 2510 1430 2557 per
1458 2495 1552 2543 hoc
1582 2511 1729 2543 usum
1759 2494 1845 2541 ho-

150 2568 344 2615 minum
361 2569 447 2630 qui
471 2568 646 2630 postea
670 2568 908 2616 successit
930 2569 1232 2630 nesciebant,
1257 2568 1447 2618 scilicet
1468 2585 1558 2617 nec
1581 2583 1844 2631 procurare

270 2727 299 2766 4
328 2725 511 2768 romani
531 2723 585 2767 V.
623 2724 626 2782 l
663 2737 764 2767 eum
787 2737 889 2768 cum
911 2723 955 2767 V
985 2738 1021 2769 e.
1047 2738 1148 2769 eum
1178 2738 1262 2769 nos
1294 2725 1492 2769 alterum
1523 2738 1626 2768 cum
1657 2736 1745 2767 om.
1771 2723 1843 2767 ed.

0 2819 2 2828 1
153 2786 180 2826 5
224 2783 447 2827 hominem
491 2784 711 2840 oriyinem
748 2782 790 2826 V
835 2783 877 2826 h.
917 2784 1092 2841 oriyine
1134 2784 1205 2828 ed.
1252 2785 1485 2829 hominum
1528 2784 1701 2840 oriyine
1746 2795 1844 2826 nos.

0 2851 9 2891 j
153 2846 180 2885 6
210 2842 405 2886 om‘retar
432 2841 502 2885 ed.
589 2846 614 2885 9
646 2843 790 2899 ἐρέτην
820 2855 909 2885 0111.
935 2842 1006 2887 ed.
1093 2848 1148 2887 16
1173 2844 1322 2888 dietae
1343 2844 1506 2887 storieo
1528 2843 1778 2886 necessario
1802 2841 1845 2885 V

153 2900 359 2956 corrupit
383 2901 453 2944 ed.
540 2905 595 2945 19
628 2901 738 2958 leyis
760 2900 803 2943 V
828 2915 940 2945 corr.
966 2902 1039 2946 ed.
1117 2907 1173 2946 23
1204 2903 1316 2958 quid
1345 2904 1405 2946 sit
1436 2901 1507 2945 ed.
1586 2905 1643 2944 24
1673 2906 1847 2946 norwnt

153 2959 220 3014 (in
241 2959 432 3015 interpr.
460 2960 603 3004 semel
624 2965 798 3005 norwnt
818 2962 892 3004 ter
913 2963 1098 3018 norant)
1115 2961 1170 3005 V.
1200 2963 1204 3018 1
1232 2963 1284 3005 in
1306 2967 1448 3006 vetere
1464 2959 1506 3003 V
1528 2961 1747 3005 invertere
1771 2960 1842 3003 ed.

154 3021 208 3060 25
231 3018 394 3072 fnisset
408 3018 451 3062 V
473 3020 515 3063 si
538 3025 648 3064 esset
669 3033 753 3063 nos
775 3021 819 3064 si
838 3019 873 3073 f.
892 3020 957 3064 eis
980 3019 1050 3063 ed.
1133 3025 1188 3064 31
1214 3021 1474 3065 nesciebant
1488 3019 1530 3064 V
1553 3034 1634 3064 nec
1657 3033 1747 3064 esse
1771 3019 1842 3063 ed.
