2050 3226
8 587 17 607 ιι

74 614 93 646 5

8 662 11 686 Ι

50 983 94 1016 10

51 1353 93 1386 15

49 1723 94 1756 20

51 2093 94 2126 25

54 2463 97 2496 30

769 158 1074 204 AENEmos
1105 159 1169 203 IX
1707 161 1818 216 255

124 301 303 349 Ilionei
338 301 525 348 monita
562 302 604 347 et
641 299 847 347 multum
885 299 1189 347 lacrimantis
1226 299 1332 346 Iuli
1370 300 1639 359 corripiunt
1674 300 1819 348 inter-

125 389 215 435 que
242 389 422 423 manas
452 374 543 422 snb
574 376 695 422 tecta
723 376 1000 433 reponant:v
1024 373 1262 435 multum,
1293 372 1481 435 inquit,
1512 373 1818 422 lacrimantis

124 449 245 511 Iuli,
295 448 530 512 quoniam
580 448 717 510 apud
763 447 909 495 illum
956 447 1230 496 multarum
1278 463 1445 495 rerum
1490 447 1818 496 consideratio

124 524 244 583 fuit,
282 524 443 585 primo
476 521 609 585 quod
640 521 704 570 ad
734 523 929 584 patrem
962 520 1202 570 mandata
1230 521 1440 584 perferri
1478 521 1819 584 nequiverant,

125 596 300 646 deinde
348 596 549 645 amissio
595 598 854 645 tantorum
899 596 1144 657 virorum,
1195 595 1557 644 commendatio
1610 595 1820 658 Euryali

123 672 177 719 in
216 685 366 720 causa
403 669 579 719 matris
618 672 670 718 et
713 669 834 718 fides
873 669 1118 733 promissa
1163 671 1404 734 pergenti.
1479 671 1628 732 rapta
1664 669 1822 734 igitur

125 747 175 794 et
218 746 372 793 missa
418 744 511 793 sub
556 747 690 793 tecta.
729 746 826 806 est,
872 759 934 793 ne
972 743 1184 793 ulterius
1224 743 1446 793 virorum
1484 745 1676 792 animos
1716 743 1819 792 suis

125 819 425 868 clamoribus
464 819 730 883 frangeret.

239 892 311 941 At
346 894 464 942 taba
493 893 754 941 terribilem
785 893 998 941 sonitum
1019 892 1195 952 procul
1217 906 1329 941 aere
1359 906 1536 941 canoro
1565 892 1819 953 increpuit,

123 967 339 1027 sequitwr
388 967 571 1016 clamor
620 967 898 1027 caelumque
946 967 1175 1028 remuyit:
1224 966 1423 1028 Rutuli,
1478 966 1566 1029 qui
1614 965 1679 1014 ad
1727 966 1821 1014 hoc

123 1043 385 1103 venerant,
422 1043 481 1090 ut
512 1041 828 1103 dimicarent,
872 1040 1066 1090 accensi
1097 1057 1296 1105 quoque
1328 1057 1386 1089 ex
1416 1041 1550 1089 facto
1582 1040 1823 1089 dederunt

122 1115 243 1164 belli
272 1115 473 1180 signum
502 1132 591 1178 per
620 1115 796 1164 tubam
832 1117 975 1164 tanto
1008 1116 1138 1177 nisu,
1168 1118 1228 1163 ut
1257 1115 1405 1164 ferali
1435 1118 1586 1164 cantu
1618 1115 1821 1178 oppleta

124 1189 335 1239 fuissent
379 1189 614 1238 universa
658 1192 708 1238 et
753 1191 1025 1254 remugiret
1070 1190 1278 1238 caelum.
1353 1190 1485 1237 inter
1529 1190 1724 1253 mugire
1771 1192 1822 1237 et

124 1265 368 1329 remugire
418 1264 511 1312 hoc
559 1264 790 1312 interest:
841 1264 1004 1328 mugit
1053 1264 1187 1312 unde
1234 1264 1456 1327 mugitus
1507 1264 1668 1326 primo
1708 1279 1820 1326 pro·

123 1338 382 1400 ficiscitur,
427 1339 646 1402 remugit
692 1338 825 1401 quod
869 1338 1069 1402 mugitu
1114 1338 1277 1387 alieno
1323 1353 1612 1401 percussum
1656 1337 1823 1386 reddit

124 1412 326 1462 auribus
380 1412 513 1475 quod
568 1412 762 1476 accipit.
855 1413 1124 1461 accelerant
1182 1415 1293 1461 acta
1341 1413 1533 1473 pariter
1585 1412 1821 1460 testudine
1837 1424 1923 1464 505

134 1487 292 1535 Volsci
330 1490 373 1535 et
407 1487 572 1547 fossas
601 1487 787 1547 inplere
819 1490 1009 1547 parant
1038 1501 1097 1535 ac
1126 1487 1298 1535 vellere
1334 1487 1546 1535 vallum:
1582 1489 1698 1550 post
1726 1487 1820 1535 hoc

124 1562 322 1625 signum
359 1562 600 1610 venerunt
622 1561 794 1610 Volsci
838 1577 937 1610 uno
978 1561 1144 1610 animo
1190 1577 1390 1623 unoque
1429 1576 1669 1610 consensu
1709 1563 1822 1610 acta

123 1635 390 1685 testudine.
464 1636 666 1684 testudo
714 1638 789 1684 est
835 1652 962 1699 quae
1008 1635 1352 1684 coniunctione
1391 1638 1648 1684 scutorum
1685 1635 1820 1684 facta

123 1710 326 1758 latentis
365 1712 537 1772 supter
572 1711 701 1774 tegit
739 1712 980 1759 armatos:
1028 1725 1155 1773 quae
1201 1712 1320 1758 tunc
1366 1709 1424 1758 fit
1470 1711 1702 1773 quotiens
1746 1708 1820 1757 in-

124 1784 307 1833 feriora
363 1784 592 1833 adeunda
646 1787 764 1834 sunt
813 1785 864 1832 et
912 1785 1228 1847 superiorum
1275 1785 1519 1833 metuitur
1565 1784 1820 1833 violentia.

124 1859 174 1906 in
207 1873 397 1907 summo
428 1859 587 1923 igitur
617 1859 822 1907 fuerunt
851 1858 1077 1920 Troiani,
1110 1859 1280 1907 Volsci
1304 1861 1473 1907 autem
1495 1874 1586 1922 pro
1616 1858 1819 1906 Rutulis

126 1932 364 1981 facientes
394 1933 644 1995 parabant
673 1934 832 1982 fossas
863 1933 1053 1995 inplere
1086 1933 1166 1981 vel
1195 1949 1445 1996 rumpere,
1486 1949 1585 1995 quo
1617 1934 1822 1996 possent

126 2006 279 2055 etiam
328 2006 391 2054 ad
438 2008 592 2056 turris
629 2007 844 2070 parietes
895 2008 1167 2070 pervenire.
1244 2007 1471 2056 fecerunt
1518 2006 1702 2056 idcirco
1748 2009 1819 2054 te-

126 2081 396 2142 studinem,
434 2083 493 2129 ut
530 2081 772 2144 disposita
803 2082 1112 2145 conplerent,
1153 2082 1235 2130 cui
1271 2082 1367 2143 rei,
1406 2084 1465 2130 ut
1502 2082 1693 2130 factum
1731 2083 1820 2141 est,

125 2171 227 2203 una
279 2154 522 2203 mentium
576 2155 879 2218 conspiratio
941 2156 1106 2204 fuerat
1158 2155 1457 2218 necessaria,
1519 2172 1580 2204 ne
1633 2156 1819 2204 maiore

126 2229 456 2278 Troianorum
493 2230 544 2278 vi
579 2230 779 2278 testudo
824 2230 936 2292 ipsa
983 2230 1226 2279 dissoluta
1274 2230 1627 2279 succumberet.
1702 2230 1820 2278 huic

126 2303 354 2352 societati
403 2303 680 2352 animorum
733 2304 1040 2352 celeritatem
1089 2320 1287 2368 quoque
1340 2305 1720 2364 coniunxerant,
1759 2320 1818 2350 ne

127 2377 523 2442 adgredientium
570 2378 784 2427 tarditas
838 2378 1258 2442 expugnationem
1311 2379 1496 2428 faceret
1549 2378 1818 2427 fortiorem.

127 2456 368 2511 quaerant
408 2467 534 2512 pars
588 2453 801 2501 aditum:
854 2454 1102 2515 quaerunt
1152 2452 1346 2501 aditum
1401 2452 1573 2502 divisis
1629 2451 1818 2501 officiis.

248 2569 271 2608 1
303 2565 423 2609 inter
453 2565 551 2609 sine
583 2578 667 2621 que
690 2563 744 2608 V.
839 2569 865 2607 2
896 2565 1157 2609 maltum—
1176 2569 1201 2608 3
1226 2565 1326 2610 Iuli
1356 2579 1445 2608 om.
1470 2564 1542 2608 ed.
1632 2568 1657 2607 3
1688 2563 1821 2607 illum

127 2622 170 2666 V
199 2623 356 2667 Iulum
395 2623 466 2668 ed.
597 2628 622 2667 5
655 2625 822 2668 amisso
848 2622 890 2666 V
921 2625 1106 2669 amissio
1145 2624 1216 2668 ed.
1352 2628 1376 2667 6
1408 2624 1620 2681 peryenti
1649 2622 1691 2665 V
1718 2636 1821 2678 per-

128 2684 304 2739 ayentis
334 2682 450 2727 edF.
575 2688 599 2726 ‘1
631 2697 712 2727 nec
742 2696 826 2738 pro
851 2697 908 2727 ne
930 2682 985 2728 V.
1110 2687 1164 2727 12
1189 2689 1318 2728 tanto
1340 2682 1383 2726 V
1406 2689 1618 2738 tantoque
1652 2681 1711 2726 ed
1724 2681 1774 2726 F.
1811 2682 1815 2730 ἲ

129 2747 170 2785 et
197 2742 341 2796 ferale
370 2756 406 2787 c.
433 2756 470 2787 o.
495 2743 691 2797 fuissent
723 2757 768 2786 a.
803 2747 845 2786 et
872 2743 1116 2799 remuyiret
1145 2756 1180 2787 c.
1206 2742 1249 2786 V
1279 2747 1332 2787 nt
1360 2743 1498 2796 ferali
1532 2755 1614 2785 nos
1646 2743 1819 2784 temere

129 2803 242 2845 mut.
276 2801 346 2845 ed.
470 2806 525 2846 16
564 2802 824 2847 testitudine
864 2803 928 2857 (et
961 2801 1103 2858 infra.)
1134 2801 1190 2845 V.
1314 2806 1366 2845 17
1399 2801 1526 2858 vnlyi
1555 2814 1638 2856 pro
1673 2800 1822 2845 Volsci

131 2861 195 2915 (et
235 2859 372 2915 infra)
413 2860 467 2904 V.
603 2866 659 2905 24
699 2861 895 2917 parietis
931 2859 985 2904 V.
1038 2861 1042 2919 Ι
1093 2862 1333 2917 pervenire
1371 2859 1412 2901 V
1454 2860 1701 2915 perducere
1745 2859 1819 2903 ed.

130 2923 186 2962 28
216 2934 274 2964 ne
296 2919 338 2963 V
368 2926 421 2965 ut
451 2921 522 2964 ed.
588 2969 602 2977 ,
644 2924 699 2964 29
740 2921 1119 2977 expuynationem
1156 2920 1271 2965 Don.
1306 2918 1620 2963 resistentium
1660 2918 1820 2963 Troia-

131 2991 294 3022 norum
323 2979 439 3023 dicit
469 2982 522 3023 ut
554 2984 655 3025 515.
