2050 3226
236 177 344 230 212
709 174 941 219 DONATI
970 173 1250 218 INTERPR.
1275 173 1454 218 VERG.

234 314 365 363 sario
397 314 666 364 subeunda.
727 318 830 363 twm
860 329 1042 375 quoque
1073 314 1314 362 communi
1334 317 1532 374 portam
1561 315 1766 363 statione
1798 318 1921 362 tene-

234 389 374 437 bant:
404 404 557 451 supra
589 388 715 437 dixit
746 388 805 436 de
838 390 969 436 sorte
995 388 1204 452 singulis
1235 387 1456 436 curanda
1482 389 1592 437 loca
1623 389 1922 452 provenisse,

234 462 369 526 quod
417 464 583 525 ipsum
634 465 800 512 servat
849 463 914 510 ad
956 462 1168 511 istorum
1217 461 1529 524 felicitatem,
1574 465 1633 511 ut
1676 477 1767 510 nec
1810 462 1923 526 ipsa

233 552 339 586 sors
389 537 615 586 divisisse
664 537 894 586 videatur
945 552 1067 598 quos
1116 539 1262 584 tanta
1310 536 1629 585 familiaritas
1678 536 1922 584 iunxerat.

131 620 215 660 185
230 611 388 659 Nisus
427 611 520 660 ait:
565 611 697 659 diiue
733 612 861 658 hunc
899 611 1124 658 ardorem
1160 611 1399 659 mentibus
1438 611 1646 667 addimit,
1685 610 1920 671 Euryale,
1976 624 1996 658 ο

231 699 300 733 an
343 699 439 734 sua
484 686 654 744 cuique
699 685 818 732 deus
863 686 920 743 fit
965 685 1094 732 dura
1133 685 1340 744 cupido?
1394 684 1695 746 animorum,
1739 685 1921 746 inquit,

230 760 398 808 motus
429 761 481 806 et
510 759 836 822 cogitationes
867 759 1109 806 maximas
1140 758 1262 806 deus
1294 758 1478 820 aliquis
1517 760 1686 807 movet
1717 774 1781 806 an
1811 758 1922 820 ipsa

166 892 170 894 .
230 832 327 881 sibi
362 848 501 882 mens
538 832 752 882 hominis
785 833 904 881 deus
937 831 1044 881 est?
1101 836 1188 880 aut
1211 847 1433 893 puynam
1465 836 1551 880 aut
1581 833 1770 892 aliquid
1798 833 1922 880 iam-

230 907 417 955 dudum
467 907 699 955 invadere
749 922 984 968 matyrium
1034 920 1171 954 mens
1221 908 1373 967 ayitat
1418 907 1538 954 mihi
1590 921 1677 954 uec
1717 906 1922 967 placida

230 983 449 1029 contenta
479 982 632 1040 quiete
663 984 754 1029 est:
790 981 1096 1042 iamdudum,
1129 980 1215 1042 ait,
1247 980 1487 1028 desiderio
1523 980 1675 1028 ducor
1703 979 1920 1028 maximo
1953 994 1996 1026 ιο

231 1057 319 1103 aut
356 1071 580 1118 pugnam
617 1054 812 1119 magnis
852 1055 1042 1104 nisibus
1090 1053 1296 1119 adgredi
1335 1057 1426 1102 aut
1463 1054 1656 1117 aliquid
1705 1055 1920 1118 gloriose

228 1129 472 1192 perficere.
547 1129 757 1192 ideoque
804 1130 874 1178 sic
922 1129 1113 1178 animus
1161 1129 1407 1192 agitatur,
1457 1130 1516 1176 ut
1563 1144 1662 1178 uno
1708 1128 1762 1175 in
1811 1128 1919 1176 loco

229 1205 362 1251 stare
400 1218 500 1251 non
538 1203 720 1266 possit,
759 1206 810 1251 et
848 1219 955 1252 ecce
996 1204 1210 1252 occurrit
1249 1202 1464 1264 occasi0‚
1504 1219 1633 1265 quae
1674 1205 1749 1252 est
1787 1203 1920 1251 omni

228 1277 415 1326 virtute
445 1277 699 1340 rapienda.
762 1279 918 1325 cernis
949 1292 1072 1337 quae
1095 1277 1305 1325 Rutulos
1327 1277 1503 1325 habeat
1523 1277 1711 1335 fiducia
1740 1290 1918 1333 rerum,

226 1351 320 1400 hoc
359 1354 434 1399 est
473 1350 888 1414 quemadmodum
925 1367 1014 1400 nos
1052 1352 1220 1400 hostes
1253 1353 1574 1399 contemnant
1603 1351 1766 1413 vides3
1803 1365 1918 1398 nam
1952 1363 1994 1396 15

226 1425 429 1473 illorum
466 1425 783 1489 neglegentia
821 1442 879 1473 ex
919 1441 1015 1487 quo
1055 1426 1303 1487 nascitur,
1349 1426 1449 1473 nisi
1488 1425 1622 1487 quod
1660 1440 1750 1474 nos
1790 1424 1914 1473 arbi·

225 1501 428 1547 trantux
458 1498 691 1548 inbellis?
739 1500 926 1547 lumina
950 1515 1073 1548 rara
1096 1501 1291 1556 micant,
1318 1499 1451 1561 quod
1474 1499 1691 1561 primum
1721 1499 1919 1563 signum

126 1583 210 1623 190
227 1573 328 1621 fuit
358 1575 582 1636 soporati
618 1574 789 1622 hostis.
851 1588 1017 1622 somno
1055 1575 1260 1632 vinoque
1298 1573 1443 1621 soluti
1481 1574 1769 1621 conticuere:
1808 1588 1919 1620 cum

227 1651 356 1696 esset
394 1647 676 1696 coniectura
721 1647 781 1695 de
825 1647 1034 1696 raritate
1072 1648 1338 1710 luminum,
1385 1648 1593 1695 accessit
1630 1649 1681 1694 et
1718 1646 1919 1706 silentii,

227 1721 360 1784 quod
390 1722 644 1785 geminum
675 1721 871 1770 diversa
902 1738 927 1768 e
960 1723 1103 1785 parte
1130 1723 1483 1783 procuraverat
1504 1721 1707 1782 malum,
1731 1720 1919 1769 scilicet
1949 1733 1993 1765 20

225 1811 425 1844 somnus
472 1798 522 1844 et
567 1795 739 1844 vinum
786 1795 965 1858 quibus
1014 1797 1161 1843 strati
1207 1795 1558 1844 conticuerant.
1636 1795 1780 1842 silent
1825 1795 1919 1842 late

226 1869 353 1917 loca:
405 1871 458 1916 in
504 1871 649 1918 tanta
694 1869 915 1917 locorum
960 1869 1226 1918 latitudine
1275 1869 1527 1917 silentium
1575 1869 1778 1931 plenum
1829 1871 1917 1917 est.

214 1944 414 2003 percipe
451 1958 601 2003 porro
641 1944 758 2003 quid
803 1944 1034 1999 dubitem,
1081 1945 1175 1991 hoc
1220 1945 1296 1991 est
1342 1943 1466 2004 quid
1502 1943 1556 1990 in
1595 1943 1761 1990 animo
1807 1958 1916 1990 meo

223 2017 486 2065 tractando
524 2018 769 2066 volvatur.
840 2021 883 2065 et
920 2031 1043 2076 quae
1080 2032 1212 2065 nuuc
1243 2018 1406 2065 animo
1445 2018 1682 2065 sententia
1719 2020 1917 2065 constet:
2049 2035 2050 2064 ι

226 2090 346 2152 quid
393 2090 691 2140 decreverim
735 2091 1033 2140 faciendum.
1109 2090 1315 2139 Aenean
1354 2092 1504 2139 acciri
1541 2105 1725 2148 omnes,
1760 2104 1916 2150 popu·
1948 2102 1990 2135 25

225 2165 392 2224 iusque
416 2169 689 2224 patresque,
725 2169 983 2225 exposcunt
1005 2167 1220 2225 mittique
1242 2166 1373 2213 viros
1397 2166 1480 2226 qui
1503 2168 1632 2213 certa
1654 2169 1916 2224 reportent:

225 2238 614 2302 cogitationibus
646 2239 766 2288 meis
792 2240 1036 2288 consentit
1068 2239 1381 2302 oportunitas
1414 2240 1463 2287 et
1492 2240 1759 2288 necessitas
1793 2241 1915 2286 tem-

223 2313 383 2375 poris3
437 2328 554 2360 nam
607 2329 706 2361 uno
758 2329 924 2361 omnes
976 2314 1245 2376 eodemque
1296 2327 1535 2362 consensu
1587 2315 1693 2360 tam
1746 2315 1914 2375 patres

226 2403 378 2448 quam
401 2388 552 2435 etiam
575 2388 788 2449 populus
815 2387 878 2435 ad
901 2389 1105 2436 Aenean
1129 2387 1449 2436 decreverunt
1473 2402 1576 2435 esse
1600 2386 1914 2447 mittendum,

225 2461 305 2509 cui
335 2461 407 2509 rei
436 2460 597 2510 virtus
630 2464 705 2509 est
735 2461 1032 2526 necessaria,
1065 2477 1191 2524 quae
1223 2464 1327 2510 tam
1360 2461 1614 2524 egregium
1644 2461 1833 2508 factum
1865 2463 1915 2508 et
1946 2471 1990 2503 30

225 2534 431 2598 adgredi
475 2534 634 2597 possit
679 2537 729 2582 et
773 2536 971 2598 inplere.
1050 2537 1094 2583 si
1140 2536 1227 2584 tibi
1271 2549 1394 2595 quae
1437 2549 1582 2594 posco
1629 2536 1916 2595 promittunt

343 2695 369 2734 3
401 2697 550 2736 servat
571 2690 614 2734 V
643 2691 797 2744 fuerat
819 2691 891 2735 ed.
984 2697 1008 2735 6
1041 2692 1161 2736 dura
1183 2690 1226 2734 V
1249 2692 1355 2736 dira
1378 2690 1515 2747 Verg.
1540 2690 1651 2734 libri
1675 2690 1745 2733 ed.
1770 2690 1914 2734 inter-

223 2750 425 2804 pretatio
464 2751 515 2793 in
552 2750 705 2794 medio
745 2749 979 2804 relinquit.
1105 2755 1158 2794 18
1198 2752 1448 2795 conticuere
1488 2749 1561 2806 (cf.
1595 2751 1697 2804 237)
1729 2748 1772 2792 V
1803 2763 1910 2804 pro-

224 2810 413 2853 cubuere
443 2809 580 2865 Verg.
613 2808 735 2852 libri.
859 2814 914 2853 20
954 2810 1156 2854 diversae
1186 2809 1228 2853 V
1267 2823 1346 2854 -sa
1385 2809 1456 2852 ed.
1586 2813 1641 2851 22
1680 2808 1911 2852 silentium

216 2869 406 2923 plenu-m
437 2874 501 2913 est
530 2868 572 2911 V
602 2870 715 2912 mut.
750 2868 820 2911 ed.
944 2873 999 2911 24
1037 2870 1249 2914 voli-erim
1289 2869 1359 2912 ed.
1408 2868 1413 2926 Ι
1462 2868 1707 2912 sententiae
1744 2872 1912 2911 constet

224 2926 298 2994 (cf.
333 2931 386 3028 δὴ
401 2929 501 2983 748)
534 2927 575 2971 V
606 2929 829 2972 sententia
865 2933 1025 2984 suryat
1063 2929 1133 2972 ed.
1167 2930 1214 2972 et
1243 2927 1382 2984 Verg.
1414 2926 1536 2970 libri.
1667 2930 1721 2969 25
1761 2940 1910 2970 acaria

224 2999 314 3030 cire
390 3020 399 3029 .
