2050 3226
782 135 1087 214 AENEmos
1118 136 1160 180 x
1702 139 1812 193 375

86 326 93 347 ,
121 279 260 339 sunt,
299 278 358 326 ut
395 276 570 325 exinde
603 279 843 340 appareat
872 276 1009 340 quod
1039 291 1144 325 esse
1175 276 1360 325 dicitur
1390 279 1505 340 post
1535 276 1813 340 depositam

121 353 293 400 vitam.
370 354 423 400 at
466 351 663 412 primas
717 351 846 400 laeta
898 354 1010 400 ante
1062 351 1191 399 acies
1241 350 1423 399 exultat
1470 351 1656 412 imayo:
1702 352 1812 400 ideo

121 426 277 487 laeta,
313 425 425 474 ideo
459 425 709 487 exultans,
739 427 798 474 ut
826 427 1119 489 provocaret
1146 424 1200 472 in
1230 423 1545 473 iracundium
1575 425 1812 474 Turnum.

121 499 334 562 denique
373 499 599 562 sequitur
635 501 898 559 inritatque
933 500 1096 547 virum
1133 499 1239 547 telis
1278 503 1322 547 et
1357 513 1468 547 voce
1506 499 1717 556 lacessit,
1756 503 1815 548 ut

12 615 25 645 ἰ,
120 573 318 623 laetitia
365 573 525 623 hostis
575 575 625 622 et
678 574 1007 635 exultatione,
1059 589 1178 623 voce
1233 575 1284 622 et
1335 573 1547 621 inritatu
1599 573 1814 622 telorum

14 960 90 1009 ⁴10

7 1330 88 1385 315

46 1700 89 1733 20

3 2096 26 2126 ,ς
47 2077 90 2110 85

120 651 380 711 tamquam
405 647 468 697 ad
498 663 668 697 veram
699 665 922 712 pugnam
950 647 1072 696 totis
1098 648 1293 696 Turnus
1318 648 1498 696 animis
1522 649 1812 696 armaretur.

119 722 328 771 inritare
371 737 577 785 prorsus
624 722 833 771 dicimus
881 723 1011 771 feras
1057 737 1348 784 provocare:
1393 722 1508 770 inde
1557 724 1815 785 sumptum

121 799 196 846 est
217 798 276 844 ut
298 798 349 845 et
371 796 594 846 homines
625 796 827 846 inritari
858 796 1104 859 dicantur,
1137 812 1250 845 cum
1279 797 1335 844 in
1365 797 1591 859 aliquam
1620 799 1815 859 partem

121 870 406 934 asperitatis
445 873 702 935 urgentur.
787 872 884 919 hoc
931 871 1090 935 igitur
1139 870 1320 935 agebat
1367 870 1546 919 umbra
1593 870 1707 932 illa,
1756 873 1815 919 ut

120 946 343 993 Turnum
381 961 482 994 non
519 947 653 1009 ipsa,
693 945 780 994 sed
819 945 1012 994 Aeneas
1050 960 1320 1008 provocare
1350 945 1615 994 videretur.
1664 946 1817 994 instat
1831 950 1917 990 645

121 1020 199 1068 cui
238 1020 440 1068 Turnus
477 1020 846 1079 stridentemque
892 1020 1080 1068 eminus
1123 1019 1317 1068 hastam
1362 1020 1556 1068 conicit:
1601 1021 1816 1082 sumpsit

121 1093 386 1142 audaciam
436 1094 658 1156 Turnus,
708 1095 797 1156 qui
844 1095 924 1142 tot
968 1094 1127 1142 modis
1177 1093 1344 1142 fuerat
1390 1094 1714 1155 provocatus,
1764 1097 1816 1142 et

120 1185 295 1216 verum
340 1167 630 1217 existimans
675 1169 870 1217 hostem
914 1167 1032 1216 iecit
1076 1168 1297 1229 hastam,
1347 1167 1434 1216 sed
1478 1168 1572 1216 hoc
1622 1168 1813 1217 eminus

120 1243 261 1304 fecit3
301 1242 535 1306 congredi
585 1243 718 1290 enim
768 1242 1043 1291 comminus
1092 1258 1193 1291 non
1243 1241 1475 1289 audebat.
1561 1242 1652 1290 illa
1701 1242 1813 1291 dato

119 1317 260 1364 vertit
295 1318 497 1378 vestiyia
535 1320 687 1378 tergo:
724 1317 836 1378 issa,
874 1316 1061 1379 inquit,
1098 1317 1191 1365 hoc
1237 1318 1313 1364 est
1355 1315 1555 1378 umbra,
1599 1332 1716 1365 mox
1760 1318 1814 1364 in

120 1391 293 1455 fugam
341 1406 485 1439 versa
531 1393 620 1440 est.
704 1394 806 1439 tum
854 1405 965 1439 vero
1014 1388 1221 1439 Aenean
1271 1404 1497 1439 aversum
1546 1393 1602 1438 ut
1653 1391 1815 1439 cedere

121 1466 323 1513 Turnus
361 1465 565 1513 credidit
600 1468 741 1526 atque
779 1466 944 1514 animo
981 1479 1115 1526 spem
1146 1465 1371 1513 turbidus
1399 1464 1566 1512 hausit
1592 1465 1815 1513 inanem.-

119 1540 236 1588 licet
259 1541 407 1587 antea
430 1539 636 1588 Aenean
658 1541 886 1602 putasset
908 1539 1104 1587 Turnus
1126 1539 1180 1586 in
1205 1555 1351 1602 quem
1373 1539 1573 1587 hastam
1594 1538 1814 1600 miserat,

118 1613 230 1662 tum
266 1615 428 1678 magis
467 1615 633 1676 ipsum
670 1629 774 1662 esse
822 1613 1033 1662 credidit
1082 1629 1230 1677 quem
1279 1612 1466 1677 fugisse
1516 1613 1814 1676 perviderat.

119 1688 210 1736 illa
248 1687 366 1737 dato
404 1688 557 1737 vertit
593 1688 810 1752 vestigia
847 1690 1010 1752 tergo:
1050 1703 1208 1749 more,
1254 1686 1442 1750 inquit,
1492 1688 1716 1736 timentis
1760 1687 1815 1735 in

120 1762 294 1826 fugam
332 1777 476 1811 versa
514 1764 603 1811 est.
679 1764 788 1811 tum
836 1778 952 1811 vero
1002 1762 1208 1810 Aenean
1260 1777 1489 1811 aversum
1537 1763 1598 1810 ut
1646 1761 1815 1810 cedere

121 1837 319 1884 Turnus
344 1836 555 1885 credidit
585 1839 736 1900 atque
769 1837 935 1886 animo
968 1851 1116 1900 spem-
1136 1835 1364 1885 turbidus
1395 1835 1564 1884 hausit
1592 1835 1814 1884 inanem:

120 1912 226 1973 ipse
257 1910 355 1959 fuit
384 1926 531 1960 verus
564 1927 702 1959 error
730 1911 785 1959 in
815 1911 1039 1959 sensibus
1071 1911 1228 1958 Turni
1266 1912 1324 1959 ut
1362 1909 1582 1959 crederet
1611 1910 1815 1960 Aenean

119 1988 264 2049 terga
302 1986 524 2034 vertisse.
578 2001 677 2048 quo
716 1986 906 2034 factum
945 1987 1115 2051 estut
1151 2000 1283 2034 vana
1321 1999 1407 2048 spe
1438 1985 1613 2033 ductus
1646 2000 1814 2048 super-

120 2059 235 2108 bam
266 2059 364 2106 iret
391 2058 445 2106 in
476 2075 646 2108 vocem
677 2059 842 2108 dicens
873 2060 1017 2108 haec:
1047 2073 1139 2118 quo
1169 2059 1317 2120 fuyia
1341 2057 1546 2107 Aenea?
1576 2059 1815 2108 thalamos

119 2148 181 2181 ue
219 2133 381 2181 desere
411 2136 606 2194 pactos:
646 2134 788 2197 quid,
826 2134 1014 2195 inquit,
1053 2132 1208 2197 fugiS,
1247 2132 1453 2181 Aenea?
1491 2135 1718 2196 expecta,
1754 2136 1816 2181 ut

121 2209 318 2256 servata
355 2209 615 2269 pactorum
654 2208 749 2255 fide
781 2210 1008 2271 optatam
1038 2207 1190 2256 ducas
1221 2223 1436 2256 uxorem.
1497 2207 1589 2255 hac
1618 2207 1816 2255 dabitur
1831 2216 1916 2256 650

121 2282 293 2330 dextra
323 2282 464 2330 tellus
495 2282 715 2342 quaesita
739 2296 831 2342 per
861 2282 1050 2330 undas:
1088 2297 1179 2346 ego
1210 2281 1306 2330 tibi
1335 2297 1448 2330 mea
1480 2281 1652 2330 dextra
1684 2281 1812 2330 dabo

120 2358 307 2404 terram
357 2371 510 2419 quam
561 2356 647 2403 diu
697 2355 938 2418 quaesisti
985 2372 1076 2419 per
1122 2357 1295 2404 maria.
1379 2356 1502 2404 talia
1539 2356 1813 2414 vociferans

121 2431 337 2490 sequitur
373 2431 683 2490 strictumque
721 2432 940 2478 coruscat
974 2444 1251 2478 mucronem
1287 2444 1376 2478 nec
1404 2431 1535 2490 ferre
1563 2429 1691 2476 videt
1719 2443 1814 2477 sua-

119 2504 308 2564 9audia
336 2507 524 2552 ventos:
554 2503 802 2553 clamabat
832 2506 884 2552 et
914 2503 1213 2567 sequebatur
1241 2503 1531 2568 fugientem,
1563 2502 1814 2566 gaudebat

124 2594 319 2640 quoque
370 2581 420 2626 et
469 2579 698 2627 strictum
746 2577 971 2642 gladium
1016 2578 1253 2642 portabat
1289 2580 1465 2641 utpote
1504 2579 1709 2640 paratus
1750 2577 1813 2625 ad

243 2724 269 2762 2
301 2724 407 2764 aute
431 2733 519 2764 om.
537 2719 592 2764 V.
683 2723 709 2763 6
740 2719 1068 2764 toto—auimo
1092 2719 1164 2763 ed.
1202 2719 1206 2777 Ι
1242 2724 1501 2765 armaretur
1523 2717 1565 2760 V
1589 2718 1660 2762 ed.
1686 2732 1813 2775 aspe-

121 2783 336 2823 raretur‘?
420 2782 447 2822 8
478 2779 672 2823 inritare
695 2777 737 2820 V
761 2791 874 2822 corr.
900 2778 971 2822 ed.
1058 2783 1113 2822 15
1144 2780 1197 2822 iu
1218 2779 1333 2834 fuya
1355 2777 1410 2822 V.
1498 2782 1552 2821 16
1576 2778 1814 2822 adversum

125 2838 189 2894 (et
210 2836 350 2893 infra)
378 2837 452 2882 ed.
545 2842 600 2881 18
632 2842 740 2882 aute
763 2837 835 2881 ed.
929 2841 983 2881 19
1015 2842 1111 2883 tum
1133 2837 1176 2881 V
1206 2843 1358 2882 tamen
1380 2836 1451 2880 ed.
1488 2836 1493 2894 Ι
1521 2837 1816 2893 praeviderat

31 2935 34 2937 .
125 2895 196 2939 ed.
281 2901 338 2940 22
369 2897 495 2942 ausit
517 2899 674 2954 (supra
696 2897 836 2951 recte)
860 2895 916 2941 V.
1001 2901 1057 2940 23
1080 2910 1212 2941 verus
1235 2895 1277 2938 V
1299 2909 1447 2940 vanus
1470 2895 1542 2939 ed.
1627 2900 1683 2939 25
1706 2897 1814 2941 haec

126 2968 214 3000 om.
239 2955 311 3000 ed.
434 2960 488 3000 31
521 2961 675 3001 ventos
704 2969 792 3000 om.
818 2954 872 3000 V.
995 2959 1050 2999 32
1081 2961 1239 3012 utpute
1261 2954 1316 2999 V.
