2050 3226
127 999 171 1032 10

130 1370 171 1404 15

128 1742 172 1775 80

130 2119 173 2153 25

845 176 1151 222 AENEIDOS
1180 176 1246 221 XI
1784 182 1892 237 459

201 318 416 367 occurrit
454 316 684 366 adserens
724 333 806 368 eos
844 334 935 367 nec
972 318 1153 367 lassari
1188 332 1334 381 posse
1365 318 1599 367 certando
1629 335 1718 369 nec
1748 320 1896 369 vinci.

202 394 252 442 et
288 390 503 453 tamdiu,
548 391 735 454 inquit,
782 393 835 440 in
877 391 1047 441 labore
1091 393 1388 456 persistunt,
1434 391 1589 441 donec
1634 394 1895 443 victoriam

201 467 570 530 consequantur
618 467 669 513 et
722 466 983 515 obtineant
1030 466 1265 531 gloriam:
1318 467 1412 535 hoc
1462 469 1538 515 est
1588 467 1747 516 dicere
1796 484 1895 517 non

201 539 458 589 discedunt
496 539 556 588 de
595 555 793 603 camp0‚
831 540 930 589 nisi
968 540 1031 589 ad
1069 541 1272 604 plenum
1311 540 1588 604 superiores
1628 541 1896 591 extiterint.

201 629 335 676 spem
372 614 418 662 si
454 628 603 674 quam
640 615 841 663 adscitis
869 614 1095 663 Aetolwm
1127 615 1368 664 habaistis
1404 616 1459 662 in
1497 616 1672 672 armis,
1708 618 1898 676 ponite,-

200 703 310 750 spes
339 689 436 737 sibi
465 689 688 750 quisque:
718 688 881 737 adhuc
903 690 1028 738 facit
1049 690 1567 739 commemorationem
1598 689 1898 739 auxiliorum

201 778 233 811 a
269 762 508 811 Diomede
546 765 862 827 negatorum,
911 765 972 812 ut
1009 764 1240 812 ostendat
1276 763 1430 812 etiam
1465 764 1635 827 ipsum
1671 764 1898 813 timuisse

201 839 252 886 et
305 837 411 886 eius
464 838 743 901 exemplum
794 853 899 886 esse
946 838 1283 900 retinendum,
1337 837 1678 887 deficientibus
1729 840 1899 887 autem

201 911 436 960 subsidiis
485 911 660 960 debere
705 927 1108 975 unumquemque
1154 913 1370 977 gerenda
1418 927 1592 960 curare
1641 928 1731 976 per
1779 928 1899 961 sese.

202 985 323 1050 quia
362 985 461 1034 dici
498 987 666 1049 potuit
704 986 747 1034 si
786 986 972 1034 auxilia
1003 986 1249 1051 denegata
1288 988 1427 1047 sunt,
1467 985 1716 1036 aderimus
1754 987 1899 1035 nobis

200 1063 373 1109 nostra
418 1060 627 1122 virtute,
677 1059 789 1109 ideo
836 1061 964 1109 dixit
1009 1075 1118 1123 spes
1166 1060 1262 1109 sibi
1304 1060 1538 1124 quisque,
1587 1060 1674 1109 sed
1719 1063 1770 1110 et
1805 1061 1900 1110 hoc

202 1134 389 1183 ademit
418 1135 489 1183 eis
529 1134 781 1184 subdendo
821 1135 906 1182 sed
935 1135 1052 1183 haec
1086 1150 1233 1195 qaam
1264 1138 1476 1196 anyasta
1511 1135 1705 1192 videm,
1746 1138 1900 1183 cetera
1917 1146 2003 1186 310

202 1223 301 1269 qua
322 1223 489 1257 rerwm
517 1210 711 1257 iaceant
724 1209 956 1269 perculsa
984 1209 1137 1257 ruina
1166 1211 1278 1257 ante
1299 1209 1461 1257 ocutos
1481 1209 1699 1270 interque
1719 1223 1901 1258 manus

201 1286 318 1331 sunt
353 1285 519 1331 omnia
556 1287 768 1331 vestras:
805 1285 856 1331 et
893 1284 957 1344 si,
994 1282 1183 1346 inquit,
1219 1285 1390 1345 posset
1418 1283 1678 1346 provenire
1711 1285 1771 1331 ut
1808 1299 1901 1332 sua

203 1373 448 1421 quemque
474 1358 634 1406 virtus
671 1357 955 1406 defenderet
987 1373 1017 1406 a
1045 1357 1281 1420 periculis
1304 1357 1439 1419 belli,
1469 1358 1572 1405 iam
1596 1373 1695 1406 non
1719 1360 1900 1420 potest.

201 1431 381 1480 videtis
419 1433 552 1480 enim
591 1430 793 1480 adflicta
830 1431 998 1480 omnia
1038 1434 1088 1480 et
1124 1431 1349 1494 probatis
1388 1431 1544 1481 oculis
1581 1431 1759 1481 vestris
1800 1447 1901 1494 qua

200 1505 449 1554 malorum
491 1506 638 1554 ruina
682 1521 762 1554 res
806 1509 1006 1555 nostrae
1051 1508 1323 1555 noscantur
1359 1521 1638 1569 oppressae.
1715 1507 1780 1568 si,
1826 1506 1900 1554 in-

203 1580 336 1643 quit,
371 1579 646 1629 adsertioni
675 1596 814 1628 meae
843 1579 964 1629 fides
995 1596 1095 1628 non
1128 1581 1291 1642 adest,
1331 1579 1452 1643 quid
1483 1583 1664 1645 agatur
1692 1580 1900 1643 probate

201 1655 301 1717 ipsi
330 1654 600 1703 luminibus
633 1654 827 1703 vestris
884 1670 1011 1718 quae
1049 1656 1210 1703 maior
1251 1655 1558 1704 confirmatio
1594 1669 1698 1703 esse
1734 1654 1903 1718 potuit

204 1745 357 1791 quam
386 1732 446 1777 ut
478 1730 586 1793 ipse
610 1731 739 1778 esset
760 1728 902 1778 testis
928 1730 1009 1778 cui
1038 1730 1302 1777 veritatem
1332 1744 1525 1777 necesse
1556 1730 1722 1777 fuerat
1746 1729 1899 1777 oculis

202 1802 418 1866 propriis
465 1802 794 1867 conprobari?
864 1818 952 1852 nec
1001 1818 1289 1863 quemquam
1336 1804 1526 1860 incasO,
1574 1804 1735 1863 potuit
1779 1817 1902 1864 quae

195 1878 419 1938 plurima
459 1879 617 1926 virtus
663 1892 764 1926 esse
807 1878 925 1938 fuit,
973 1881 1064 1926 toto
1111 1880 1342 1925 certatam
1389 1881 1458 1926 est
1502 1891 1696 1937 corpore
1741 1878 1902 1938 requi:

204 1951 297 2000 sub
335 1953 556 2015 imagine
593 1953 740 2000 istius
779 1952 943 2000 laudis
982 1952 1141 2001 omnis
1172 1952 1413 2015 probatur
1441 1952 1495 1999 in
1534 1950 1774 2000 orationis
1804 1951 1901 1999 fine

205 2025 507 2089 desperatio:
544 2042 665 2087 non,
703 2026 893 2088 inquit,
930 2027 1126 2087 incuso3
1178 2027 1296 2074 fecit
1337 2026 1519 2089 quippe
1557 2025 1900 2089 unusquisque

206 2100 342 2163 quod
379 2099 571 2162 debuit,
621 2099 836 2163 inplevit
883 2102 1049 2149 vestra
1093 2101 1252 2149 virtus
1304 2100 1468 2149 officia
1517 2115 1609 2149 sua
1659 2103 1708 2149 et
1759 2115 1900 2148 omne

203 2190 414 2238 regnum
444 2175 498 2222 in
529 2189 669 2223 arma
700 2190 994 2224 conversum
1015 2177 1111 2235 est,
1152 2173 1296 2236 quasi
1326 2175 1369 2222 si
1400 2174 1586 2222 diceret
1609 2173 1729 2236 quid
1753 2174 1900 2222 facie-

204 2264 314 2297 mus
353 2249 502 2311 pauci
548 2251 599 2297 et
634 2249 754 2297 fessi
794 2250 881 2311 qui
927 2264 1037 2297 cum
1084 2249 1239 2298 totius
1285 2250 1427 2312 regni
1475 2248 1664 2298 viribus
1715 2248 1901 2296 recenti

205 2323 394 2371 virtute
434 2324 676 2372 certantes
715 2339 804 2371 nec
835 2322 1056 2371 obtinere
1087 2324 1341 2385 potuimus
1372 2325 1423 2371 et
1454 2323 1642 2371 adflicti
1680 2321 1899 2370 discessi·

205 2396 352 2446 mus?
389 2397 510 2445 haec
535 2396 741 2445 dicendo
773 2399 824 2445 et
853 2397 980 2445 illud
1011 2397 1230 2459 satiavit,
1262 2413 1401 2461 spem
1434 2413 1534 2445 non
1559 2412 1663 2445 esse
1689 2395 1901 2443 addendi

207 2471 400 2534 aliquos
441 2487 499 2519 ex
541 2472 758 2533 propriis
796 2472 940 2533 viris,
989 2471 1226 2534 quoniam
1271 2472 1527 2520 universos
1570 2485 1692 2533 quos
1732 2469 1902 2518 Latini

327 2647 353 2686 5
385 2644 575 2698 inquam
605 2656 690 2698 pro
721 2643 764 2686 si
793 2657 929 2699 quam
951 2642 1006 2687 V.
1052 2643 1058 2701 Ι
1099 2644 1258 2687 accitis
1289 2643 1360 2686 ed.
1486 2646 1540 2685 10
1570 2640 1836 2698 deneqanda
1859 2639 1900 2683 V

209 2714 322 2745 corr.
356 2701 472 2746 edF.
567 2706 620 2744 11
654 2707 696 2745 et
726 2715 816 2745 om.
841 2701 957 2746 edF.
1059 2707 1112 2746 13
1144 2717 1282 2758 qua-m
1311 2715 1482 2754 rerum,
1515 2700 1595 2744 sed
1627 2700 1677 2743 in
1707 2700 1899 2755 interpr.

208 2774 300 2816 qua
322 2760 378 2804 V.
415 2761 418 2813 1
447 2774 666 2817 percussa
690 2760 761 2804 ed.
852 2765 906 2804 16
930 2775 1021 2818 qua
1046 2763 1268 2806 malorum
1290 2762 1425 2805 ruine
1440 2759 1482 2803 V
1498 2761 1671 2803 temere
1695 2760 1810 2803 mut.
1828 2758 1899 2802 cd.

210 2825 264 2864 21
296 2822 537 2876 potuitque
571 2819 625 2862 V.
749 2824 804 2863 23
843 2822 990 2865 omnis
1018 2822 1244 2877 probatur
1271 2819 1313 2862 V
1343 2833 1493 2864 omnes
1517 2819 1775 2875 probantur
1805 2817 1898 2861 ed:

208 2881 356 2924 omnis
394 2893 480 2936 pro
520 2878 660 2935 plena
704 2878 761 2922 cf.
800 2893 840 2923 v.
875 2883 960 2923 546
1003 2883 1051 2924 et
1094 2886 1134 2934 6,
1161 2884 1246 2923 220
1286 2881 1333 2922 et
1373 2882 1470 2921 231.
1594 2882 1650 2920 24
1693 2877 1902 2933 despera-

209 2940 374 2983 tionem
397 2938 439 2982 V
464 2938 535 2982 ed.
568 2939 820 2994 desperatio
849 2952 943 2983 non
973 2953 1069 2983 nos.
1167 2943 1222 2982 26
1254 2939 1296 2982 si
1327 2951 1414 2981 om.
1441 2937 1513 2981 ed.
1606 2940 1662 2979 30
1694 2950 1899 2992 quum—

209 3001 311 3052 460,
338 3003 360 3040 1
395 2998 750 3054 congreqavisset
780 2997 853 3041 ed.
