2050 3226
794 182 1100 228 AENEmos
1130 183 1171 227 x
1721 187 1828 241 337

142 325 349 374 occasi0.
431 323 555 372 dicit
605 338 808 372 causam
858 339 986 386 quae
1034 325 1196 387 magis
1238 323 1457 372 faciebat
1504 324 1607 372 tela
1655 326 1830 374 inrita:

141 399 333 457 deflexit
356 398 540 458 partim
569 398 857 459 strinqentia
887 411 1062 458 corpus
1092 398 1228 446 alma
1260 397 1451 456 Venus;
1489 397 1664 446 aderat
1702 398 1832 446 enim

140 475 301 521 mater
346 471 451 520 filio
502 473 553 520 et
599 471 826 534 potentia
873 471 1090 520 numinis
1140 472 1219 521 sui
1267 471 1572 521 venientium
1617 474 1832 521 telorum

57 583 59 593 ι
140 549 269 595 ictus
307 545 697 609 violentiamque
734 545 1022 610 frangebat,
1059 562 1122 593 ne
1161 561 1339 609 corpus
1370 547 1478 595 eius
1512 546 1831 608 aliquatenus

57 619 65 639 ¹
140 620 407 670 laederent.
493 619 651 679 fidum
687 618 883 668 Aeneas
931 620 1137 680 adfatur
1183 618 1429 668 Achaten:
1477 620 1670 669 Aeneas
1723 637 1834 669 cum

141 694 347 744 vidisset
369 693 639 756 constipati
661 696 807 742 cunei
828 693 1026 742 turbam
1051 709 1233 758 magno
1257 694 1521 743 adversum
1545 709 1596 743 se
1620 695 1835 743 telorum

141 784 344 817 numero
394 770 582 816 certare
633 769 784 830 atque
834 769 1148 829 contendere,
1194 768 1456 817 adlocutus
1495 771 1571 818 est
1608 769 1835 817 Achaten

140 842 296 890 fidum
333 841 430 890 sibi
468 844 519 890 et
555 842 917 904 conprobatum
946 844 1000 890 in
1032 842 1281 904 omnibus,
1319 845 1379 891 ut
1407 843 1511 891 tela
1539 845 1593 891 in
1624 858 1708 891 eos
1739 843 1834 892 sibi

7 913 18 935 ‘
47 905 50 942 ²
139 915 369 966 iacienda
406 919 715 981 suggereret3
754 916 806 965 vi
844 917 976 964 enim
1013 916 1199 965 maiore
1238 916 1314 966 vis
1353 918 1516 966 maior
1553 918 1717 966 fuerat
1755 934 1833 966 ex-

8 1037 10 1050 ,
39 999 55 1022 -’
141 989 401 1039 cludenda.
476 1004 696 1051 suffere,
734 990 925 1053 inquit,
972 991 1067 1039 tela
1104 991 1247 1038 mihi:
1291 1005 1392 1039 non
1435 991 1594 1039 ulbwm
1638 992 1837 1040 dextera

139 1066 331 1126 frustra
353 1065 544 1113 torserit
571 1065 627 1112 in
648 1064 871 1121 Rutulos,
903 1067 1132 1113 steterunt
1162 1079 1285 1124 quae
1313 1066 1369 1112 in
1398 1079 1594 1125 corpore
1626 1065 1839 1114 Graium

140 1139 316 1188 Iliacis
361 1139 571 1199 campis:
631 1138 779 1201 quasi
838 1138 1242 1188 consuetudinem
1302 1139 1543 1187 haberent
1594 1140 1684 1188 illa
1735 1140 1838 1188 tela
1855 1152 1942 1192 335

142 1212 374 1274 feriendi,
413 1214 484 1261 sic
523 1213 596 1261 ait
633 1228 842 1277 suggere
880 1213 983 1261 tela
1019 1212 1144 1261 mihi
1175 1229 1304 1276 quae
1336 1216 1584 1262 steterunt
1612 1214 1664 1261 in
1696 1213 1837 1262 Grai-

63 1351 66 1354 *
143 1303 286 1336 orum
324 1302 548 1350 corpore,
588 1303 700 1335 cum
729 1289 1038 1351 pugnaretur
1066 1286 1120 1334 in
1151 1287 1324 1348 Troia,
1357 1287 1503 1350 quasi
1533 1289 1606 1336 sic
1636 1290 1840 1350 possent

22 1416 31 1424 .
61 1364 64 1367 ’
143 1365 275 1410 stare
312 1363 366 1410 in
405 1361 693 1423 corporibus
730 1361 1044 1410 Rutulorum.
1114 1362 1215 1410 scio
1255 1362 1388 1409 enim
1424 1362 1548 1410 haec
1585 1361 1839 1410 dexteram

142 1451 304 1484 meam
341 1450 441 1483 non
478 1435 668 1484 frustra
705 1450 809 1484 esse
854 1437 1133 1484 missuram.
1217 1439 1319 1483 twm
1362 1451 1596 1497 magnam
1641 1437 1841 1497 corripit

142 1510 335 1558 hastam
372 1512 415 1558 et
454 1510 591 1558 iacit:
627 1524 863 1574 magnam
894 1510 1092 1558 hastam
1122 1524 1266 1572 posse
1297 1512 1456 1558 iacere
1488 1513 1708 1572 quantae
1739 1510 1838 1558 vir-

142 1583 268 1633 tutis
307 1585 402 1632 est!
456 1584 546 1632 illa
582 1584 756 1632 volans
794 1584 934 1644 clipei
971 1585 1334 1632 transverberat
1370 1598 1491 1632 aera
1527 1585 1758 1633 Maeonis
1797 1588 1841 1632 et

24 1694 33 1718 >a
145 1658 342 1707 thoraca
389 1658 538 1707 simul
587 1672 696 1706 cum
738 1661 930 1718 pectore
976 1659 1184 1718 rumpit:
1232 1659 1412 1707 thorax
1462 1658 1648 1707 dicitur
1694 1658 1838 1706 indu·

23 1727 76 1758 ''⁷‘'
143 1734 369 1781 mentum
419 1747 516 1794 quo
558 1731 772 1780 bellator
819 1747 976 1796 usque
1027 1733 1092 1781 ad
1140 1735 1311 1795 pectus
1362 1733 1604 1781 munitur.
1692 1733 1840 1782 hasta

27 1796 29 1803 ¹
143 1806 303 1870 igitur
349 1806 501 1855 missa
551 1806 612 1855 ab
650 1806 820 1854 Aenea
873 1809 923 1855 et
971 1809 1167 1856 scutum
1218 1809 1269 1855 et
1316 1807 1522 1856 thoraca
1571 1809 1622 1855 et
1666 1809 1838 1870 pectus

40 1899 49 1949 j.
144 1880 366 1929 Maeonis
411 1882 653 1943 perrupit.
734 1881 847 1929 huie
893 1881 1051 1941 frater
1098 1882 1230 1929 subit
1276 1879 1497 1929 Alcanor
1543 1882 1841 1941 fratremque

43 1964 49 1977 ··
144 1958 361 2003 ruentem
412 1957 650 2003 sustentat
699 1955 893 2003 dextra:
953 1971 1064 2003 cum
1118 1955 1295 2003 Maeon
1350 1955 1570 2017 caderet,
1625 1958 1840 2004 occurrit

62 2091 67 2094 ἢ
146 2029 385 2089 Alcanor,
425 2030 512 2091 qui
549 2029 797 2091 exciperet
834 2029 1091 2078 cadentem
1131 2032 1181 2078 et
1219 2031 1543 2091 sustentaret,
1583 2030 1627 2078 si
1656 2033 1839 2092 posset.

59 2104 68 2122 ⁸
146 2104 340 2151 traiecto
377 2103 533 2151 missa
571 2103 745 2151 lacerto
777 2104 1005 2163 protinus
1042 2104 1185 2151 hasta
1214 2104 1343 2164 fuqit
1371 2105 1611 2164 traxitque
1641 2108 1840 2153 cruenta
1857 2115 1942 2155 340

49 2195 53 2213 -.
146 2180 376 2233 tenorent,
424 2177 712 2236 dexteraque
757 2191 813 2225 ex
858 2192 1023 2225 umero
1060 2178 1225 2225 nervis
1260 2178 1556 2226 moribunda
1588 2179 1840 2239 pependit:

148 2251 408 2300 Alcanoris
458 2253 669 2299 mortem
717 2251 810 2299 hoc
858 2251 1006 2300 modo
1057 2251 1340 2314 descripsit3
1391 2267 1502 2301 cum
1555 2253 1687 2300 enim
1726 2268 1838 2300 con-

147 2326 330 2374 tineret
366 2324 568 2373 dextera
598 2340 688 2373 sua
718 2325 863 2373 illum
895 2326 983 2387 qui
1013 2325 1273 2387 ceciderat,
1306 2325 1406 2375 alia
1435 2327 1583 2375 hasta
1613 2342 1839 2374 umerum

149 2401 255 2448 eius
293 2400 558 2462 percussit,
598 2415 701 2461 qua
739 2414 889 2447 causa
928 2399 1132 2449 abscisis
1171 2401 1335 2449 nervis
1375 2399 1612 2464 pependit
1660 2416 1838 2448 manus

148 2475 218 2522 sic
256 2476 488 2536 separata
527 2489 557 2521 a
596 2488 820 2536 corpore,
858 2474 917 2521 ut
953 2477 1164 2522 mortem
1202 2489 1343 2523 suam
1382 2477 1653 2523 testaretur
1684 2478 1734 2522 et
1764 2475 1837 2521 in-

269 2590 294 2629 3
325 2586 525 2630 nominis
547 2585 632 2628 VR
663 2598 776 2629 corr.
810 2585 882 2629 ed.
997 2589 1024 2629 8
1055 2587 1107 2630 in
1138 2600 1187 2631 eo
1216 2588 1259 2631 si
1281 2586 1367 2630 VR
1396 2588 1448 2630 in
1478 2599 1551 2630 eos
1581 2585 1651 2629 ed.
1686 2587 1737 2629 in
1768 2598 1840 2629 eos

147 2645 236 2690 sibi
274 2658 371 2689 nos.
500 2648 525 2688 9
564 2650 778 2702 suqqerat
815 2644 886 2688 ed.
940 2644 944 2703 Ι
999 2651 1054 2690 ut
1082 2645 1168 2688 VR
1197 2647 1245 2690 vi
1275 2659 1359 2689 nos
1391 2645 1448 2688 cf
1477 2649 1560 2688 758
1593 2650 1690 2688 erat
1721 2644 1792 2687 ed.
1829 2645 1834 2703 Ι

147 2706 216 2749 vis
249 2703 335 2748 VR
375 2706 422 2748 vi
460 2705 531 2748 vis
572 2704 640 2749 ed.
695 2703 700 2762 Ι
756 2705 912 2759 suerat
956 2718 1043 2748 om.
1085 2704 1158 2748 ed.
1291 2709 1347 2748 10
1390 2718 1482 2748 non
1523 2704 1702 2747 nullum
1740 2702 1842 2747 VR:

150 2768 203 2807 11
235 2765 448 2808 stiterunt
469 2762 566 2808 VR.
655 2768 709 2807 14
734 2768 1056 2820 puqnarentwr
1079 2763 1175 2807 VR.
1263 2769 1316 2807 17
1342 2768 1518 2819 quanta
1540 2762 1594 2805 V.
1682 2766 1737 2806 18
1763 2775 1839 2807 vo-

150 2824 246 2867 lens
274 2823 316 2866 R
355 2835 469 2866 corr.
502 2837 536 2866 r.
661 2826 716 2866 23
754 2827 931 2867 uentem
960 2821 1046 2866 VR
1085 2836 1198 2867 corr.
1231 2838 1266 2866 r
1398 2827 1452 2865 25
1484 2822 1724 2890 traxitque
1754 2821 1839 2865 VR

149 2887 378 2938 servatque
423 2880 533 2925 libri
574 2881 713 2938 Verg.
846 2885 902 2925 26
944 2884 1053 2937 post
1086 2883 1306 2938 pependit
1339 2880 1381 2924 V
1422 2880 1591 2936 prioris
1633 2881 1837 2937 paginae

150 2941 299 2996 partis
331 2940 558 2997 quosdam
587 2954 746 2985 versus
779 2942 825 2984 et
856 2939 1051 2984 alteram
1082 2943 1233 2985 totam
1262 2953 1411 2984 vacua
1442 2939 1654 2995 reliquit,
1683 2940 1838 2997 pergit

151 2998 229 3042 fol.
256 3003 340 3043 139
372 2999 432 3043 ab
464 3001 696 3054 alcanore,
727 3000 777 3043 in
808 2999 850 3042 R
880 2999 1010 3043 nulla
1040 2999 1356 3055 intercapedo.

241 3090 337 3122 Don.
353 3090 510 3130 interpr.
523 3090 635 3131 Vei-g.
659 3090 734 3123 vol.
749 3090 801 3122 11.
1515 3093 1569 3131 22
