2078 3260
770 119 1075 165 AENEIDOS
1106 119 1192 164 XII
1718 124 1826 178 593

134 260 296 309 tribus
328 261 576 324 aptemus..
621 260 804 309 transit
835 259 898 308 ad
930 260 1144 309 aliorum
1173 275 1363 310 necem:
1392 260 1522 308 hunc
1547 276 1829 323 eonyressus

137 338 180 383 et
215 335 356 383 hwite.
417 349 518 382 non
555 334 686 383 hunc
732 337 782 383 ct
817 335 948 383 hunc
994 349 1284 399 congressus
1331 334 1533 396 occidit,
1583 336 1667 383 sed
1715 352 1827 385 con·

135 424 332 473 gressus
365 407 502 456 dedit
531 408 641 456 neci
670 410 801 457 hunc
832 411 882 457 et
911 409 1056 457 hunc.
1104 408 1227 461 dicit
1255 409 1354 456 iam
1389 409 1658 470 quomodo:
1688 411 1827 458 illum

136 484 348 531 eminus:
387 482 598 531 alterum
629 483 923 543 comminuS‚
961 484 1054 532 hoc
1093 486 1168 532 est
1195 499 1354 530 unum
1385 482 1578 546 gladiO‚
1617 484 1829 532 alterum

85 573 104 607 5
134 557 282 606 hasta
331 556 526 618 deiecit,
577 558 717 605 ambo
766 557 1099 613 Imbrasidas,
1154 556 1398 606 Glaucum
1443 560 1585 616 atque
1628 557 1830 606 Laden:

133 630 345 680 Imbrasi
378 630 507 679 filios
540 629 782 680 Glaucum
812 634 862 679 et
891 630 1075 679 Laden.
1131 630 1390 680 ordinatur
1427 645 1599 680 sensus
1640 633 1731 692 sic,
1770 636 1830 680 ut

132 706 308 767 plenus
353 705 636 754 intellectus
689 706 950 768 appareat:
1009 705 1152 754 ambo
1202 704 1525 766 Imbrasida8‚
1585 704 1829 755 Glaucum

133 785 285 842 atque
338 778 531 841 Laden,
583 779 714 828 hunc
767 794 1058 843 congressus
1113 782 1163 828 et
1210 780 1362 841 hunc,
1420 779 1567 827 illum
1621 781 1828 841 eminuS‚

132 853 346 901 alterum
397 855 692 915 comminus,
745 855 854 902 neci
904 853 1055 902 dedit.
1132 854 1264 916 quod
1317 853 1449 902 enim
1499 869 1650 917 supra
1704 855 1830 903 dixit

58 944 102 976 ιο
131 929 369 990 „iamque
406 928 517 975 neci
556 927 938 990 Sthenelumque
978 927 1114 976 dedit
1151 928 1554 990 Thamyrumque
1594 928 1827 977 Pholum-

133 1000 280 1065 que“‚
319 1003 472 1049 etiam
511 1002 574 1050 ad
611 1002 824 1050 Imbrasi
861 1002 990 1050 filios
1029 1003 1244 1065 pertinet
1279 1000 1525 1051 Glaucum
1563 1005 1614 1051 et
1642 1002 1828 1064 Laden,

132 1091 340 1138 quorum
378 1076 540 1138 primo
572 1075 699 1124 dixit
736 1092 904 1124 necem
935 1091 1039 1124 esse
1070 1077 1341 1138 perfectam
1369 1079 1419 1124 et
1450 1076 1625 1125 dehinc
1655 1092 1829 1125 eorum

130 1153 325 1212 patrem
379 1150 670 1199 nominavit.
746 1164 864 1210 quos
916 1149 1174 1198 Imbrasus
1226 1151 1330 1210 ipse
1379 1151 1621 1199 nutrierat
1668 1151 1829 1212 Lycia

124 1225 427 1284 paribusque
464 1227 727 1272 ornaverat
764 1225 942 1272 armis:
979 1223 1105 1271 dixit
1141 1225 1344 1272 nomina
1381 1226 1626 1287 ipsorum,
1667 1226 1827 1289 desig-

58 1313 100 1346 15
130 1300 272 1347 navit
295 1300 346 1346 et
367 1314 644 1360 numerum,
667 1298 824 1362 patris
849 1301 900 1346 et
921 1298 1138 1362 regionis
1163 1300 1384 1362 ipsorum
1408 1314 1588 1347 nomen
1613 1300 1829 1348 ostendit

131 1375 181 1419 et
219 1372 635 1435 quemadmodum
673 1373 775 1421 sint
811 1373 995 1420 nutriti·
1030 1376 1180 1435 atque
1220 1372 1370 1421 armis
1402 1373 1606 1436 paribus
1644 1374 1829 1421 muniti

130 1446 429 1495 viderentur.
508 1447 711 1508 exponit
759 1446 862 1494 iam
916 1446 1036 1510 quid
1090 1447 1156 1495 sit
1207 1447 1508 1509 paribusque
1564 1450 1829 1497 ornaverat

131 1522 302 1569 armis:
334 1521 410 1568 vel
440 1521 657 1580 conferre
685 1535 890 1568 manum
919 1521 994 1568 vel
1025 1535 1140 1581 equo
1170 1524 1471 1581 praevertere
1500 1525 1688 1570 ventos:
1717 1523 1828 1585 ipsa
1844 1532 1931 1572 345

130 1596 272 1643 erant
301 1596 445 1657 paria
484 1611 649 1657 arma,
687 1597 746 1642 ut
784 1594 928 1643 ambo
966 1597 1171 1643 nossent
1201 1595 1434 1659 congredi
1471 1594 1688 1658 pedestri
1726 1612 1826 1645 cer-

55 1684 99 1717 20
127 1669 336 1730 tamine,
370 1668 514 1717 ambo
548 1686 606 1716 ex
638 1683 766 1731 equo
799 1684 1034 1733 pugnare.
1081 1673 1226 1729 parte
1257 1670 1361 1718 alia
1390 1670 1553 1718 media
1580 1670 1827 1719 Eumedes

128 1744 182 1791 in
224 1743 418 1803 proelia
465 1744 636 1803 fertur,
689 1743 878 1804 antiqui
921 1744 1088 1802 proles
1139 1744 1256 1791 bello
1294 1744 1562 1803 praeclara
1602 1745 1824 1802 Dolonis,

128 1818 322 1865 nomine
367 1832 515 1865 avwm
559 1820 796 1877 referem,
848 1819 1012 1866 animo
1057 1819 1378 1876 manibusque
1417 1821 1690 1878 parentem,
1743 1820 1828 1878 qui

129 1891 388 1951 quondam,
414 1895 578 1939 eastra
606 1895 662 1939 ut
682 1892 924 1940 Danaum
953 1892 1225 1952 speculator
1249 1892 1418 1948 adiret,
1452 1906 1606 1940 ausus
1628 1893 1826 1941 Pelidae
1843 1902 1929 1943 350

122 1966 337 2025 pretium
366 1965 462 2013 sibi
485 1979 682 2026 poscere
716 1980 914 2014 ewrrus:
953 1964 1135 2014 dicitur
1173 1967 1313 2030 origo
1350 1965 1496 2014 istius
1535 1969 1586 2014 et
1622 1969 1827 2030 propter

55 2054 97 2087 25
129 2039 329 2102 plenam
351 2054 590 2102 personae
616 2039 947 2103 cognitionem
970 2041 1191 2102 parentis
1216 2055 1413 2102 quoque
1446 2040 1551 2088 eius
1582 2041 1827 2104 repetitur

130 2113 324 2174 fabula,
372 2113 529 2176 ipsius
581 2114 711 2162 enim
759 2116 900 2178 gesta
945 2116 1234 2176 narrantur3
1288 2114 1441 2175 filius,
1491 2115 1679 2177 inquit,
1728 2117 1827 2163 fuit

131 2187 339 2236 Dolonis
370 2188 638 2249 Eumedes,
675 2187 909 2236 Eumedis
951 2203 1125 2250 nepos,
1164 2189 1344 2236 summi
1382 2188 1477 2237 viri
1515 2191 1566 2237 et
1602 2189 1652 2237 in
1695 2189 1824 2238 bello

129 2261 491 2323 probatissimi,
535 2277 632 2310 non
670 2262 857 2310 minore
896 2262 1097 2310 virtutis
1134 2262 1309 2311 robore
1347 2264 1482 2325 patri
1519 2263 1822 2327 progenitus.

250 2407 275 2446 2
306 2404 427 2446 hune
456 2402 690 2446 lemmatis
722 2403 827 2446 finis
858 2403 908 2446 in
932 2402 973 2445 V
1003 2404 1136 2448 illum
1166 2405 1343 2449 eminus
1374 2404 1481 2447 add.
1508 2404 1580 2448 ed.
1689 2410 1714 2447 5
1746 2405 1822 2449 de-

128 2463 233 2507 iecit
254 2461 297 2505 V
320 2462 363 2506 d.
389 2463 563 2506 eminus
594 2462 717 2506 edF:
752 2462 866 2507 Don.
891 2463 1076 2506 hunc—
1091 2464 1267 2508 eminus
1298 2463 1360 2507 ad.
1383 2464 1514 2508 ambo
1536 2463 1823 2508 Imbrasidas

127 2520 277 2564 trahit
315 2520 458 2565 semel
496 2520 656 2577 legens
694 2522 870 2565 eminus
905 2535 1008 2565 cum
1042 2522 1323 2578 quibusdam
1355 2522 1493 2579 Verg.
1526 2521 1680 2576 libris,
1712 2522 1821 2566 inde

128 2580 247 2623 illud
280 2593 422 2635 supra
452 2581 619 2624 transit
649 2581 711 2624 ad
741 2581 938 2624 aliorum
967 2595 1106 2626 neces.
1230 2587 1255 2626 6
1296 2582 1540 2626 ordinatur
1560 2607 1615 2613 —
1642 2585 1669 2625 8
1703 2582 1823 2626 hwne

130 2653 218 2683 om.
256 2639 326 2683 ed.
451 2643 476 2682 8
516 2653 776 2696 σοηρνοεεαε
816 2645 879 2684 est
914 2639 955 2682 V
987 2640 1058 2684 ed.
1098 2654 1134 2685 e.
1174 2646 1216 2685 et
1253 2655 1349 2685 nos.
1403 2641 1407 2698 Ι
1464 2641 1585 2684 hune
1623 2654 1711 2684 om.
1749 2641 1819 2685 ed.

131 2703 186 2742 10
232 2699 532 2753 stelenumque
551 2724 608 2730 —
630 2699 954 2755 hamyrumque
1003 2700 1244 2756 polumque
1282 2699 1335 2743 V.
1483 2703 1536 2742 13
1591 2700 1696 2755 ipsa
1749 2701 1820 2743 ed.

131 2762 186 2801 14
217 2762 483 2802 oneraverat
512 2759 558 2801 et
589 2757 713 2800 infra
745 2757 816 2801 ed.
940 2763 994 2802 16
1026 2765 1134 2803 suut
1164 2759 1235 2803 ed.
1284 2758 1289 2817 Ι
1339 2760 1500 2802 moniti
1529 2759 1757 2803 videretur
1780 2759 1821 2802 V

131 2830 243 2860 corr.
270 2817 340 2860 ed.
427 2820 483 2859 20
507 2817 663 2860 inedia
686 2830 770 2872 pro
793 2817 944 2861 media
966 2817 1021 2861 V.
1107 2821 1162 2862 25
1188 2822 1435 2873 parentum
1458 2817 1499 2859 V
1517 2817 1587 2860 ed.
1613 2820 1823 2873 parentis

130 2889 213 2919 nos
244 2877 435 2931 propter
465 2877 612 2930 ipsius
642 2877 772 2920 enim.
810 2876 814 2934 Ι
849 2877 1082 2932 repellitur
1105 2877 1220 2920 edF.
1315 2881 1368 2919 27
1396 2877 1598 2921 eumedes
1619 2891 1764 2932 ‘nepus
1781 2877 1822 2920 V

37 2979 40 2981 ,
130 2935 356 2979 Eumedes
385 2948 523 2990 nepos
555 2934 625 2978 ed.
748 2939 804 2978 28
831 2937 960 2991 patri
983 2935 1024 2979 V
1049 2936 1120 2980 ed.
1147 2941 1315 2992 patre?

219 3025 317 3057 Don.
333 3025 493 3065 interpr.
506 3026 618 3066 Verg.
642 3025 717 3058 vol.
733 3025 784 3057 11.
1500 3029 1555 3069 38
