2050 3226
232 146 339 200 184
702 143 935 189 DONATI
964 143 1243 188 INTERPR.
1269 143 1449 188 VERG.

228 299 408 332 norum
447 285 621 333 castris
661 285 807 348 longe
847 283 1081 346 discreta,
1117 283 1476 346 „turbantique
1507 283 1640 333 viros
1671 285 1919 347 perfertur

228 358 434 407 nuntius
488 359 682 407 hostem
734 359 922 407 fervere
977 357 1123 406 caede
1178 373 1305 406 nova
1358 359 1408 406 et
1459 359 1630 420 portas
1683 357 1917 421 praebere

227 430 493 496 patentis“.
569 448 669 480 non
708 433 840 480 enim
877 433 1161 480 mitteretur
1198 433 1403 480 nuntius
1442 432 1541 481 nisi
1579 432 1643 480 ad
1682 448 1794 480 eum
1833 433 1919 495 qui

227 507 426 571 longius
467 508 638 570 ageret
677 508 726 554 et
757 522 868 554 cum
899 506 1002 554 suis
1034 505 1160 554 talia
1191 506 1296 570 geri
1327 507 1550 555 nesciret.
1614 508 1664 555 et
1694 507 1747 553 in
1777 522 1918 569 prae-

228 580 359 629 senti
396 580 577 643 probat
621 583 772 642 poeta
816 580 922 642 ipse
963 579 1083 642 quid
1129 579 1197 628 sit
1235 579 1429 629 diversa
1474 582 1638 643 parte3
1688 596 1803 628 nam
1849 579 1919 628 sic
1972 591 1991 624 5

226 654 425 702 induxit
472 654 594 702 Irim
644 655 952 717 loquentem,
1006 655 1066 701 ut
1113 654 1225 716 ipsa
1275 656 1490 716 exponat
1540 653 1662 716 quid
1712 654 1778 702 sit
1825 654 1918 702 1100

155 747 158 750 ·
227 729 416 791 ipsum,
466 730 524 776 ut
570 730 728 776 omnis
778 728 1132 791 ambiguitates
1181 728 1425 776 excludat.
1510 719 1743 776 1νὶπώἀο
1789 728 1918 776 caelo

226 803 361 850 misit
395 802 635 850 Saturnia
672 802 802 850 Iamo
843 802 1078 850 audacem
1117 802 1184 849 ad
1223 803 1447 850 Turnum
1457 819 1475 860 ,·
1514 802 1618 850 laco
1658 805 1760 850 twm
1796 803 1919 862 forte

219 877 446 936 parentis
483 876 704 924 Pilwnmi
743 877 943 923 Turnus
982 879 1181 924 sacrata
1217 876 1344 924 valle
1382 877 1598 924 sedebat:
1651 891 1760 924 ecce
1808 891 1920 924 cum

229 966 287 998 ea
327 966 454 1013 quae
494 949 704 998 diximus
744 949 937 998 Aeneas
978 951 1191 1014 gereret,
1232 966 1345 998 cum
1384 950 1655 998 cautiorem
1694 950 1917 998 Turnum
1952 962 1994 994 10

227 1025 388 1072 facere
443 1024 692 1073 debuisset
742 1024 931 1072 inimici
982 1023 1214 1073 vicinitas
1267 1025 1434 1086 tanta,
1488 1024 1625 1072 sedet
1683 1024 1919 1086 nullaque

226 1098 392 1146 bellici
423 1099 706 1146 certaminis
738 1099 967 1161 tangitur
998 1114 1127 1146 cura.
1183 1098 1350 1146 sedere
1383 1099 1563 1159 autem,
1595 1098 1676 1147 vel
1705 1099 1919 1146 maxime

227 1173 319 1221 hoc
356 1173 480 1233 loce,
519 1188 618 1220 non
656 1174 855 1220 tantum
887 1187 1089 1234 corpore
1119 1188 1291 1221 verum
1322 1173 1475 1220 etiam
1505 1172 1721 1220 otiosum
1752 1172 1917 1220 animo

229 1262 332 1295 esse
387 1245 648 1310 significat.
741 1246 917 1294 volunt
975 1247 1143 1294 tamen
1205 1246 1364 1309 aliqui
1419 1247 1564 1308 quasi
1622 1245 1918 1294 tractatibus

227 1321 516 1369 necessariis
571 1321 831 1369 vacantem
885 1320 1094 1382 dictum,
1157 1321 1243 1368 sed
1295 1336 1395 1368 non
1447 1321 1522 1368 ita
1583 1335 1687 1369 esse
1747 1320 1919 1368 multis
1951 1335 1993 1368 15

229 1395 536 1443 documentis
588 1396 817 1456 apparet,
878 1410 995 1442 nam
1046 1396 1097 1442 et
1144 1394 1280 1442 illius
1330 1410 1526 1457 quoque
1578 1393 1762 1442 inertia
1811 1394 1921 1443 vult

227 1470 376 1530 poeta
414 1485 502 1530 per
540 1467 946 1530 conparationem
976 1467 1173 1516 Aeneae
1203 1467 1374 1516 laudes
1408 1468 1651 1516 attollere.
1709 1468 1919 1530 denique

227 1544 287 1590 ut
316 1543 522 1590 Aenean
559 1542 726 1604 ipsum
763 1541 1004 1604 praetulit
1044 1558 1073 1590 a
1111 1543 1219 1590 1000
1261 1544 1310 1590 et
1348 1542 1532 1605 frigore
1570 1541 1809 1603 fluminis,
1849 1541 1917 1589 sic

226 1617 343 1664 huic
393 1632 423 1664 a
472 1616 580 1664 1000
633 1615 1043 1664 obtrectationem
1098 1616 1299 1664 conflat:
1354 1616 1576 1677 sedebat,
1629 1616 1816 1678 inquit,
1870 1617 1920 1663 et

229 1689 430 1738 sedebat
475 1691 529 1737 in
575 1690 710 1750 luco,
759 1692 819 1737 ut
866 1690 1139 1738 amoenitas
1187 1707 1301 1737 eum
1347 1692 1397 1738 et
1443 1690 1664 1752 opacitas
1704 1690 1917 1738 nemoris
1951 1705 1994 1736 20

228 1765 517 1825 delectaret,
558 1766 608 1811 et
645 1766 764 1811 tunc
803 1763 1006 1812 sedebat
1045 1780 1155 1811 cum
1193 1779 1283 1825 pro
1321 1765 1516 1812 ratione
1549 1764 1766 1826 suspecti
1796 1766 1918 1811 tem-

227 1839 361 1900 poris
401 1837 702 1886 discursibus
741 1837 1030 1885 necessariis
1069 1853 1246 1886 vacare
1287 1838 1549 1887 debuisset.
1627 1837 1829 1886 sedebat
1865 1838 1919 1884 in

227 1913 338 1960 luco
378 1911 598 1974 parentis
638 1911 879 1972 Pilumni,
931 1913 1075 1975 quasi
1115 1912 1311 1960 demum
1349 1913 1494 1960 illum
1532 1913 1620 1959 aut
1657 1911 1916 1960 Pilumnus

226 1988 452 2034 mortuus
507 1988 596 2033 aut
650 1986 796 2034 vallis
853 1987 1155 2034 consecratio
1207 1985 1381 2034 iuvare
1437 1986 1696 2049 potuisset.
1786 1986 1918 2033 hunc

226 2059 383 2123 igitur
420 2075 576 2121 usque
617 2060 738 2107 adeo
778 2061 927 2121 poeta
967 2059 1185 2107 desidem
1221 2062 1366 2109 notat
1405 2063 1454 2108 et
1483 2061 1536 2108 in
1575 2059 1795 2122 periculo
1828 2075 1916 2107 suo
1950 2074 1992 2107 25

229 2134 350 2181 satis
388 2133 668 2194 incautum,
711 2135 770 2180 ut
807 2133 904 2195 ipsi
943 2148 1140 2194 quoque
1179 2133 1360 2182 Iunoni
1399 2134 1756 2197 displicuisset,
1801 2150 1918 2181 nam

227 2208 349 2255 haec
388 2207 486 2254 fuit
524 2222 674 2255 causa
704 2209 763 2254 ut
793 2206 854 2254 ad
894 2224 1005 2254 eum
1036 2207 1158 2254 Irim
1197 2207 1440 2270 mitteret,
1481 2224 1606 2270 quae
1637 2209 1918 2268 torpentem

229 2281 293 2328 ad
332 2281 504 2344 aliqua
553 2280 779 2328 facienda
826 2281 1137 2342 conpelleret.
1215 2297 1424 2344 cumque
1474 2282 1567 2330 hoc
1617 2283 1745 2329 esset
1795 2281 1915 2328 satis

228 2354 463 2416 notabile,
495 2355 636 2402 addit
659 2355 704 2402 ei
728 2357 777 2402 et
808 2357 990 2402 crimen
1024 2355 1278 2418 audaciae,
1318 2372 1417 2403 non
1448 2355 1578 2403 enim
1609 2355 1702 2402 hoc
1726 2355 1917 2402 faceret

228 2429 370 2491 Iuno,
411 2430 453 2477 si
483 2428 568 2476 1110
598 2429 649 2475 111
680 2429 898 2490 periculo
930 2430 1123 2490 positus
1156 2430 1313 2492 partis
1347 2445 1461 2478 suas
1500 2431 1630 2477 recte
1662 2430 1915 2476 tractaret.
1949 2443 1990 2475 30

229 2502 466 2551 audacem
498 2517 614 2566 ergo
646 2503 983 2550 inconsultum
1016 2505 1065 2550 et
1095 2505 1414 2551 temerarium
1446 2502 1788 2564 accipiendum
1820 2506 1915 2564 est3

227 2592 344 2624 nam
384 2576 470 2639 qui
506 2576 632 2625 tales
680 2578 815 2635 sunt,
869 2578 927 2624 ut
971 2579 1160 2624 incerta
1205 2593 1295 2639 pro
1343 2578 1488 2625 certis
1538 2578 1763 2637 teneant,
1817 2591 1915 2623 non

227 2653 439 2712 possunt
462 2650 621 2699 videri
652 2650 889 2711 probatae
923 2652 1207 2699 sententiae.
1263 2653 1374 2713 ipsa
1406 2666 1601 2712 quoque
1626 2650 1720 2698 Iris
1751 2666 1913 2711 repre-

227 2725 514 2772 hensionem
553 2726 656 2772 eius
696 2724 943 2785 loquendo
984 2726 1305 2787 prosequitur
1343 2726 1392 2772 et
1428 2725 1625 2772 incusat
1662 2723 1912 2787 ignavum.

348 2841 373 2878 2
415 2837 559 2880 hostes
594 2834 648 2890 V,
694 2836 742 2878 at
779 2849 816 2877 V.
846 2839 930 2878 692
973 2836 1150 2879 hostem.
1275 2840 1327 2878 11
1364 2835 1454 2879 vici
1483 2839 1614 2878 tanta
1648 2833 1690 2876 V
1722 2835 1914 2889 propin-

227 2895 378 2949 quitas
410 2895 480 2938 ed.
527 2895 530 2953 Ι
577 2895 699 2939 sedet
728 2908 815 2937 om.
842 2893 912 2937 ed.
959 2894 961 2950 ξ
1007 2896 1140 2938 nulla
1171 2895 1243 2938 ed.
1366 2897 1420 2936 15
1451 2893 1621 2938 dictam
1645 2892 1686 2936 V
1717 2894 1811 2937 dici
1841 2893 1911 2937 ed.

231 2957 282 2995 17
317 2955 522 2998 eaetollere
555 2954 626 2998 ed.
749 2957 804 2996 34
836 2954 1048 3010 iynaviae
1081 2954 1150 2998 ed.
