2050 3226
59 0 75 33 x

0 0 40 300 Ι
608 218 613 221 -
793 187 1096 233 AENEIDOS
1127 189 1169 232 x
1718 192 1824 245 307

0 302 15 366 ξ’
139 332 269 391 capit
305 330 551 378 discordia
587 330 756 388 finem,
798 343 922 388 quae
953 329 1119 388 cuique
1151 332 1220 377 est
1246 329 1450 388 fortuna
1479 329 1639 381 hodie,
1681 346 1827 390 quam

139 406 337 465 quisque
375 407 505 452 secat
540 417 694 462 spem,
738 403 861 451 Tros
900 403 1177 451 Rutulusne
1220 404 1332 463 fuat
1372 404 1506 451 nullo
1549 404 1828 451 discrimine

96 474 99 477 ’
138 480 338 535 habeb0‚
397 492 483 526 seu
538 478 658 537 fatis
705 477 893 525 Italum
950 481 1114 526 castra
1165 477 1412 525 obsidione
1457 480 1677 525 tenentur
1729 479 1830 525 sive
1848 489 1931 529 110

140 567 299 601 errore
335 552 465 600 malo
506 552 683 599 Troiae
711 553 998 611 monitisque
1036 552 1272 608 sinistriS,
1311 566 1399 599 nec
1435 552 1645 599 Rutulos
1683 552 1827 607 solv0,

70 628 114 678 ⁵⁵.
139 641 233 675 sua
271 626 440 685 cuique
475 639 647 674 exorsa
686 625 897 674 laborem
919 627 1262 685 fortunamque
1290 625 1466 685 ferent,
1497 639 1584 673 rex
1606 625 1832 686 Iuppiter

140 701 362 748 omnibus
407 700 556 756 idem,
607 702 717 760 fata
761 701 895 748 viam
932 701 1200 748 invenient:
1245 699 1473 762 Iuppiter
1512 715 1623 748 cum
1663 699 1832 748 studia

139 774 358 837 partium
407 774 556 836 plena
602 773 884 822 constantia
930 774 1100 822 sedare
1148 789 1246 822 non
1296 776 1484 837 posset,
1536 775 1833 823 sententiam

139 864 230 911 pro
271 848 429 896 altera
467 848 630 896 noluit
668 848 816 910 ferre,
855 849 941 897 sed
980 851 1217 911 utrasque
1257 848 1328 897 sic
1366 848 1578 909 dimisit,
1610 851 1667 896 ut
1696 848 1833 896 nulla

21 971 28 977 ,
142 923 366 985 superior
418 921 726 983 abscederet,
781 938 839 970 ea
893 922 1124 972 videlicet
1178 938 1350 984 causa,
1411 926 1469 970 ut
1529 938 1617 972 nec
1677 922 1831 970 filiam

11 980 110 1204 §.10
140 997 359 1045 laederet
406 1012 497 1045 nec
546 1013 763 1045 uxorem.
853 997 1071 1059 quando,
1125 996 1311 1059 inquit,
1365 1000 1532 1045 vestra
1586 996 1834 1045 discordia

140 1071 292 1120 nullis
334 1070 561 1119 concludi
597 1070 822 1119 terminis
862 1074 1049 1134 potest,
1090 1071 1289 1120 dimitto
1336 1071 1455 1119 fatis
1503 1073 1553 1119 et
1592 1071 1832 1120 Troianos

142 1148 194 1194 et
228 1145 465 1194 Rutulos:
505 1145 697 1194 dabunt
733 1145 823 1193 illa
862 1146 942 1194 cui
979 1146 1233 1194 voluerint
1263 1147 1314 1193 et
1346 1161 1495 1207 quam
1529 1145 1836 1194 decreverint

142 1221 290 1268 viam.
374 1222 493 1268 tunc
541 1219 836 1282 probabitur
893 1221 1005 1283 quis
1063 1219 1244 1267 fiducia
1298 1220 1498 1268 meliore
1553 1220 1834 1280 contendat,

143 1296 288 1342 erunt
326 1293 461 1356 apud
499 1310 577 1342 me
617 1309 784 1342 omnes
818 1295 1071 1356 aequales,
1104 1293 1302 1342 docebit
1332 1295 1494 1342 exitus
1525 1311 1691 1342 rerum
1723 1295 1834 1356 quis

20 1374 32 1432 ³.
68 1383 110 1417 15
142 1369 360 1416 fatorum
399 1368 679 1429 voluntate,
719 1369 833 1430 quis
881 1368 1116 1417 audaciae
1162 1368 1444 1416 temeritate
1489 1368 1705 1416 nitatur:
1751 1384 1837 1416 rex

24 1493 29 1508 ξ
141 1442 370 1504 Iuppiter
419 1442 644 1491 omnibus
693 1442 839 1490 idem.
915 1442 1070 1504 Styyii
1109 1457 1203 1503 per
1251 1443 1461 1501 flumina
1504 1443 1700 1503 fratris,
1746 1457 1838 1504 per

33 1555 54 1574 „
138 1517 244 1576 pice
282 1516 506 1564 torrentis
544 1520 747 1576 atraque
784 1518 1015 1578 vorayine
1051 1517 1193 1578 ripas
1232 1517 1408 1565 adnuit
1445 1520 1489 1564 et
1525 1520 1674 1564 totum
1714 1520 1838 1565 nutu
1857 1528 1940 1568 115

47 1594 52 1606 '
141 1592 401 1650 tremefecit
443 1590 711 1652 Olympum.
788 1591 882 1639 hoc
928 1607 978 1640 se
1026 1594 1340 1641 servaturum
1383 1591 1574 1640 iuravit
1611 1591 1838 1654 Iuppiter

142 1681 230 1727 per
270 1664 499 1728 Stygem,
539 1666 680 1714 cuius
720 1665 821 1713 alio
859 1666 968 1714 loco
1010 1660 1084 1732 (6,
1112 1660 1244 1731 324)
1291 1668 1442 1728 poeta
1490 1681 1837 1714 commemora·

69 1752 114 1787 so
142 1739 330 1787 tionem
383 1740 503 1787 fecit
557 1740 721 1788 dicens
776 1740 885 1801 „dii
939 1741 1082 1788 cuius
1131 1741 1297 1788 iurare
1347 1739 1528 1788 timent
1577 1743 1628 1788 et
1666 1740 1838 1788 fallere

144 1812 375 1861 numen“.
452 1814 543 1862 hic*
565 1815 684 1873 finis
720 1814 890 1873 fandi:
927 1814 1076 1862 finem
1113 1814 1274 1863 verbis
1313 1814 1588 1877 inpositum
1628 1814 1692 1863 ad
1738 1830 1839 1862 om-

144 1887 285 1935 nium
330 1902 592 1950 personam
637 1887 883 1951 pertinere
930 1887 1322 1953 intellegendum
1368 1890 1464 1950 est3
1510 1904 1629 1936 nam
1673 1889 1838 1937 nullus

147 1962 322 2009 dehinc
376 1961 570 2024 aliquid
624 1962 760 2010 dixit.
860 1963 979 2011 solio
1032 1966 1135 2010 tum
1186 1963 1414 2023 Iuppiter
1467 1977 1615 2011 aureo
1669 1964 1838 2024 suryit,

147 2035 399 2084 caelicolae
435 2036 650 2084 medium
687 2051 826 2097 quem
864 2038 931 2085 ad
970 2038 1144 2085 limina
1182 2038 1387 2085 ducunt:
1426 2039 1476 2085 et
1515 2037 1638 2085 solio
1678 2038 1842 2086 solum

73 2121 116 2156 η
147 2109 329 2158 sedisse
389 2111 690 2159 monstravit
750 2113 799 2158 et
861 2112 1021 2159 solum
1076 2113 1344 2160 surrexisse
1398 2111 1563 2160 soluto
1619 2112 1839 2160 consilio.

149 2200 294 2247 quem
331 2183 551 2232 medium
589 2200 758 2233 omnes
798 2185 868 2233 dii
908 2185 1218 2234 deduxerunt
1256 2185 1319 2234 ad
1359 2185 1523 2234 sedem
1561 2201 1704 2234 suam
1749 2187 1842 2234 hoc

148 2260 224 2306 est
274 2257 338 2306 ad
381 2274 491 2306 eam
542 2258 668 2306 caeli
716 2261 911 2321 partem
948 2259 1001 2307 in
1041 2275 1140 2322 qua
1180 2259 1476 2308 commorari
1514 2263 1564 2308 et
1603 2259 1840 2309 adsiduus

149 2347 252 2381 esse
276 2335 612 2382 consueverat.
668 2333 800 2396 quod
832 2334 959 2382 dixit
987 2334 1228 2397 medium,
1259 2349 1522 2396 possumus
1553 2335 1840 2398 intellegere

148 2408 322 2468 utpote
362 2406 630 2468 potiorem,
679 2423 743 2454 an
789 2408 1028 2470 medium,
1075 2409 1194 2471 quia
1239 2409 1440 2471 utrique
1480 2410 1615 2471 parti
1652 2408 1752 2456 fuit
1789 2410 1842 2455 in

78 2480 120 2537 ⁸⁰
150 2480 415 2529 iudicando
455 2480 761 2530 communis?

297 2554 496 2603 Interea
535 2555 709 2603 Rutuli
742 2556 899 2615 portis
938 2556 1118 2604 circum
1156 2557 1379 2605 omnibus
1417 2557 1603 2604 instant
1633 2559 1842 2604 sternere

152 2629 294 2676 caede
346 2629 478 2676 viros
533 2633 576 2676 et
626 2630 818 2678 moenia
866 2631 1052 2691 cinyere
1100 2632 1339 2689 flammis:
1387 2630 1576 2678 reditus
1627 2631 1702 2678 est
1747 2631 1841 2678 iste

14 1623 19 1685 ’1

271 2774 296 2813 2
328 2771 506 2814 rutulos
529 2769 584 2813 V.
691 2771 831 2825 nefiat
854 2769 950 2814 VR.
1059 2776 1087 2814 4
1117 2773 1303 2816 monitis
1333 2785 1448 2827 quae
1471 2770 1525 2814 V.
1579 2770 1584 2827 J
1633 2773 1845 2816 sinixtris

153 2826 250 2871 VR.
372 2833 396 2872 7
421 2829 573 2885 plana
641 2863 650 2873 .
702 2829 706 2887 Ι
755 2830 979 2874 sententia
1001 2829 1098 2873 VR.
1223 2836 1276 2874 12
1308 2832 1394 2874 illa
1424 2830 1466 2873 R
1495 2831 1568 2874 illi
1590 2829 1632 2873 V
1656 2844 1744 2874 om.
1770 2830 1843 2875 ed.

156 2891 210 2930 18
241 2888 500 2946 olymphum
522 2887 619 2932 VR.
759 2892 812 2932 19
843 2894 1022 2946 styyam
1043 2888 1140 2933 VR.
1280 2895 1334 2933 21
1374 2903 1536 2933 nomen
1567 2890 1634 2946 (in
1664 2889 1728 2933 VI
1758 2905 1844 2934 nu-

154 2947 272 3003 men)
302 2945 357 2990 V.
450 2951 506 2990 23
538 2961 643 2991 areo
673 2961 757 3003 pro
790 2961 928 2992 aureo
950 2946 1047 2993 VR.
1140 2953 1198 2992 24
1229 2950 1472 2993 caeliculae
1496 2947 1592 2993 VR.
1694 2953 1749 2992 29
1781 2964 1845 2994 an

155 3003 240 3047 VR
270 3011 353 3050 aut
383 3005 453 3049 ed.
506 3007 510 3062 1
554 3011 689 3062 parte
712 3006 796 3051 VR
829 3021 941 3051 corr.
968 3007 1039 3051 ed.

1493 3096 1578 3139 20*
