2050 3226
764 180 1071 226 AENEmos
1094 181 1182 226 vn
1746 183 1817 236 47

119 321 361 382 Pachyno.
432 321 596 370 moliri
643 322 746 370 iam
791 321 914 370 tecta
957 320 1106 377 videt,
1145 322 1249 369 iam
1285 321 1436 379 fidere
1473 324 1651 378 terrae,
1692 322 1822 369 dese·
1838 330 1926 372 290

118 397 279 444 ruisse
306 398 461 444 rates:
499 394 619 444 dum
643 396 776 444 inter
797 394 1036 444 Latinum
1059 397 1110 443 et
1132 395 1373 444 Troianos
1404 395 1485 444 vel
1515 397 1630 458 post
1652 395 1823 443 Latini

120 470 256 518 dicta
292 469 415 518 haec
451 472 743 534 gererentur
779 485 906 532 quae
945 470 1173 532 superius
1212 469 1550 532 conprehensa
1579 471 1718 530 sunt,
1747 485 1822 516 re-

22 583 23 586 *
118 546 268 608 pente
306 543 428 592 exiit
463 543 590 593 Iuno
626 543 689 592 ab
721 544 872 608 Argis
910 559 1135 592 remeans
1175 546 1226 592 et
1264 559 1456 592 summo
1495 544 1632 591 caelo
1670 543 1823 606 respi-

19 644 37 685 3·
119 619 252 667 ciens
313 619 547 667 universa
607 619 739 668 votis
800 619 903 667 suis
966 618 1244 680 studiisque
1306 618 1578 679 contraria,
1636 617 1825 666 scilicet

0 695 26 725 ⁸³
119 692 361 741 Troianos
409 692 591 754 laetos,
637 692 774 755 quod
817 708 1093 754 numquam
1139 694 1287 740 antea
1331 692 1523 740 factum
1569 693 1666 754 est,
1710 693 1824 739 tuta

5 983 90 1058 ξω

47 1375 88 1408 15

47 2116 90 2150 25

51 2487 93 2519 30

120 781 238 831 erga
274 765 409 829 ipsos
450 767 639 828 omnia,
676 766 910 815 fiduciam
944 765 1161 830 gerentis
1191 781 1543 828 prosperorum
1573 781 1823 815 successu·

117 857 226 901 um,
263 840 516 890 molientis
551 844 685 890 tecta
716 843 767 890 et
797 842 926 890 sedis
958 841 1292 903 perpetuitate
1324 855 1518 889 securos
1551 840 1823 889 deseruisse

118 916 271 964 etiam
314 918 471 976 ταί-63,
515 917 693 978 utpote
742 915 845 963 iam
893 931 994 963 non
1039 916 1360 976 necessarias,
1406 916 1533 963 stetit
1576 916 1683 963 acri
1718 916 1823 974 fisca

119 990 304 1038 dolore:
354 991 496 1038 stetit
533 1005 634 1038 non
672 991 871 1052 sponte,
910 989 996 1039 sed
1034 989 1218 1038 doloris
1256 989 1501 1037 morsibus
1540 989 1652 1038 fixa.
1721 992 1824 1036 tum

119 1078 364 1124 quassans
418 1068 584 1124 caput,
641 1064 776 1127 quod
830 1065 905 1112 est
957 1066 1160 1126 apertae
1213 1064 1559 1112 commotionis
1610 1065 1824 1127 signum,

117 1139 235 1186 hacc
266 1139 473 1197 effundit
493 1141 686 1198 pectore
716 1139 869 1186 dicta:
908 1153 1152 1200 quassans
1184 1140 1337 1200 caput
1366 1139 1417 1186 et
1447 1137 1659 1186 effundit
1689 1138 1825 1186 dicta

119 1212 462 1261 demonstrant
508 1213 707 1275 qualem
749 1213 1024 1261 orationem
1064 1215 1193 1260 esset
1229 1211 1486 1274 habitura3
1532 1228 1650 1260 nam
1689 1212 1825 1274 quod

118 1287 265 1350 longe
315 1287 480 1334 adhuc
525 1287 692 1349 posita
730 1287 977 1335 laetitiam
1015 1286 1344 1334 Troianorum
1380 1285 1510 1335 vidit
1555 1288 1606 1335 et
1648 1286 1824 1348 doluit,

119 1360 317 1425 signum
347 1361 448 1408 fuit
470 1360 650 1409 veteris
682 1363 733 1409 et
762 1361 1034 1424 pertinacis
1065 1360 1182 1423 odii,
1207 1377 1359 1424 quam
1389 1363 1634 1423 perpetua
1665 1360 1823 1408 curio-

118 1436 243 1484 sitas
293 1434 507 1483 ducebat
552 1450 706 1497 quam
753 1435 972 1498 primum
1016 1451 1161 1484 nosse
1208 1435 1331 1498 quid
1376 1438 1582 1499 agerent
1617 1434 1824 1483 inimici.

121 1523 356 1572 quassare
410 1511 487 1558 est
538 1525 862 1558 commovere.
944 1510 1038 1558 heu
1090 1511 1290 1569 stirpem
1341 1510 1556 1558 invisam
1609 1513 1653 1556 et
1703 1510 1824 1569 fatis

120 1584 368 1632 contraria
409 1585 589 1632 nostris
627 1585 737 1643 fata
773 1585 1050 1645 Phrygum!
1133 1584 1221 1647 qui
1270 1584 1531 1632 contrariis
1581 1583 1702 1631 fatis
1751 1583 1823 1631 di-

120 1659 302 1706 cuntur
338 1658 478 1706 nasci
514 1658 632 1706 talis
661 1657 795 1706 inter
824 1674 876 1707 se
906 1658 1196 1706 inimicitias
1227 1660 1428 1722 gerunt,
1459 1661 1518 1706 ut
1547 1674 1823 1720 numquam

120 1731 476 1794 conquiescant
510 1747 601 1780 nec
632 1732 880 1794 accipiant
910 1733 1072 1782 finem.
1125 1733 1218 1780 hoc
1250 1732 1499 1780 adseritur
1529 1748 1587 1780 ex
1617 1732 1824 1780 Iunonis

118 1822 331 1869 persona
370 1808 520 1868 atque
559 1807 653 1854 hoc
685 1806 914 1855 firmatur
947 1808 1102 1855 etiam
1133 1807 1249 1855 deos
1279 1807 1399 1855 fatis
1430 1806 1823 1870 gubernantibus

118 1881 241 1943 regi.
327 1880 400 1928 ait
450 1881 610 1944 igitur
661 1880 790 1929 Iuno
844 1882 964 1942 heu,
1015 1882 1150 1944 quod
1202 1881 1303 1928 fuit
1356 1880 1589 1930 altissimi
1639 1881 1824 1928 doloris

120 1955 339 2018 signum,
377 1957 438 2002 ut
474 1954 695 2003 vinceret
731 1956 946 2019 gemitus
977 1971 1169 2017 vocem,
1202 1956 1381 2003 dehinc
1411 1955 1486 2003 ait
1515 1955 1658 2004 doleo
1691 1955 1825 2018 quod

120 2028 242 2076 fatis
273 2029 395 2076 meis
429 2028 626 2077 obviam
657 2030 866 2077 veniant
896 2030 1228 2078 Troianorum
1258 2030 1364 2077 fata
1394 2030 1659 2090 contraria,
1692 2029 1824 2091 quod

121 2118 235 2151 cum
271 2103 347 2150 ita
386 2102 473 2164 sit,
513 2103 732 2151 obtinere
771 2104 944 2166 procul
983 2103 1133 2152 dubio
1173 2104 1454 2152 debuerunt
1490 2104 1599 2152 fata
1631 2119 1744 2152 mea
1775 2106 1826 2151 et

122 2177 341 2226 aemulos
395 2177 615 2225 nocendo
665 2179 973 2240 pervincere:
1026 2194 1135 2227 ecce
1183 2178 1281 2241 ipsi
1330 2193 1444 2227 cum
1493 2178 1663 2227 dolore
1712 2194 1822 2226 meo

122 2250 399 2314 superiores
450 2254 568 2299 sunt
617 2254 668 2299 et
716 2253 954 2314 quicquid
1001 2251 1206 2300 inimica
1252 2253 1472 2316 cogitare
1518 2253 1664 2315 potui
1710 2268 1822 2300 con-

121 2325 311 2374 stantia
342 2328 393 2373 et
421 2325 661 2374 felicitate
692 2327 933 2374 vicerunt.
989 2341 1111 2374 num
1131 2326 1288 2387 Siyeis
1318 2327 1591 2374 occumbere
1622 2328 1822 2387 campis,

121 2414 242 2447 riwm
271 2401 401 2459 capti
424 2403 624 2459 potuere
655 2401 798 2460 capi?
841 2415 962 2448 nwm
992 2401 1194 2449 incensa
1223 2402 1454 2448 cremavit
1477 2401 1629 2448 Troia
1658 2401 1822 2447 viros?
1839 2410 1925 2450 295

121 2474 243 2521 haec
281 2475 399 2522 sunt
435 2476 642 2536 propter
681 2489 810 2537 quae
844 2474 1034 2523 dictum
1065 2476 1141 2523 est
1168 2475 1290 2537 heu,
1322 2490 1535 2537 quorum
1566 2476 1718 2536 caput
1748 2475 1824 2522 est

123 2547 258 2609 quod
296 2548 557 2596 contrariis
597 2548 715 2597 fatis
754 2548 884 2597 Iuno
923 2549 1161 2598 adversus
1195 2549 1435 2597 Troianos
1475 2549 1664 2596 frustra
1698 2547 1821 2596 m‘te·

122 2621 285 2669 batur.
347 2622 686 2683 sequebantur
721 2622 814 2670 issa
849 2638 1046 2686 quoque
1078 2639 1206 2684 quae
1238 2624 1466 2686 superius
1499 2622 1822 2683 enumeravit,

242 2826 271 2865 4
303 2822 416 2867 exiit
437 2821 481 2865 V
511 2824 692 2867 extitit?
730 2823 734 2881 ξ
768 2824 1013 2879 respiciens
1035 2822 1078 2866 V
1103 2823 1173 2867 ed.
1200 2824 1514 2879 perspiciens?
1611 2825 1667 2864 10
1699 2821 1819 2866 dolo-

124 2881 254 2924 ribus
297 2882 521 2925 morsibus
563 2881 620 2925 V.
741 2886 796 2925 12
835 2895 1058 2937 quassans
1079 2908 1135 2914 —
1156 2883 1282 2926 dicta
1324 2896 1411 2925 om.
1457 2881 1527 2924 ed.
1645 2884 1699 2923 13
1747 2881 1820 2924 de-

125 2944 348 2984 monstrat
387 2939 461 2983 ed.
564 2945 619 2984 19
663 2941 771 2986 talis
813 2955 900 2985 om.
935 2941 1007 2985 ed.
1131 2946 1186 2984 22
1228 2942 1324 2998 reyi
1355 2940 1397 2983 V
1440 2940 1519 2996 agi
1561 2938 1704 2983 HOU
1747 2939 1818 2984 ed.

127 3002 181 3041 27
208 2999 344 3054 potui
373 2999 413 3042 V
440 3001 594 3055 potuit
625 2999 696 3045 ed.
820 3004 877 3044 28
908 3001 1074 3057 siyaeis
1103 2999 1158 3043 V.
