2050 3226
781 152 1085 200 AENEmos
1115 152 1180 197 x1
1717 158 1827 212 423

136 295 289 344 etiam
326 292 581 358 petitionis
619 293 776 357 ipsius
817 293 1061 357 qualitaS‚
1112 308 1241 356 quae
1287 292 1453 356 sperni
1498 310 1596 343 non
1644 295 1827 346 debuit.

136 385 247 418 cum
278 384 393 418 vero
433 367 554 418 dicit
592 371 643 416 et
680 368 843 417 verbis
867 368 990 416 haec
1015 368 1220 430 insuper
1251 367 1412 427 addit,
1452 368 1711 418 confirmat
1743 370 1826 418 ad·

133 443 338 492 modum
374 441 582 504 bonum3
634 442 768 491 illius
821 443 953 491 enim
988 456 1162 491 revera
1198 441 1397 491 bonitas
1434 442 1584 504 plena
1628 446 1703 492 est
1741 446 1829 506 qui

133 518 294 579 petita
330 518 556 579 praestat
593 518 644 565 et
680 517 793 580 plus
826 532 977 579 quam
1015 518 1134 565 sunt
1163 516 1420 579 postulata
1449 516 1677 580 largitur.
1727 518 1830 566 iam

83 605 102 638 5
133 592 214 641 hic
243 591 296 640 in
323 590 520 640 Aeneae
546 591 865 653 responsione
906 589 1175 652 spectanda
1206 592 1323 639 sunt
1354 590 1473 639 duo:
1511 607 1666 638 unum
1697 592 1830 654 quod

132 665 400 728 postulatis
424 664 661 714 adsensus
694 667 783 726 est,
812 665 1026 713 alterum
1059 664 1191 727 quod
1212 664 1319 727 ipse
1351 664 1634 714 desiderata
1661 681 1829 714 cumu-

132 739 272 788 lavit.
333 738 475 802 loqui
511 740 671 803 igitur
701 755 759 788 ac
788 739 1083 801 respondere
1121 738 1300 801 incipit
1335 737 1427 787 sic:
1465 753 1709 799 quaenam
1745 753 1830 788 vos

132 817 264 862 tanto
289 814 493 874 fortuna
522 814 750 874 indiyna,
791 813 987 869 Latini,
1027 813 1251 873 inplicuit
1288 813 1429 870 bello,
1471 813 1555 873 qui
1581 828 1671 861 nos
1700 815 1829 875 fuyi-

133 888 228 936 atis
266 888 484 936 amicos?
518 902 690 947 pacem
726 902 802 935 me
840 887 1080 935 exanimis
1119 890 1162 936 et
1194 887 1381 935 Martis
1418 891 1543 936 sorte
1569 889 1830 949 peremptis
1849 896 1933 937 110

16 955 18 957 ’
58 980 100 1013 10
131 962 316 1010 oratis?
360 962 575 1023 equidem
613 964 657 1010 et
691 962 817 1010 vivis
863 961 1114 1010 concedere
1149 961 1330 1009 vellem.
1406 963 1610 1023 sortem,
1649 960 1831 1024 inquit,

131 1038 370 1098 vestram,
409 1034 601 1098 Latini,
641 1037 692 1084 et
727 1036 882 1084 miror
913 1037 963 1084 et
993 1034 1157 1096 doleo,
1198 1035 1328 1098 quod
1370 1034 1439 1084 sic
1478 1051 1566 1085 vos
1596 1035 1831 1098 inplicuit

131 1111 336 1159 fortuna
369 1109 590 1158 bellandi
628 1110 894 1171 desiderio,
931 1111 991 1158 ut
1028 1125 1128 1157 non
1157 1110 1429 1158 amicitiam
1455 1112 1703 1172 nostram,
1742 1111 1830 1159 sed

131 1184 272 1233 vobis
312 1183 522 1233 adversa
561 1183 829 1233 sectemini.
886 1183 1089 1245 Martis,
1134 1183 1319 1246 inquit,
1367 1186 1498 1232 sorte
1537 1184 1830 1247 peremptis:

133 1257 383 1308 excusatio
416 1258 662 1319 adhibita,
693 1260 752 1307 ut
780 1274 881 1307 non
905 1257 1232 1306 Troianorum
1262 1257 1407 1320 vitio,
1432 1257 1518 1307 sed
1541 1259 1829 1308 condicione

18 1369 22 1371 Δ
57 1349 99 1383 15
130 1333 248 1381 belli
288 1332 422 1395 quod
457 1332 581 1395 ipsis
620 1332 904 1382 auctoribus
950 1333 1145 1380 motum
1183 1333 1258 1380 est
1295 1331 1563 1380 videantur
1600 1334 1829 1395 extincti3

130 1407 272 1456 nulla
295 1409 371 1456 est
401 1406 532 1454 enim
556 1406 720 1469 culpa,
747 1407 898 1455 sicuti
925 1408 975 1455 et
999 1406 1230 1454 Terentio
1257 1399 1385 1473 (hec.
1408 1400 1620 1473 1,1‚15)
1649 1407 1829 1470 placet,

129 1480 333 1543 „ulcisci
364 1479 673 1530 adversarios
706 1482 795 1529 aut
825 1497 926 1543 qua
956 1481 1039 1530 via
1069 1482 1119 1528 te
1151 1482 1354 1543 captent
1382 1480 1461 1528 illi
1491 1480 1663 1529 eadem
1692 1480 1828 1544 ipsos

130 1554 294 1618 capi“.
369 1554 580 1618 denique
630 1557 681 1603 et
724 1554 854 1604 vivis
900 1554 1158 1603 lenitatem
1206 1554 1442 1617 spondet,
1489 1571 1550 1603 ne
1598 1556 1830 1604 similiter

128 1630 346 1692 pereant.
414 1629 648 1678 benivola
687 1628 993 1693 obiurgatio,
1031 1644 1188 1691 usque
1229 1628 1351 1677 adeo
1390 1631 1449 1677 ut
1488 1628 1621 1692 quod
1661 1629 1830 1678 delicti

56 1719 99 1752 πο
128 1705 351 1766 ipsorum
388 1703 488 1752 fuit
525 1703 710 1752 diceret
755 1719 860 1753 esse
899 1703 1143 1753 fortunae.
1221 1719 1321 1751 non
1371 1704 1562 1767 arguit,
1609 1719 1710 1752 non
1749 1719 1828 1753 ac·

130 1780 289 1839 cusat,
340 1778 426 1826 sed
462 1777 623 1842 magis
671 1793 844 1826 eorum
892 1778 1168 1826 defensioni
1215 1777 1418 1826 adhibet
1464 1777 1828 1826 adiumentum:

129 1853 199 1900 sic
237 1851 370 1900 enim
407 1852 496 1914 qui
532 1852 717 1901 fidebat
755 1867 870 1900 suos
901 1853 1005 1900 fore
1046 1852 1210 1900 salvos
1242 1852 1408 1914 potius
1449 1851 1684 1914 cupiebat
1723 1868 1827 1901 esse

131 1941 282 1988 quam
312 1925 549 1988 perditos.
600 1927 764 1988 aperit
792 1927 895 1975 iam
919 1942 1029 1975 eam
1060 1928 1254 1989 partem
1278 1942 1380 1989 qua
1411 1925 1632 1975 conicere
1663 1927 1830 1989 potuit

3 2059 7 2069 1
131 1999 293 2048 adhuc
339 2015 422 2048 eos
464 2000 518 2048 in
564 1999 735 2048 eodem
784 2016 946 2049 errore
984 2000 1188 2049 versari.
1265 2015 1377 2062 vos,
1422 2001 1609 2063 inquit,
1656 2016 1826 2063 super-

2 2091 9 2150 3
56 2087 98 2122 85
130 2074 283 2122 fluam
321 2073 493 2136 petitis
532 2075 742 2123 mortuis
780 2090 975 2137 pacem,
1016 2075 1109 2123 hoc
1148 2073 1340 2123 indicat
1377 2075 1528 2123 etiam
1568 2091 1701 2124 nunc
1739 2090 1826 2124 vos

2 2154 3 2158 ’
129 2149 257 2197 velle
288 2163 534 2212 pugnare,
567 2148 700 2210 quod
729 2149 897 2212 ipsum
927 2148 1068 2198 vobis
1099 2148 1267 2210 potius
1296 2164 1448 2211 quam
1477 2149 1603 2197 mihi
1634 2151 1826 2198 contra-

129 2223 261 2270 rium
299 2224 388 2270 est.
450 2221 680 2284 equidem
719 2225 770 2271 et
806 2221 933 2271 vivis
974 2222 1237 2271 concedere
1275 2223 1469 2271 vellem⁴
1539 2239 1688 2286 quam
1728 2223 1826 2271 cito

130 2296 349 2345 ostendit
386 2296 697 2358 sepulturam
733 2297 943 2344 mortuis
982 2311 1033 2345 se
1070 2297 1197 2346 velle
1234 2299 1514 2360 praestare,
1555 2313 1668 2347 cum
1708 2296 1827 2345 dicit

0 2417 3 2433 ,.
130 2372 180 2418 et
217 2370 344 2420 vivis
377 2369 638 2419 concedere
677 2370 870 2419 vellem.
938 2373 1121 2435 magis,
1158 2371 1350 2434 inquit,
1389 2372 1569 2420 vellem
1610 2373 1660 2419 et
1696 2370 1824 2419 vivis

0 2438 3 2459 ³
55 2458 99 2490 so
129 2445 382 2507 praestare
412 2444 705 2492 beneficium
749 2443 909 2506 pacis,
962 2445 1079 2508 quia
1116 2445 1505 2494 benivolentiam
1543 2462 1705 2492 meam
1748 2460 1825 2492 ex-

131 2519 318 2567 animes
344 2518 525 2567 sentire
549 2534 648 2566 non
671 2520 894 2581 possunt.
946 2533 1033 2567 nec
1058 2521 1182 2576 veni,
1214 2520 1314 2567 nisi
1336 2522 1443 2579 fata
1470 2520 1623 2567 Iocum
1647 2519 1826 2566 sedem—

130 2606 220 2653 que
258 2593 522 2640 dedissent:
558 2593 681 2640 haec
713 2591 918 2641 dicendo
958 2594 1177 2642 ostendit
1216 2609 1382 2642 caesos
1418 2609 1600 2656 poenas
1634 2592 1825 2641 dedisse

250 2738 275 2775 2
302 2734 541 2788 confirmat
563 2733 808 2777 admodum
825 2732 867 2776 V
890 2734 1022 2778 illum
1045 2748 1135 2779 esse
1159 2734 1374 2790 interpol.
1394 2734 1465 2778 ed.
1551 2737 1575 2775 5
1602 2747 1767 2777 aeneae
1782 2732 1825 2775 V

130 2793 182 2835 in
205 2793 287 2836 Ae.
313 2806 396 2836 nos
421 2806 510 2848 pro
534 2794 615 2837 Ae.
642 2792 713 2836 ed.
800 2797 826 2836 6
847 2794 1092 2848 postulatis
1116 2793 1157 2837 V
1174 2794 1388 2849 precibus
1412 2792 1483 2837 ed.
1569 2796 1595 2835 8
1621 2797 1751 2836 tanta
1768 2791 1822 2836 V.

133 2854 157 2892 9
197 2865 416 2907 pacemne
461 2851 533 2895 ed.
586 2853 589 2909 j
647 2856 790 2895 marte
834 2857 951 2896 sorte
987 2851 1042 2896 V.
1168 2856 1222 2896 10
1264 2851 1495 2896 υεῖῑεφηὛΤ
1534 2851 1711 2895 mallem
1751 2851 1821 2895 ed.

133 2914 188 2952 14
220 2911 428 2957 adhibita
452 2909 494 2953 V
525 2916 590 2955 est
620 2925 661 2954 a.
696 2910 767 2954 ed.
880 2914 934 2954 18
965 2912 1149 2967 spondit
1170 2911 1213 2954 V
1243 2911 1487 2966 spopondit
1517 2910 1588 2954 ed.
1696 2915 1751 2953 22
1783 2911 1826 2955 si

130 2966 173 3009 V
197 2968 267 3011 ed.
300 2970 367 3013 sic
398 2969 468 3013 ed.
493 2971 613 3025 post.
714 2973 768 3013 27
800 2969 954 3014 vellem
976 2969 1019 3014 V
1043 2971 1130 3014 edI
1161 2971 1340 3014 mallem
1373 2969 1474 3013 edF
1506 2969 1636 3026 (item
1667 2969 1822 3026 insta).
