2050 3226
718 87 1025 134 AENEmos
1048 88 1157 134 vm
1686 93 1788 148 181

97 234 206 280 tum
245 230 313 279 sit
349 245 509 292 neque
547 229 696 277 fluere
734 229 895 292 possit
932 231 992 277 ut
1029 229 1264 277 solutum.
1341 245 1449 278 ecce
1498 230 1623 279 dixit
1669 247 1790 293 quo-

95 305 243 353 modo
281 304 503 353 laborem
549 302 712 366 operis
759 302 1058 352 divisissent.
1129 303 1238 363 alii,
1276 303 1465 366 inquit,
1511 305 1794 353 conflabant

98 394 203 440 aes,
253 378 342 426 alii
391 394 593 439 aum,
644 377 733 425 alii
780 377 968 425 ferrum
1017 377 1333 440 molliebant3
1379 393 1479 426 non
1519 377 1650 426 enim
1687 379 1794 427 fieri

95 454 295 516 poterat
331 455 390 501 ut
427 452 612 501 diversi
650 452 845 516 generis
883 451 1090 500 metalla
1121 452 1175 499 in
1205 467 1358 500 unam
1388 452 1644 500 fornacem
1676 468 1791 500 con-

22 539 67 574 en
97 529 405 593 gererentur,
444 525 529 575 sed
574 527 634 574 ut
681 526 849 574 omnia
893 540 991 573 uno
1037 526 1259 589 tempore
1306 525 1489 575 futuris
1536 526 1792 589 speciebus

96 604 276 664 parata
298 601 658 665 praevenirent.
714 600 802 648 alii
831 600 992 663 igitur
1022 599 1134 648 aliis
1159 615 1362 663 operam
1386 599 1588 649 dabant.
1641 617 1794 650 unam

95 677 286 724 interea
333 676 605 736 fornacem,
656 690 806 736 quam
856 674 982 722 dixit
1031 676 1249 736 vastam,
1299 675 1368 723 sic
1425 674 1657 723 debemus
1716 691 1793 724 ac·

97 750 285 813 cipere,
333 751 392 798 ut
444 765 545 797 una
599 747 832 813 singulis,
885 765 985 797 non
1040 747 1268 797 omnibus
1322 749 1513 812 pariter
1564 749 1795 798 videatur

96 824 249 873 fuisse
289 822 530 886 deputata
565 823 867 886 perindeque
906 824 964 871 ut
1001 837 1103 870 una
1143 822 1255 871 auri
1291 823 1464 885 fuerit,
1512 823 1613 872 alia
1653 824 1793 885 aeriS,

6 910 67 944 ⁸10
97 897 198 947 alia
235 898 370 946 ferri:
435 897 698 946 vulnificus
737 896 962 959 chalybs:
1002 898 1123 945 tunc
1160 897 1446 959 vulnificus,
1487 898 1608 960 quia
1646 914 1795 960 prop-

96 974 173 1021 ter
224 971 539 1021 fabricandos
595 971 787 1035 gladios
849 970 1145 1034 parabatur,
1208 973 1448 1033 ceterum,
1509 973 1553 1021 si
1607 974 1689 1020 eat
1740 973 1795 1020 in

25 1055 29 1059 ’
96 1046 274 1095 navale
313 1062 437 1110 opus
477 1047 566 1094 aut
602 1047 849 1095 rusticum
888 1048 978 1093 aut
1015 1045 1175 1093 simile
1214 1045 1374 1107 aliud,
1412 1061 1513 1094 non
1552 1046 1649 1095 erit
1685 1047 1794 1095 vul-

96 1121 286 1169 nificus,
335 1122 575 1182 inqentem
606 1121 812 1181 elipeum
841 1121 1137 1179 informant:
1166 1120 1249 1168 hic
1279 1120 1431 1169 simul
1462 1122 1580 1169 sunt
1611 1135 1795 1182 omnes,

96 1197 157 1244 ut
207 1195 504 1243 informetur
554 1210 658 1242 una
711 1194 899 1257 species
951 1195 1126 1242 maior.
1213 1209 1370 1242 unwm
1414 1195 1581 1243 omnia
1628 1198 1796 1243 eontra

5 1281 67 1314 *15
97 1269 192 1317 tela
240 1269 539 1317 Latinorum
548 1286 563 1316 .·
612 1269 842 1332 exposuit
892 1267 1026 1330 quod
1076 1267 1223 1330 dixit,
1272 1268 1528 1332 ingentem
1583 1269 1796 1331 clipeum

99 1358 196 1406 quo
250 1345 420 1407 posset
472 1345 697 1407 gestator
749 1358 1022 1403 occurrere,
1078 1342 1276 1392 etiamsi
1321 1342 1513 1391 Latinis
1566 1343 1795 1391 omnibus

98 1418 248 1466 simu]
285 1419 446 1466 iacere
484 1417 587 1466 tela
624 1417 908 1480 placuisset.
986 1417 1072 1464 sed
1116 1417 1210 1465 hoc
1257 1433 1316 1465 ex
1360 1433 1573 1479 persona
1618 1420 1794 1480 poetae

98 1491 330 1540 debemus
381 1493 625 1555 accipere,
679 1493 896 1540 ceterum
948 1491 1235 1540 nesciebant
1287 1490 1525 1554 Cyclopes
1580 1492 1663 1540 cui
1716 1491 1796 1540 vel

98 1568 271 1615 contra
331 1583 478 1629 quem
540 1581 678 1614 arma
735 1566 827 1614 illa
882 1567 1196 1628 pararentur.
1280 1568 1396 1628 post
1454 1565 1584 1614 scuti
1639 1565 1798 1630 igitur

23 1651 68 1684 so
98 1640 311 1689 formam
348 1642 548 1689 textura
587 1640 691 1689 eius
732 1641 1089 1702 consequenter
1139 1640 1441 1688 ostenditur:
1488 1643 1798 1700 septenosque

98 1715 294 1763 orbibus
332 1716 463 1763 orbis
499 1715 768 1774 inpediunt.
859 1714 1257 1777 quattuordecim
1303 1714 1500 1763 circulis
1540 1715 1609 1762 sic
1649 1714 1798 1777 clipei

0 1794 8 1806 ³
97 1790 296 1837 textura
334 1788 563 1837 currebat
602 1788 844 1838 ordinatis
884 1788 1111 1850 orbibus,
1149 1791 1210 1837 ut
1247 1805 1298 1838 se
1344 1788 1556 1837 invicem
1602 1790 1795 1837 nectere

99 1865 149 1911 et
192 1862 414 1926 inpedire
468 1863 768 1911 viderentur.
852 1862 1031 1926 incipit
1083 1878 1282 1911 rursum
1337 1864 1518 1925 exponi
1562 1862 1684 1925 quid
1731 1863 1798 1912 sit

98 1937 386 2000 pariterque
424 1937 643 1986 laborem
681 1937 869 1986 sortiti:
910 1938 999 1985 alii
1036 1938 1248 1986 ventosis
1284 1938 1485 1997 follibus
1524 1951 1678 1985 auras
1718 1951 1797 1985 ae·
1812 1946 1898 1986 450

25 2021 67 2054 25
99 2011 285 2070 cipiunt
334 2011 647 2071 redduntque.
739 2027 839 2059 non
892 2010 1024 2073 quod
1087 2014 1291 2060 ventum
1351 2011 1592 2072 habeant,
1653 2011 1796 2060 folles

98 2085 293 2134 ventosi
331 2085 452 2133 dicti
491 2087 627 2146 sunt,
668 2085 753 2133 sed
792 2085 924 2148 quod
963 2086 1171 2134 ventum
1209 2086 1465 2147 emittant,
1512 2085 1601 2133 ubi
1647 2094 1795 2134 auras

0 2163 4 2166 “
101 2160 399 2221 acceperint,
451 2161 689 2220 ceterum,
740 2159 784 2208 si
833 2175 933 2208 non
985 2162 1303 2222 moveantur,
1350 2160 1520 2208 nullus
1569 2176 1627 2208 ex
1671 2159 1795 2221 ipsis

99 2236 276 2282 ventus
326 2233 507 2281 existit.
585 2233 674 2281 alii
722 2234 978 2281 stridentia
1027 2235 1220 2295 tinyunt
1268 2248 1386 2282 aera
1438 2235 1572 2282 lacu:
1610 2233 1798 2282 emittit

101 2308 285 2370 quippe
325 2307 588 2356 stridorem
625 2307 812 2355 sermm
851 2323 1130 2370 accensum,
1171 2324 1284 2357 cum
1321 2309 1375 2356 in
1414 2324 1598 2372 aquam
1643 2308 1797 2355 fuerit

27 2392 70 2424 ³0
98 2382 317 2430 missum.
391 2382 537 2443 yemit
573 2382 797 2441 inpositis
834 2382 1094 2430 incudibus
1133 2386 1355 2430 antrum:
1393 2382 1622 2446 gemebat
1653 2397 1795 2430 omne

101 2458 300 2504 antrum
339 2455 508 2505 crebro
547 2455 819 2504 verberatis
858 2455 1135 2504 incudibuS.
1211 2457 1286 2504 illi
1331 2458 1457 2505 inter
1501 2471 1602 2505 sese
1641 2456 1796 2503 multa

221 2615 247 2654 3
278 2611 504 2655 molebant
524 2610 567 2654 V
591 2625 705 2655 corr.
732 2611 802 2655 ed.
911 2616 936 2654 6
964 2613 1253 2668 pervenirent
1281 2612 1354 2657 ed.
1467 2616 1521 2655 10
1553 2612 1796 2666 vulnificus

102 2670 272 2714 chalibs
294 2669 339 2713 V
367 2685 451 2727 que
481 2670 679 2714 inseruit
710 2670 781 2714 ed.
888 2675 941 2714 11
976 2676 1049 2715 eat
1070 2670 1114 2714 V
1144 2673 1229 2716 erit
1260 2671 1330 2715 ed.
1441 2677 1496 2715 14
1527 2671 1795 2725 informare-

101 2733 178 2773 tur
209 2729 280 2772 ed.
405 2735 458 2773 16
491 2743 578 2786 quo
601 2729 643 2773 V
673 2735 726 2773 ut
756 2729 827 2773 ed.
958 2735 1012 2774 17
1049 2731 1296 2787 placuisset
1318 2730 1362 2774 V
1391 2731 1647 2787 eontiyisset
1677 2729 1748 2773 ed.

102 2788 183 2831 hoc
205 2787 247 2830 V
277 2789 386 2832 haec
417 2788 487 2832 ed.
580 2792 637 2832 20
667 2794 850 2833 textura
873 2788 915 2831 V
946 2795 1180 2834 contextus
1211 2790 1281 2833 ed.
1376 2794 1430 2832 22
1464 2790 1731 2833 currebatur

7 2904 11 2907 q
104 2859 219 2891 corr.
247 2847 322 2890 ed.
445 2852 501 2891 23
532 2849 760 2892 videretur
783 2847 824 2891 V
849 2861 963 2892 corr.
989 2849 1060 2892 ed.
1112 2848 1117 2906 Ι
1166 2863 1385 2905 exponere
1424 2848 1494 2892 ed.
1619 2852 1674 2891 26
1713 2848 1795 2891 ad-

102 2907 287 2950 mittant
318 2906 389 2950 ed.
513 2910 568 2950 30
599 2907 782 2951 ιἠσὶὒαό
813 2921 897 2963 pro
928 2908 1173 2953 incudibus
1195 2907 1249 2951 V.
