2050 3226
747 158 1051 204 AENEmos
1081 158 1145 202 1x
1684 162 1790 216 257

106 315 296 349 summo
346 298 537 348 deiecta
586 300 878 361 quaerentes
934 298 1146 361 adipisci
1197 298 1472 347 victoriam.
1558 313 1645 347 nec
1691 301 1794 348 iam
1810 311 1897 351 515

105 375 383 435 sufficiunt:
431 373 534 421 iam
578 376 748 422 tamen
786 375 1052 436 coeperant
1088 372 1243 433 vinci,
1290 375 1341 421 et
1379 372 1794 436 expugnationem

106 446 417 511 superiorum
462 447 590 495 ferre
633 462 732 494 non
776 461 936 509 posse.
1012 448 1179 510 potest
1221 446 1315 495 hoc
1361 448 1412 494 et
1458 446 1517 494 de
1566 446 1795 495 Troianis

105 522 352 586 intellegi,
390 522 525 584 quod
554 519 807 568 fundendo
840 524 992 584 atque
1023 520 1268 570 mittendo
1307 519 1614 569 defecissent.
1678 536 1797 568 nam

55 611 76 644 ⁶
107 611 204 656 qua
245 596 416 657 ylobus
467 595 671 643 inminet
713 595 905 656 inqens,
953 596 1202 643 inmanem
1256 595 1432 642 Teucri
1475 594 1648 643 molem
1699 594 1798 642 vol-

105 673 316 729 vuntque
375 669 690 728 trahuntque:
756 669 836 716 hic
898 669 1222 718 confirmatur
1282 668 1419 731 quod
1470 668 1799 718 Troianorum

107 743 316 792 defectio
376 744 538 807 magis
600 742 735 792 dicta
789 742 855 791 sit
916 759 1069 805 (1113111
1122 742 1446 804 Rutulorum3
1510 758 1628 791 nam
1687 758 1800 790 cum

105 818 301 866 minuta
346 817 472 865 nihil
518 817 844 880 profecissent
889 820 940 865 et
985 817 1168 866 virium
1214 817 1459 866 extitisset
1494 832 1680 881 magna
1718 816 1799 864 de·

106 892 277 952 sectio,
324 907 476 955 super
519 893 874 955 congregatam
918 891 1291 940 multitudinem
1335 906 1574 955 magnam
1617 891 1801 939 molem

35 981 77 1014 10
106 965 348 1017 trahendo
405 968 556 1028 atque
610 966 855 1014 volvendo
908 966 1152 1015 miserunt
1204 965 1410 1014 Troiani
1462 964 1800 1029 praecipitem,

108 1040 474 1089 aestimandum
522 1042 598 1088 est
636 1039 758 1103 quid
794 1039 1027 1088 habuerit
1062 1040 1217 1088 moles
1256 1039 1347 1088 illa
1384 1039 1617 1102 ponderis
1657 1055 1801 1103 quae,

108 1130 221 1163 cum
270 1115 390 1162 ferri
438 1129 540 1162 11011
592 1116 782 1176 posset,
834 1115 998 1162 tracta
1050 1114 1104 1162 in
1157 1129 1391 1176 praeceps
1441 1114 1522 1163 vel
1571 1114 1803 1164 involuta

107 1189 356 1251 pervenit3
395 1204 455 1236 ne
495 1190 664 1237 autem
701 1190 755 1236 in
787 1188 991 1236 dubium
1022 1188 1236 1249 veniret,
1266 1189 1627 1252 praecipitatae
1656 1188 1801 1237 molis

109 1265 311 1312 eventus
351 1263 515 1311 dictus
554 1264 650 1312 est:
700 1277 824 1322 quae
870 1263 1046 1311 stravit
1081 1262 1291 1311 Rutulos
1330 1263 1424 1311 late
1463 1276 1804 1322 armorumque

36 1350 78 1384 15
106 1337 302 1386 resolvit
338 1337 573 1398 teymina:
618 1351 768 1399 super
806 1351 930 1399 quos
969 1351 1083 1384 cum
1127 1338 1274 1384 tanta
1310 1339 1457 1385 ruina
1495 1336 1804 1398 concidisset,

108 1426 222 1459 mox
268 1426 351 1460 eos
397 1411 596 1460 necavit
643 1413 734 1459 aut
771 1410 936 1458 solvit.
1011 1425 1099 1458 nec
1138 1414 1313 1459 curant
1350 1425 1486 1459 caeco
1525 1411 1805 1459 contendere

107 1485 276 1534 Marte
313 1485 527 1545 amplius
566 1485 779 1533 audaces
816 1485 1011 1540 Rutuli,
1052 1485 1137 1533 sed
1168 1485 1348 1545 pellere
1377 1485 1506 1533 vallo
1535 1485 1805 1533 missilibus
1822 1497 1907 1536 520

109 1562 315 1608 certant:
352 1561 468 1622 post
505 1560 692 1608 factam
731 1558 790 1607 de
830 1559 932 1608 suis
970 1560 1192 1622 stragem
1229 1559 1364 1607 ultra
1401 1575 1501 1607 non
1541 1559 1652 1607 ausi
1690 1561 1806 1607 sunt

108 1633 286 1681 Rutuli
330 1633 632 1683 testudinem
680 1635 892 1694 struere,
942 1632 1028 1681 sed
1077 1636 1271 1682 remota
1319 1633 1490 1682 fraude
1543 1635 1692 1695 atque
1730 1633 1804 1680 in-

35 1721 81 1755 30
109 1707 249 1756 sidiis
299 1707 492 1756 bellicis
538 1710 807 1770 coeperunt
855 1706 1128 1756 missilibus
1180 1710 1230 1756 et
1268 1710 1444 1770 aperta
1488 1706 1805 1756 dimicatione

110 1785 313 1830 certare.
389 1782 510 1845 quia
560 1797 712 1844 supra
762 1781 894 1830 dixit
938 1780 1259 1845 „quaerunt“
1306 1785 1357 1831 et
1407 1781 1602 1830 addidit
1651 1797 1804 1845 „pars

111 1855 302 1904 aditum
347 1857 397 1904 et
441 1855 587 1905 scalis
636 1855 898 1905 ascendere
942 1854 1166 1917 muros“,
1212 1857 1307 1904 hoc
1351 1857 1517 1919 ipsum
1557 1858 1807 1918 quaerunt

111 1929 175 1979 ad
223 1930 410 1979 multas
460 1930 642 1994 partis,
694 1945 795 1978 non
849 1929 914 1978 ad
966 1947 1120 1979 unam
1174 1930 1416 1993 pertinet,
1469 1930 1679 1992 denique
1734 1931 1808 1979 ait

3 2062 8 2066 -
104 2006 248 2064 parte
308 2004 412 2052 alia
471 2004 742 2053 horrendus
800 2005 913 2053 visu
973 2005 1242 2064 quassabat
1292 2003 1559 2053 Etruscam
1603 2005 1807 2064 pinum:

38 2090 81 2124 2⁵
110 2078 410 2126 horrendum
453 2077 581 2127 dixit
621 2079 736 2127 visu
771 2079 963 2127 trucem
1003 2078 1169 2128 animo
1209 2082 1259 2127 et
1297 2094 1499 2141 corpore
1537 2078 1806 2143 ingentem.

113 2156 155 2201 et
196 2152 458 2212 fwniferos
502 2152 654 2212 infert
697 2153 972 2202 Mezentius
1017 2153 1173 2214 iqnis:
1219 2153 1328 2202 ibat
1366 2169 1482 2217 ergo
1522 2153 1808 2213 MezentiuS,

113 2242 259 2288 quem
289 2226 456 2275 videre
494 2225 840 2276 tantummodo
878 2242 1091 2290 magnus
1123 2228 1287 2276 fuerat
1317 2229 1522 2288 tremor,
1562 2226 1806 2276 concutie-

112 2300 200 2349 bat
236 2299 432 2363 pinum,
478 2316 579 2349 non
617 2301 819 2363 pineam
864 2301 1047 2362 facem,
1098 2301 1184 2350 sed
1229 2303 1392 2364 ipsam
1439 2301 1664 2350 arborem
1701 2301 1808 2363 pini

112 2374 413 2423 fumiferam.
499 2375 607 2436 pini
660 2374 807 2436 dixit,
862 2375 981 2438 quia
1034 2375 1126 2423 hoc
1174 2375 1414 2424 materiae
1462 2391 1642 2439 genus,
1696 2390 1807 2422 cum

40 2461 84 2494 ω
113 2449 275 2510 ardet,
335 2447 612 2512 plurimum
665 2448 860 2496 fumum
912 2448 1100 2498 emittit
1152 2466 1212 2497 ex
1264 2465 1329 2498 se.
1421 2453 1473 2498 at
1523 2450 1806 2508 Messapus,

114 2537 287 2582 equum
324 2523 542 2579 domitor,
580 2522 833 2584 Neptunia
868 2523 1050 2583 proles,
1088 2524 1320 2572 rescindit
1358 2523 1543 2572 vallum
1576 2527 1617 2570 et
1646 2522 1808 2571 scalas

115 2597 181 2645 ad
217 2597 409 2645 moenia
439 2597 622 2656 poscit:
661 2612 769 2645 ecce
810 2597 912 2645 alia
948 2612 1089 2660 parS,
1137 2598 1191 2645 in
1240 2614 1342 2660 qua
1393 2597 1493 2645 fuit
1536 2597 1807 2658 Messapus,

113 2671 369 2734 Neptunia
407 2671 593 2733 proleS‚
632 2670 762 2719 filius
803 2670 993 2719 scilicet
1030 2673 1271 2720 eversoris
1307 2671 1483 2720 Troiae
1522 2673 1572 2718 et
1610 2671 1809 2733 antiqui

235 2801 261 2841 3
288 2802 435 2853 potest
456 2795 499 2840 V
521 2802 673 2853 posset
705 2796 776 2841 ed.
899 2802 925 2841 5
957 2799 1198 2854 voluntque
1220 2797 1274 2842 V.
1399 2801 1426 2841 8
1451 2797 1737 2853 proficissent
1770 2795 1808 2838 V

112 2857 381 2911 proficerent
404 2855 477 2900 ed.
562 2861 615 2900 17
641 2857 850 2902 missibus
873 2855 928 2900 V.
1015 2861 1070 2900 18
1100 2859 1176 2902 usi
1198 2856 1240 2900 V
1265 2871 1379 2901 corr.
1405 2855 1476 2899 ed.
1568 2859 1624 2898 22
1656 2869 1808 2900 ascen·

118 2915 219 2960 dere
248 2914 290 2958 V
329 2915 620 2960 conscendere
662 2915 735 2959 ed.
865 2919 921 2959 26
963 2918 1209 2974 et—iynis
1246 2918 1355 2972 post
1390 2916 1557 2971 pinum
1595 2914 1702 2959 add.
1735 2914 1806 2959 ed.

119 2977 174 3016 28
203 2975 388 3030 pineam
411 2973 452 3017 V
476 2988 675 3030 parvam
707 2974 779 3019 ed.

206 3063 305 3096 Don.
320 3063 478 3104 interpr.
491 3065 603 3106 Verg.
626 3065 702 3098 vol.
717 3064 769 3097 11.
1486 3067 1538 3106 17
