2050 3226
750 155 1055 201 AENELDOS
1079 155 1166 199 VH
1700 158 1801 211 111

111 296 332 358 missum,
364 295 450 344 sed
478 295 625 344 illum
654 296 788 344 tanti
818 294 1034 345 nominis
1060 296 1340 344 reverentia
1362 296 1594 344 territum
1617 295 1807 344 auxilia

110 385 421 434 pernegasse,
450 369 656 418 Aenean
685 368 876 419 interea
907 370 966 418 de
998 368 1222 432 reliquiis
1245 369 1479 418 Danaum
1510 365 1592 436 (ut
1617 369 1806 418 dictum

112 438 209 511 est)
258 446 408 506 atque
454 443 646 492 inmitis
692 443 901 505 Achilli,
951 443 1259 506 perditisque
1307 460 1366 492 ex
1414 442 1492 492 his
1542 443 1806 507 naufragio

110 517 338 581 plurimis
377 519 428 566 et
463 517 822 567 interveniente
861 518 956 566 luis
996 519 1228 582 contagio
1268 517 1522 566 nonnullis
1563 515 1808 579 extinctiS‚

59 606 81 640 ο
110 591 295 642 relictis
313 588 525 656 ‘quoque
562 591 617 640 in
657 591 854 641 Siciliae
894 592 1122 655 partibus
1154 593 1450 656 aliquantiS‚
1490 607 1604 640 cum
1633 591 1806 655 paucis

112 682 236 729 quos
268 666 505 714 Euander
541 666 588 714 ei
619 682 679 714 ex
716 669 932 730 angusta
964 665 1244 715 substantia
1276 665 1481 714 dederat
1519 665 1808 727 obtinuisse,

19 733 22 739 ’
108 741 272 803 ipsam
301 740 542 789 Iunonem
580 756 782 789 saevam
820 744 871 790 et
899 741 953 788 in
977 740 1258 790 exercendis
1288 740 1567 790 inimicitiis
1597 740 1808 788 infinitis

109 814 415 878 temporibus
466 814 821 878 perdurantem
870 816 1080 876 virtute,
1137 815 1408 864 tolerantia
1463 817 1513 863 et
1566 813 1807 863 felicitate

109 891 398 952 superatam
436 889 635 938 Aeneae
673 889 924 952 partibus,
962 892 1022 938 ut
1057 889 1112 937 in
1151 889 1442 938 duodecimo
1480 888 1608 937 libro
1648 882 1806 955 (841)

14 977 80 1011 ·1o
108 963 294 1012 lectum
333 966 430 1024 est,
457 959 495 1029 †
526 965 688 1012 facere
728 964 1019 1027 conpulsam
1049 963 1293 1026 illumque
1332 963 1498 1025 omnia
1529 979 1641 1012 cum
1673 964 1808 1011 omni

17 1046 22 1054 “
107 1037 439 1101 prosperitate
487 1037 725 1101 adeptum
764 1054 892 1102 quae
933 1037 1290 1087 nuntiaverant
1329 1037 1401 1085 dii
1439 1040 1489 1086 et
1527 1037 1807 1086 cecinerant

8 1154 11 1155 γ
108 1115 262 1161 vates.

228 1258 254 1297 2
287 1259 330 1298 et
357 1259 411 1298 ut
439 1253 612 1298 dietum
642 1258 706 1298 est
728 1253 771 1296 V
802 1259 845 1299 et
875 1253 963 1297 del.
999 1253 1070 1298 ed.
1192 1259 1220 1297 4
1252 1254 1460 1311 eontayio
1491 1251 1535 1296 V
1572 1254 1702 1298 -ione
1732 1253 1804 1297 ed.

111 1318 166 1357 10
196 1314 345 1368 facere
375 1311 418 1357 V
449 1312 521 1358 ed.
551 1313 705 1367 favere
736 1313 809 1358 ed.
842 1316 962 1369 post.
1026 1327 1087 1356 an
1117 1313 1175 1358 ab
1206 1313 1388 1357 Aeneae
1414 1313 1628 1369 partibus
1659 1339 1716 1344 —
1748 1339 1802 1345 —

107 1373 286 1427 facere?
318 1385 453 1416 cruce
485 1371 680 1428 signavi.

226 1434 333 1487 post
373 1437 497 1477 vates
540 1431 751 1487 sequitur
793 1445 912 1487 quae
957 1430 1076 1475 solet
1118 1430 1399 1488 subscriptio
1446 1431 1599 1476 Tiberi
1637 1431 1807 1477 Claudi

105 1491 289 1605 fDlo‘nati
329 1493 415 1536 etc.
464 1491 692 1536 Aeneidos
739 1491 850 1536 liber
894 1492 996 1536 VII
1031 1492 1274 1548 explicitus
1315 1492 1481 1548 incipit
1522 1492 1635 1536 liber
1681 1491 1811 1536 VIII

130 1564 151 1595 e
170 1552 310 1595 iciter.
