2050 3226
225 178 296 231 36
694 174 928 220 DONATI
959 175 1024 220 IN
1027 174 1240 220 TERPR.
1266 174 1444 219 VERG.

223 315 538 379 pervenisse?
619 315 782 365 clades
831 317 1000 364 tamen
1052 315 1187 378 ipsas
1243 331 1302 362 ex
1354 330 1411 363 eo
1465 315 1640 363 metire
1693 317 1744 363 et
1797 314 1917 377 quid

224 391 480 438 emerserit
517 389 622 438 fato
666 389 1047 454 confligentibus
1087 389 1278 438 duabus
1321 388 1453 437 orbis
1500 388 1749 451 partibus,
1794 389 1916 437 Asia

224 463 414 513 scilicet
451 465 501 512 et
537 463 754 526 Europa.
831 464 1014 512 diluvio
1054 477 1110 513 ex
1153 464 1262 511 illo:
1314 479 1414 512 non
1461 463 1588 510 dixit
1631 462 1784 523 bello,
1831 462 1917 528 sed

224 537 438 600 diluvio,
468 538 600 586 bello
633 539 817 600 quippe
849 537 1071 586 confecto
1103 537 1298 600 aliquid
1329 539 1533 599 superat
1564 536 1698 598 quod
1728 538 1917 599 superi-

181 662 186 665 ,
225 613 325 660 oris
364 613 604 675 temporis
641 612 829 659 indicia
865 611 1188 660 monstrando
1234 613 1465 671 testetur,
1514 612 1629 673 post
1674 610 1919 659 diluvium
1971 626 1992 659 5
2047 633 2050 639 ·

223 702 339 735 vero
386 686 512 734 nihil
560 688 804 747 remanet,
856 685 1093 748 quicquid
1140 685 1386 734 invenerit
1434 685 1592 733 tollet.
1668 688 1734 732 tot
1776 688 1919 733 vasta

218 774 311 820 per
364 774 578 819 aequora
626 760 772 808 vecti:
833 763 948 821 post
1000 759 1337 808 calamitatem
1398 759 1747 822 gravissimam
1799 758 1920 806 belli

225 833 441 882 deterior
478 849 568 882 nos
608 849 751 882 casus
790 834 1003 895 excepit3
1043 849 1159 881 nam
1199 832 1438 882 sensimus
1477 834 1638 881 maria
1681 835 1731 881 et
1767 833 1920 896 longa

226 909 276 956 et
330 907 503 971 gravia
557 923 646 956 nec
703 908 850 956 unius
905 909 1125 968 tantum,
1180 907 1265 955 sed
1318 908 1646 970 plurimorum
1699 906 1918 958 litorum.

223 983 384 1030 movit
421 997 529 1030 ecce
574 982 903 1030 necessariam
939 981 1330 1043 miserationem3
1377 981 1488 1044 quis
1527 981 1658 1029 enim
1695 996 1795 1028 non
1835 981 1917 1029 do·
1951 997 1993 1029 ιο

223 1056 350 1104 leret
387 1071 468 1104 eos
509 1071 631 1118 quos
672 1072 731 1103 ex
769 1055 1020 1118 superiore
1057 1055 1254 1118 imperii
1297 1055 1510 1103 culmine
1557 1054 1780 1104 saeviens
1820 1055 1918 1103 for-

224 1132 349 1178 tuna
379 1128 590 1178 deiecit?
669 1129 846 1178 dehinc
876 1130 1003 1178 mira
1033 1129 1267 1192 poscendi
1298 1131 1404 1177 arte
1434 1129 1597 1192 ipsam
1627 1130 1921 1192 petitionem

225 1203 420 1252 inducit
458 1203 719 1252 ostendens
758 1204 1038 1267 negandam
1075 1220 1175 1252 11011
1214 1219 1340 1265 esse,
1386 1203 1586 1251 facilem
1626 1219 1743 1252 vero
1792 1218 1921 1251 com-

226 1277 524 1340 modamque
555 1277 856 1340 praestanti,
897 1277 1031 1339 quod
1068 1278 1121 1325 in
1161 1278 1390 1326 omnibus
1430 1277 1667 1326 suasoriis
1698 1292 1919 1325 necessa-

225 1352 358 1399 rium
389 1355 486 1413 est,
519 1352 747 1413 quotiens
780 1352 971 1413 aliquid
1002 1352 1329 1413 postulamus.
1391 1351 1507 1407 diis,
1541 1353 1730 1413 inquit,
1762 1351 1922 1399 sedem
1952 1365 1994 1399 15
2047 1394 2050 1405 ,

227 1427 452 1486 exiyuam
479 1426 682 1485 patriis:
713 1441 823 1474 ecce
847 1428 896 1473 et
927 1425 1177 1474 modicum
1216 1425 1335 1488 quid
1374 1426 1502 1488 petit
1527 1428 1576 1473 et
1600 1426 1693 1473 diis
1719 1424 1922 1474 concedi

226 1500 450 1561 postulat
504 1499 667 1547 sedem
719 1501 813 1548 hoc
860 1501 935 1547 est
989 1500 1230 1561 templum
1285 1494 1606 1566 (ubicumque
1657 1500 1787 1547 enim
1840 1499 1920 1547 de·

228 1589 369 1621 orum
422 1574 688 1622 simulacra
737 1573 925 1621 fuerint
969 1574 1212 1635 templum
1262 1567 1360 1639 est)
1413 1577 1463 1621 et
1509 1573 1727 1621 ostendit
1772 1574 1919 1621 sacri-

227 1648 414 1711 legium
452 1663 580 1707 esse,
627 1647 670 1695 si
707 1647 808 1696 illis
849 1647 986 1695 sedes
1032 1648 1113 1695 vel
1157 1647 1369 1694 maxime
1417 1648 1597 1711 exigua
1636 1648 1919 1711 denegetur.

230 1723 420 1783 quanta
468 1722 616 1769 laude
667 1722 785 1769 talis
835 1722 1022 1784 petitor
1071 1721 1272 1784 dignus!
1351 1724 1595 1782 quantum
1638 1721 1752 1783 pius
1803 1737 1921 1784 erga
1953 1737 1996 1769 20

229 1795 345 1843 deos
386 1798 436 1843 et
473 1796 732 1858 religiosus
771 1795 1025 1843 invenitur
1063 1795 1150 1857 qui
1192 1794 1375 1843 omissa
1419 1795 1677 1842 hominum
1721 1795 1922 1843 interim

230 1884 378 1917 causa
426 1869 520 1917 diis
567 1869 822 1930 primitus,
878 1884 999 1931 quos
1056 1884 1220 1916 secum
1266 1869 1459 1916 Aeneas
1506 1870 1792 1930 advexerat,
1840 1869 1919 1916 de-

229 1943 415 1991 siderat
460 1942 732 2006 provideri!
802 1943 845 1990 si
887 1946 1056 1990 tamen
1102 1943 1283 2006 agendi
1329 1945 1486 1991 artem
1541 1943 1917 2004 consideremus,

228 2017 282 2064 in
313 2032 415 2064 una
445 2017 685 2079 petitione
716 2016 1022 2064 inveniemus
1056 2018 1107 2064 et
1139 2017 1362 2064 alteram.
1432 2033 1545 2065 cum
1577 2017 1709 2064 enim
1740 2018 1922 2065 dicitur

231 2091 345 2138 deos
378 2106 481 2139 esse
513 2091 718 2152 patrios,
750 2091 863 2152 quis
895 2090 1180 2138 numinibus
1211 2090 1403 2138 tribuat
1433 2091 1597 2140 sedem
1629 2091 1817 2140 cultore
1841 2091 1920 2138 de·
1954 2104 1996 2138 25

230 2163 433 2226 specto?
508 2164 639 2211 unde
678 2179 734 2212 eo
773 2179 850 2212 res
889 2165 1041 2224 redit,
1080 2166 1137 2211 ut
1167 2164 1372 2213 deorum
1404 2165 1539 2213 facta
1573 2181 1921 2213 commemora-

229 2240 364 2286 tione
411 2239 564 2286 etiam
609 2237 889 2286 hominibus
942 2237 1078 2285 sedes
1129 2239 1342 2287 latenter
1387 2239 1643 2302 postulata
1680 2239 1921 2286 videatur.

230 2313 356 2359 illud
385 2314 552 2360 tamen
584 2310 717 2372 quod
749 2311 812 2359 ad
843 2311 1063 2359 homines
1095 2312 1378 2373 pertinebat
1406 2329 1497 2361 nec
1535 2327 1796 2361 onerosum
1825 2313 1923 2360 fuit

128 2392 214 2432 230
231 2402 320 2434 nec
350 2386 521 2448 aliqua
551 2385 743 2432 ratione
777 2385 990 2433 difficile.
1039 2386 1166 2442 litus,
1198 2387 1378 2448 inquit,
1407 2402 1637 2448 roya‘mus
1659 2387 1923 2434 innocuum

233 2464 275 2507 et
313 2461 495 2507 cometis
532 2459 811 2517 undamque
849 2474 1117 2518 auramque
1149 2464 1416 2519 patentem:
1456 2461 1578 2522 quid
1615 2463 1719 2508 tam
1749 2461 1921 2508 huma·
1953 2474 1998 2506 30

233 2550 354 2581 num
414 2535 465 2581 et
524 2535 629 2580 tam
682 2532 912 2594 simplex,
973 2535 1159 2581 morari
1212 2535 1339 2582 velle
1401 2536 1454 2582 in
1507 2534 1675 2596 litore,
1737 2534 1921 2582 nullius

353 2693 379 2731 2
422 2690 648 2732 emerserit
687 2689 840 2742 fracta
871 2688 912 2730 V
950 2690 1102 2742 fracta
1145 2704 1233 2734 om.
1267 2690 1338 2735 ed.
1386 2691 1485 2744 fato
1535 2703 1618 2733 nos
1665 2689 1721 2733 cf.
1754 2704 1794 2733 v.
1822 2694 1919 2732 224.

233 2752 261 2789 4
293 2749 458 2803 quippe
482 2747 523 2790 V
554 2747 733 2803 quidem
756 2746 897 2791 HOU
922 2748 991 2791 ed.
1087 2753 1111 2791 5
1144 2750 1322 2793 indicia
1344 2749 1386 2792 V
1417 2750 1555 2792 initia
1583 2749 1654 2792 ed.
1742 2753 1766 2791 6
1799 2750 1921 2803 quie-

234 2807 346 2861 quid
376 2806 417 2849 V
448 2807 526 2850 sed
557 2821 628 2862 qu.
662 2806 733 2849 011.
779 2807 782 2863 Ι
829 2807 1004 2851 invenit
1038 2807 1108 2850 ed.
1153 2809 1157 2865 Ι
1206 2809 1329 2852 tollet
1358 2807 1400 2851 V
1430 2809 1549 2852 tollit
1579 2807 1650 2850 ed.
1745 2811 1800 2850 10
1831 2820 1921 2850 mo-

233 2866 300 2908 vit
329 2864 370 2907 V
403 2866 500 2909 loca
534 2866 741 2910 novimus
780 2865 849 2908 ed.
899 2868 902 2923 Ι
954 2868 1207 2910 necessaria
1238 2867 1292 2910 V.
1416 2870 1470 2910 11
1504 2880 1576 2910 eos
1605 2866 1647 2907 V
1678 2865 1733 2909 de
1759 2867 1818 2909 iis
1849 2865 1919 2909 ed.

238 2929 292 2966 14
323 2925 530 2968 omnibus
553 2923 595 2966 V
626 2925 907 2968 orationibus
938 2925 1008 2967 011.
1110 2929 1165 2968 20
1198 2940 1305 2983 crya
1335 2926 1438 2969 deos
1468 2939 1555 2968 om.
1582 2924 1653 2968 ed.
1755 2929 1809 2967 25
1835 2938 1920 2979 pa-

235 2988 360 3026 truos
391 2982 444 3026 V.
569 2987 622 3025 29
656 2983 765 3027 litus
796 2984 947 3039 inquit
978 2983 1019 3026 V
1051 2984 1245 3040 litusque
1276 2985 1447 3028 omisso
1479 2985 1629 3040 inquit
1660 2983 1730 3027 ed.
