2050 3226
802 260 1107 306 AENEmos
1138 260 1202 305 IX
1742 265 1848 318 201

158 402 248 452 sub
297 402 552 463 fluctibuS‚
609 400 789 464 quibus
839 400 1000 464 perire
1052 402 1384 450 consuessent.
1481 401 1551 450 sic
1600 401 1693 450 hoc
1742 402 1850 451 loco

158 476 285 526 dixit
323 476 584 525 defunctae
632 474 879 539 quomodo
924 475 979 523 in
1025 476 1162 524 sexto
1208 475 1336 524 libro
1375 467 1496 542 (83)
1545 491 1612 537 „o
1650 476 1853 524 tandem

156 552 352 616 magnis
398 551 568 615 pelagi
613 549 843 598 defuncte
889 548 1087 612 periclis
1097 547 1140 599 “.
1229 548 1355 598 alias
1395 548 1527 598 enim
1564 549 1852 598 defunctum

12 683 14 685 Ι
156 627 410 673 mortuum
448 624 680 686 dicimus,
718 623 805 673 sed
835 623 888 671 in
922 626 1137 686 utroque
1167 639 1271 672 una
1303 623 1603 688 significatio
1636 626 1733 686 est3
1772 624 1852 672 de-

106 713 126 747 5
156 699 303 763 fungi
340 700 416 748 est
454 699 586 748 enim
624 698 865 762 conplere.
937 697 1229 762 defungitur
1266 713 1383 762 ergo
1424 699 1512 760 qui
1549 714 1731 747 munus
1772 697 1852 746 de·

15 762 33 781 ,—
156 773 318 822 bitum
349 774 562 836 conplet,
592 772 882 837 defungitur
913 787 1110 835 quoque
1143 772 1231 835 qui
1260 773 1488 835 tempora
1519 788 1612 820 sua
1641 772 1852 821 vivendo

154 847 510 896 transmiserit:
563 847 768 910 perinde
818 848 869 895 et
918 862 1068 895 naves
1121 845 1384 895 defunctae
1434 845 1533 895 dici
1581 848 1855 909 potuerunt

157 937 283 984 quae
330 921 535 970 Aenean
582 920 647 970 ad
691 921 896 970 Italiam
949 920 1181 984 conpleta
1233 921 1508 985 navigandi
1561 921 1854 970 necessitate

155 997 420 1045 vexissent.
502 995 766 1044 mortalem
821 996 1032 1058 eripiam
1085 995 1298 1043 formam
1350 995 1622 1059 magnique
1674 994 1853 1044 iubebo

0 1110 2 1117 ,
82 1085 126 1117 ιο
157 1069 385 1133 aequoris
426 1085 531 1119 esse
570 1069 710 1131 deaS,
750 1069 914 1133 qualis
952 1069 1136 1118 Nereia
1173 1069 1305 1117 Doto
1345 1071 1396 1118 et
1433 1068 1646 1118 Galatea
1684 1071 1856 1119 secant

156 1147 471 1207 spumantem
521 1146 719 1206 pectore
770 1146 1002 1206 pontum:
1052 1144 1166 1207 plus
1216 1143 1448 1206 promisit
1497 1160 1650 1206 quam
1694 1146 1854 1207 temp-

155 1221 354 1267 taverat
383 1219 661 1282 postulare,
692 1221 750 1267 ut
781 1234 840 1266 ex
869 1217 1165 1266 mortalibus
1196 1218 1503 1282 fingerentur
1534 1218 1654 1266 deae
1687 1218 1856 1282 pelagi

157 1295 207 1340 et
245 1292 430 1341 deabus
469 1293 644 1341 ceteris
685 1294 1034 1355 aequarentur.
1096 1292 1289 1340 diderat
1324 1292 1470 1353 idque
1507 1295 1672 1340 ratum
1701 1292 1956 1354 Styyii104

153 1381 245 1428 per
289 1368 500 1425 flumina
535 1367 712 1427 fratris
757 1367 934 1415 adnuit
970 1369 1014 1414 et
1049 1369 1199 1414 totum
1235 1369 1360 1414 nutu
1397 1367 1656 1426 tremefecit
1697 1365 1856 1428 Olym-

82 1455 126 1488 15
151 1456 300 1502 pum:
339 1441 575 1503 quoniam
612 1458 718 1490 rem
756 1440 965 1489 arduam
1002 1440 1321 1504 promiserat,
1359 1442 1588 1489 futurum
1626 1441 1856 1489 effectum

154 1514 364 1564 iurando
402 1515 637 1564 firmavit.
698 1514 888 1564 iuravit
927 1531 1044 1579 ergo
1081 1515 1283 1563 firmum
1321 1515 1426 1563 fore
1467 1514 1604 1578 quod
1642 1514 1768 1563 dixit
1807 1518 1857 1564 et

154 1589 344 1638 iuravit
381 1605 470 1652 per
510 1589 738 1654 Stygem,
789 1590 930 1638 cuius
977 1591 1122 1638 tanta
1170 1590 1393 1652 potestas
1446 1591 1543 1650 est,
1593 1591 1651 1637 ut
1702 1589 1855 1637 etiam

154 1663 276 1727 ipsis
311 1664 404 1712 diis
438 1663 667 1713 credatur
698 1678 802 1712 esse
832 1663 1166 1725 venerationi,
1197 1665 1256 1712 ut
1284 1663 1391 1727 ipse
1416 1662 1670 1727 Vergilius
1703 1663 1856 1712 etiam

154 1739 205 1785 in
240 1739 376 1786 sexto
409 1738 536 1787 libro
566 1731 725 1804 (323)
749 1738 920 1802 posuit
944 1736 1151 1801 „Cocyti
1181 1740 1362 1802 stagna
1394 1737 1499 1786 alta
1522 1737 1661 1786 vides
1688 1736 1855 1802 Stygi-

82 1825 125 1859 πο
156 1827 334 1875 amque
366 1812 622 1875 paludem,
655 1811 725 1860 dii
756 1813 895 1861 cuius
926 1813 1094 1861 iurare
1126 1813 1308 1860 timent
1339 1814 1390 1860 et
1419 1813 1594 1860 fallere
1624 1811 1853 1860 numen“.

274 1886 410 1947 Eryo
458 1887 632 1935 aderat
667 1887 919 1946 promissa
964 1887 1068 1935 dies
1114 1890 1158 1934 et
1201 1890 1419 1948 tempora
1455 1887 1646 1935 Parcae
1695 1887 1856 1934 debita

157 1961 459 2020 conplerant:
496 1961 696 2010 rettulit
734 1961 870 2023 quod
908 1961 1028 2009 olim
1067 1963 1266 2025 gestum
1295 1961 1571 2022 videretur,
1610 1960 1760 2009 rediit
1792 1959 1856 2009 ad

157 2050 358 2083 causam
405 2037 455 2082 et
501 2035 565 2083 ad
611 2034 889 2097 praesentis
934 2035 1173 2098 temporis
1219 2035 1586 2103 necessitatem,
1636 2037 1856 2095 venerat,

155 2109 344 2171 inquit,
384 2107 489 2157 dies
520 2109 754 2172 promissi
783 2111 834 2158 et
866 2109 1244 2172 dispositionem
1275 2124 1418 2158 suam
1455 2110 1564 2158 fata
1599 2109 1854 2172 conpleve-

83 2195 126 2229 25
156 2185 292 2243 rant,
338 2183 431 2231 hoc
477 2186 552 2231 est
600 2185 649 2231 et
694 2184 1012 2248 navigiorum
1060 2199 1241 2232 munus
1293 2183 1548 2246 expletum
1592 2183 1758 2231 fuerat
1807 2185 1857 2231 et

155 2257 349 2305 Aeneas
387 2258 441 2305 in
478 2257 631 2306 Italia
677 2258 797 2306 fuit:
847 2257 1072 2306 restabat
1116 2260 1177 2306 ut
1221 2272 1372 2307 naves
1421 2256 1648 2320 deposita
1694 2258 1855 2305 forma

155 2331 358 2379 mortali
395 2333 708 2380 verterentur
744 2333 798 2380 in
837 2332 968 2380 deas.
1046 2347 1155 2380 cum
1206 2333 1366 2380 Turni
1414 2332 1604 2380 iniuria
1651 2335 1856 2379 matrem

158 2405 413 2453 admonuit
467 2407 658 2454 ratibus
708 2407 867 2454 sacris
916 2406 1148 2467 depellere
1194 2406 1388 2454 taedas:
1447 2406 1501 2454 in
1555 2405 1855 2454 oblivionem

157 2481 396 2527 venerant
443 2479 592 2528 deum
629 2481 800 2542 matri,
848 2479 934 2529 sed
971 2480 1242 2528 intervenit
1283 2479 1490 2542 iniuria,
1535 2480 1629 2527 hoc
1669 2481 1744 2527 est
1780 2478 1854 2526 in-

85 2564 129 2597 ⁸0
157 2553 314 2615 proba
354 2554 617 2617 cogitatio,
657 2570 784 2617 quae
822 2555 965 2602 illam
995 2555 1438 2603 commonefaceret
1475 2560 1534 2603 ut
1575 2569 1605 2601 a
1644 2552 1854 2601 navibus

159 2627 333 2688 sacris,
371 2627 425 2675 id
463 2630 539 2676 est
577 2644 703 2690 quae
743 2644 800 2676 ex
840 2628 990 2677 sacris
1030 2628 1288 2676 arboribus
1322 2628 1608 2677 aedificatae
1640 2627 1854 2686 fuerant,

158 2699 386 2749 incendia
417 2703 468 2750 et
498 2702 630 2751 faces
663 2705 932 2751 averteret:
970 2702 1178 2765 proinde
1209 2703 1336 2750 nihil
1367 2702 1468 2751 tale
1500 2702 1652 2763 fieret,
1685 2701 1726 2748 si
1755 2716 1855 2748 non

281 2846 332 2885 11
377 2847 586 2887 tenuerat
622 2841 665 2885 V
710 2843 924 2888 debuerat
967 2843 1038 2887 ed.
1085 2848 1381 2899 temptaverat
1425 2843 1709 2899 (tentaverat)
1757 2854 1854 2885 nos,

162 2904 216 2943 12
240 2901 518 2958 finyerentV
543 2907 646 2946 -tur
667 2915 751 2946 nos
774 2903 933 2957 fierent
956 2902 1027 2946 ed.
1108 2906 1161 2945 13
1186 2903 1294 2947 deas
1309 2901 1352 2944 V
1375 2902 1544 2946 deabus
1566 2914 1650 2944 nos
1675 2914 1765 2944 om.
1782 2900 1854 2944 ed.

163 2962 219 3001 14
255 2974 296 3004 v.
325 2964 408 3004 105
445 2960 576 3004 deest
606 2961 657 3004 in
679 2960 723 3004 V
753 2975 904 3016 neque
944 2961 1204 3017 explicatur
1243 2961 1350 3004 add.
1385 2960 1456 3004 ed.
1580 2963 1635 3003 29
1674 2965 1858 3005 venerat

163 3016 236 3062 ed.
357 3023 412 3062 30
451 3020 844 3074 commonefaceret
870 3020 911 3064 V
942 3034 1210 3066 commovere
1240 3022 1274 3075 7‘.
1308 3020 1380 3064 ed.
1413 3033 1686 3064 commonere
1715 3019 1749 3073 f.
1783 3019 1854 3064 ed.

69 3097 73 3100 ·
163 3078 282 3130 post.
406 3082 458 3121 31
492 3079 574 3123 hoc
605 3085 669 3123 est
699 3079 770 3124 ed.
