2050 3226
238 219 342 272 148
708 216 942 261 DONATI
971 215 1252 260 INTERPR.
1278 215 1457 261 VERG.

234 357 410 419 artari,
469 357 721 421 ingressus
784 357 1070 419 speluncam
1130 371 1230 403 non
1283 355 1436 405 solvit
1487 357 1686 405 catenas
1739 359 1798 405 ut
1855 372 1927 405 se-

233 446 404 493 curus,
454 431 540 480 sed
587 430 725 494 rupit
772 433 831 478 1113
878 430 1072 479 timens,
1160 430 1385 478 celeriter
1437 431 1568 478 enim
1623 430 1926 480 claudendae

232 505 433 554 fuerant
491 505 622 554 fores
678 521 804 567 quae
863 505 1126 567 speluncae
1183 503 1424 553 interiora
1472 504 1693 553 venienti
1745 521 1927 569 negare

231 579 527 643 potuissent.
581 580 721 641 rupit
751 581 950 627 catenas
982 594 1115 642 ergo,
1142 594 1243 627 non
1275 578 1438 640 solvit,
1463 580 1514 627 et
1545 578 1723 628 deiecit
1754 594 1928 628 saxum

234 653 368 716 quod
391 654 523 701 ferro
549 655 599 701 et
620 656 831 715 paterna
855 655 960 701 arte
984 651 1247 715 pendebat.
1294 651 1488 700 duabus
1510 653 1655 701 rebus
1680 652 1928 715 pendebat

232 743 407 776 saxum
457 726 635 789 quibus
686 726 948 790 speluncae
996 726 1132 775 illius
1185 726 1350 775 aditus
1405 726 1748 788 claudebatur,
1794 727 1926 775 ferro

169 833 173 836 -
231 801 420 850 scilicet
469 802 519 848 et
567 802 697 849 arte:
747 801 877 849 ferro
927 802 1021 849 hoc
1072 802 1148 849 est
1196 801 1409 848 materia
1457 802 1590 863 ipsa,
1645 802 1752 849 arte
1807 817 1925 850 vero

231 875 422 924 fabrica
461 877 765 923 catenarum.
843 876 1061 938 quantus
1102 876 1270 923 autem
1306 875 1360 922 in
1404 873 1494 923 illo
1541 876 1705 923 fuerat
1749 877 1926 936 metus,

229 951 291 998 ut
328 949 589 998 securitati
634 964 752 998 suae
798 965 899 997 non
944 950 1147 1012 putaret
1191 964 1336 1011 posse
1376 949 1599 998 sufficere
1639 949 1928 1012 speluncam

232 1024 479 1072 continuis
518 1023 757 1072 lateribus
789 1023 972 1072 montis
1013 1025 1063 1070 et
1099 1024 1285 1072 vertice
1324 1021 1447 1071 satis
1477 1024 1658 1085 tutam,
1688 1023 1788 1071 nisi
1819 1024 1927 1071 saxi

229 1098 363 1146 tanti
411 1097 644 1161 ponderis
693 1097 929 1145 firmitate
981 1097 1165 1146 additis
1213 1096 1434 1145 obicibus
1482 1113 1592 1145 eam
1629 1097 1926 1159 roborasset,

230 1188 291 1220 ne
331 1187 429 1234 quo
470 1187 588 1220 casu
628 1173 717 1220 aut
754 1172 928 1234 inpelli
959 1174 1127 1234 posset
1159 1173 1248 1220 aut
1278 1171 1470 1220 foribus
1503 1171 1676 1220 evictis
1709 1171 1924 1219 excludi!

229 1247 290 1294 ut
318 1246 476 1310 igitur
504 1247 626 1294 haec
657 1245 824 1294 omnia
854 1246 990 1294 facta
1022 1247 1139 1294 sunt
1169 1247 1219 1293 et
1248 1247 1454 1308 propter
1484 1245 1751 1294 tuitionem
1782 1261 1927 1294 suam

228 1321 454 1368 metuens
512 1319 769 1383 praedicta
824 1320 1063 1381 firmavit,
1115 1335 1224 1368 6666
1279 1320 1449 1368 furens
1512 1319 1690 1368 animis
1753 1319 1927 1368 aderat

230 1393 537 1456 Tirynthius
590 1396 759 1456 posset
781 1394 851 1442 sic
875 1410 1071 1442 carmen
1094 1395 1245 1456 poeta
1269 1410 1559 1456 conponere,
1582 1395 1641 1442 ut
1671 1394 1925 1443 celeritate

230 1467 470 1516 Hercules
497 1467 680 1516 Cacum
702 1467 953 1516 videretur
976 1469 1305 1530 praevenisse,
1329 1467 1415 1516 sed
1437 1467 1739 1517 reservanda
1762 1468 1927 1516 fuerat

230 1542 500 1590 difficultas
546 1543 715 1603 1361316,
762 1544 820 1590 1113
864 1542 1018 1590 13316111
1062 1542 1268 1590 haberet
1314 1543 1531 1606 gratiam
1577 1558 1705 1604 quae
1743 1543 1924 1590 merito

229 1631 318 1665 suo
370 1618 421 1664 et
469 1616 646 1664 novari
696 1616 963 1678 quotannis
1014 1616 1215 1664 deberet
1265 1619 1315 1664 et
1361 1615 1425 1663 ad
1462 1618 1686 1678 posteros
1726 1631 1925 1678 quoque

228 1705 413 1755 magna
469 1707 581 1738 cum
633 1690 948 1739 veneratione
1005 1690 1231 1739 transire.
1321 1705 1616 1752 omnemque
1674 1705 1925 1738 accessum

227 1765 446 1813 lustrans
507 1765 603 1812 huc
663 1779 751 1812 ora
810 1764 1001 1812 ferebat
1054 1767 1104 1812 613
1156 1764 1279 1812 111116
1333 1763 1563 1812 dentibus
1615 1764 1923 1813 infrendens:

230 1838 576 1886 considerabat
614 1838 768 1887 oculis
809 1840 967 1886 omnis
1009 1853 1233 1887 accessus
1274 1840 1324 1886 et
1362 1839 1528 1901 spatia
1564 1837 1748 1887 montis
1785 1838 1922 1887 illius

229 1914 299 1973 613,
347 1928 460 1960 611111
505 1912 696 1960 visibus
743 1911 849 1960 eius
903 1913 1031 1960 nihil
1081 1913 1217 1975 quod
1263 1914 1430 1960 tenere
1479 1915 1648 1974 posset
1696 1913 1923 1974 occurrit,

227 1986 386 2050 magis
432 1986 692 2050 magisque
743 1985 1032 2050 agitabatur
1083 1986 1160 2034 ira
1215 1988 1267 2035 et
1321 1986 1548 2034 dentibus
1595 1986 1922 2034 infrendebat.

227 2060 350 2108 bene
381 2060 643 2108 transtulit
673 2059 917 2108 frendere:
949 2060 1172 2109 frendere
1205 2062 1390 2123 quippe
1421 2076 1656 2123 aprorum
1687 2062 1776 2121 est,
1809 2075 1923 2108 cum

229 2134 435 2196 adrepto
486 2134 652 2182 furore
703 2135 988 2182 irascuntur
1037 2150 1094 2182 ac
1145 2135 1376 2184 saeviunt
1422 2138 1473 2182 et
1512 2136 1698 2183 acuunt
1736 2135 1921 2183 dentes.

227 2211 298 2256 ter
335 2211 483 2256 totuin
520 2209 740 2268 fervidus
778 2209 858 2256 ira
897 2209 1073 2257 lustrat
1109 2207 1344 2256 Aventini
1380 2212 1607 2264 montem,
1656 2212 1716 2256 tei
1770 2222 1922 2256 saxea

228 2285 426 2343 temptat
472 2283 645 2330 limina
689 2283 1028 2343 nequicquam,
1070 2286 1140 2330 ter
1183 2284 1345 2343 fessus
1391 2283 1519 2331 valle
1566 2283 1766 2330 resedit:
1814 2283 1921 2344 ipse

230 2371 370 2404 mons
409 2355 689 2405 Aventinus
731 2356 933 2416 dicitur,
973 2356 1059 2404 scd
1098 2358 1322 2406 ornatius
1363 2357 1551 2405 dictum
1591 2357 1687 2417 est,
1725 2357 1784 2403 ut
1821 2372 1922 2404 non

226 2429 348 2492 ipse,
380 2429 465 2478 sed
493 2430 578 2477 ille
610 2430 949 2478 nominaretur
979 2430 1118 2479 cuius
1152 2432 1432 2492 sumpserat
1454 2446 1647 2478 nomen.
1702 2431 1920 2492 quantus

227 2504 370 2552 labor
417 2503 515 2552 fuit
562 2505 735 2552 tantae
787 2505 1066 2553 altitudinis
1116 2507 1334 2553 montem
1381 2519 1528 2552 cursu
1572 2503 1920 2552 transcendere

228 2579 278 2625 et
322 2578 470 2627 huius
516 2577 838 2626 latitudinem
875 2579 1150 2627 inmensam
1188 2595 1288 2627 non
1327 2578 1477 2627 semel
1514 2577 1600 2625 sed
1638 2578 1787 2625 tertio
1828 2577 1919 2625 611-

228 2652 433 2700 cumire!
525 2653 622 2714 ter,
675 2652 864 2714 inquit,
918 2653 1108 2701 frustra
1156 2653 1425 2715 temptavit
1473 2651 1603 2699 fores
1656 2650 1793 2712 Caci,
1843 2653 1921 2699 ter

228 2726 383 2774 fessus
423 2726 554 2775 valle
592 2725 797 2774 resedit:
836 2726 1077 2790 fatigatus
1118 2726 1328 2775 adsidua
1365 2725 1705 2774 circumitione
1734 2724 1917 2773 montis

229 2799 437 2847 adsidua
469 2800 565 2848 sibi
595 2799 794 2848 sedendi
825 2800 1090 2848 refectione
1124 2799 1386 2849 consuluit.
1442 2798 1570 2847 sedit
1599 2799 1759 2862 igitur
1788 2800 1918 2846 trac-

347 2916 372 2954 3
404 2912 594 2966 fuerunt
625 2911 694 2955 ed.
786 2916 815 2955 4
846 2917 1007 2956 catena
1029 2911 1071 2955 V
1102 2917 1285 2957 catenas
1315 2911 1387 2955 ed.
1484 2914 1539 2954 17
1570 2910 1708 2965 factis
1730 2908 1772 2952 V
1802 2909 1919 2964 facti

228 2969 299 3013 ed.
423 2974 478 3014 20
515 2971 731 3025 frendens
768 2972 927 3028 (supra
963 2971 1095 3027 infr.)
1130 2971 1186 3015 V.
1308 2975 1363 3014 27
1402 2970 1559 3014 limine
1589 2969 1830 3025 quicquam
1861 2967 1915 3012 V.

230 3032 282 3070 31
318 3030 607 3075 altitudinem
639 3029 709 3074 ed.
754 3029 759 3089 Ι
803 3031 996 3075 circuire
1027 3030 1097 3074 ed.
1223 3034 1277 3074 33
1309 3030 1575 3075 circuitione
1606 3027 1677 3073 cd.

1980 664 2001 697 5

1958 1035 2002 1067 10

1957 1405 2000 1438 15

1956 1775 1999 1807 20

1953 2143 1997 2176 25

1952 2514 1995 2546 30
