2050 3226
225 164 335 217 442
695 161 928 206 DONATI
957 160 1239 205 INTERPR.
1263 160 1443 206 VERG.

225 301 527 365 praestantis
572 317 731 364 neque
779 299 987 361 alienOS,
1038 299 1124 348 sed
1172 315 1311 363 suos,
1363 317 1576 364 quorum
1621 301 1920 352 tractatibus

225 375 408 424 instrui
436 375 649 424 fideliter
678 377 868 437 posset,
898 374 1047 423 iussit
1078 373 1249 437 acciri3
1286 377 1485 437 poterat
1515 374 1646 424 enim
1674 375 1729 423 id
1758 376 1919 424 facere

227 451 315 513 qui
354 449 622 514 cogebatur
659 448 952 497 necessitate
991 447 1193 510 publica
1240 450 1290 497 613
1329 450 1416 512 qui
1451 449 1618 513 regiae
1657 450 1919 512 potestatis

226 525 440 573 culmine
478 524 753 572 fruebatur.
809 522 935 583 alta,
973 521 1160 585 inquit,
1196 522 1332 571 intra
1361 523 1536 573 limina
1574 523 1731 587 cogit:
1768 525 1919 572 inter·

223 598 379 646 iorem
418 598 590 646 domus
630 595 879 660 significat
908 598 1103 658 partem
1134 611 1246 644 cum
1277 596 1399 645 dicit
1429 597 1533 646 alta
1563 599 1698 646 intra
1727 598 1917 647 limina.

225 668 263 736 †
295 671 512 721 ostendit
533 673 683 734 poeta
713 685 764 718 36
794 671 1117 718 inmemorem
1148 672 1228 719 sui
1259 673 1309 719 et
1337 672 1392 718 in
1418 670 1747 734 descriptione
1771 674 1919 721 vesti-

223 745 331 794 buli
367 745 535 808 regiae
574 745 746 792 domus
787 759 838 793 se
876 744 1057 794 dixisse
1107 744 1296 793 curiam
1339 744 1412 793 ibi
1449 746 1605 794 solere
1645 747 1919 810 conrogari.

152 841 157 844 ·
225 820 309 868 sed
346 820 438 868 tali
470 821 692 881 tempore
731 820 781 866 613
817 817 871 866 111
908 818 1002 867 tali
1034 834 1184 868 causa
1221 835 1321 867 non
1349 819 1436 868 ille
1469 820 1606 869 106113
1637 821 1801 868 fuerat
1837 837 1919 869 ne-

225 895 488 955 cessarius,
529 893 618 956 qui
654 893 792 955 pacis
830 908 966 941 more
998 893 1219 941 consiliis
1249 895 1499 956 prosperis
1531 893 1769 943 celebrari
1807 909 1919 942 6011-

224 967 475 1028 sueverat,
508 967 594 1015 sed
615 966 775 1015 multo
800 967 1034 1015 secretior
1058 969 1108 1015 613
1131 967 1473 1030 suscipiendae
1497 970 1695 1030 praeter
1717 968 1918 1017 solitum

222 1040 540 1090 multitudini
589 1041 712 1089 satis
768 1040 1071 1103 aptissimus.
1148 1043 1277 1090 certe
1328 1058 1440 1090 cum
1485 1041 1770 1104 concilium,
1819 1059 1920 1091 non

225 1117 364 1164 curia
400 1117 678 1179 ingrueret,
716 1131 817 1164 non
855 1116 954 1163 loci
985 1115 1315 1177 sollemnitas,
1356 1116 1442 1164 sed
1473 1116 1724 1180 capacitas
1755 1117 1921 1165 fuerat

222 1191 512 1239 necessaria.
590 1190 725 1253 cogit
764 1188 953 1252 inquit:
999 1190 1054 1237 in
1100 1205 1157 1237 eo
1206 1190 1340 1253 quod
1386 1189 1511 1238 dixit
1556 1191 1693 1254 cogit
1737 1190 1920 1253 duplex

221 1266 387 1327 potest
409 1264 691 1312 intellectus
718 1279 991 1326 occurrere3
1023 1263 1220 1313 videtur
1249 1265 1381 1312 enim
1410 1264 1520 1312 ideo
1553 1264 1740 1313 dictum
1770 1266 1920 1328 cogit,

224 1339 345 1401 quia
389 1338 520 1402 regis
566 1337 798 1400 imperio,
846 1354 947 1386 non
994 1339 1169 1400 sponte
1216 1338 1503 1401 veniebant,
1552 1340 1719 1400 potest
1762 1339 1920 1388 videri

223 1415 274 1461 613
298 1414 590 1476 congregat,
622 1413 860 1474 quoniam
884 1413 1093 1460 concilio
1116 1411 1344 1460 habendo
1368 1413 1639 1461 multitudo
1663 1412 1920 1461 hominum

223 1488 472 1535 communi
517 1487 810 1534 necessitate
865 1486 1086 1534 omnium
1130 1488 1338 1550 urgente
1390 1487 1761 1550 congerebatur.
1837 1487 1920 1534 olli

223 1575 480 1609 convenere
517 1562 768 1619 fluuntque
814 1561 880 1608 ad
916 1561 1053 1621 reyia
1083 1561 1247 1620 plenis
1285 1563 1403 1608 tecta
1430 1562 1549 1608 viis:
1593 1559 1796 1609 moralis
1837 1561 1917 1608 de-

223 1635 449 1697 scriptio,
473 1636 732 1695 venerant,
755 1633 945 1696 inquit,
970 1635 1118 1683 acciti
1147 1637 1196 1683 et
1225 1635 1386 1696 plenis
1410 1635 1527 1696 viis,
1558 1635 1651 1683 hoc
1675 1637 1751 1683 est
1780 1635 1917 1696 vicis,

223 1709 536 1757 confluebant
574 1708 638 1756 ad
668 1707 839 1756 Latini
867 1708 1078 1772 regiam,
1115 1708 1386 1756 multitudo
1417 1708 1822 1771 inaestimabilis,
1860 1711 1918 1757 ut

221 1799 320 1830 non
351 1783 608 1831 hominum
646 1784 988 1846 congregatio,
1028 1782 1115 1832 sed
1152 1782 1397 1831 undarum
1434 1783 1488 1830 in
1522 1784 1655 1831 tecta
1692 1782 1804 1845 ipsa
1835 1782 1917 1830 de-

221 1857 371 1905 fluere
395 1857 659 1906 videretur.
702 1857 919 1905 faciebat
940 1857 1033 1905 hoc
1055 1857 1388 1919 periculorum
1413 1856 1749 1905 communium
1762 1857 1915 1906 moles

223 1933 272 1979 et
309 1932 531 1979 humana
569 1931 855 1993 curiositas3
892 1932 1082 1980 vocatis
1115 1931 1247 1979 enim
1277 1930 1506 1993 patribus
1537 1931 1918 1995 intellegebatur

222 2020 326 2053 esse
365 2004 559 2068 aliquid
596 2022 836 2069 magnum
874 2007 924 2053 et
967 2005 1127 2068 magis
1178 2021 1268 2067 pro
1321 2006 1559 2067 temporis
1598 2007 1792 2054 ratione
1837 2020 1915 2054 su-

222 2080 445 2140 spectum
476 2078 608 2140 quod
631 2079 932 2141 prudentum
956 2078 1163 2127 consilia
1185 2079 1450 2142 flagitaret.
1503 2079 1633 2127 sedet
1661 2080 1716 2127 in
1744 2079 1917 2127 mediis

223 2156 266 2200 et
300 2154 547 2201 maximus
586 2167 701 2200 aevo
748 2157 791 2201 et
820 2154 1017 2213 primus
1055 2154 1254 2212 sceptris
1291 2153 1411 2201 haut
1453 2154 1580 2201 laeta
1616 2154 1774 2213 fronte
1812 2153 1914 2200 La-

222 2228 377 2274 tinus:
416 2226 543 2274 dixit
581 2226 702 2274 duas
744 2243 918 2275 causas
959 2243 1169 2289 quarum
1207 2227 1383 2276 merito
1422 2227 1634 2275 Latinus
1671 2227 1915 2276 universis

222 2301 526 2349 extrinsecus
573 2300 822 2349 stantibus
868 2301 1004 2349 solus
1051 2301 1245 2349 adesset
1292 2302 1343 2349 in
1393 2301 1578 2349 medio:
1641 2302 1690 2348 et
1736 2302 1915 2362 aetate,

221 2374 411 2436 inquit,
471 2374 799 2436 praecedebat
849 2375 1007 2423 omnis
1061 2377 1112 2424 et
1163 2377 1411 2438 potestate
1465 2374 1645 2439 regali,
1707 2373 1915 2423 adversa

223 2449 390 2496 omnia
429 2448 580 2496 etiam
618 2448 800 2496 tacitus
841 2449 1075 2498 nuntians
1115 2449 1368 2498 maestitia
1415 2450 1696 2497 contractae
1730 2449 1914 2497 frontis

223 2525 274 2570 et
320 2524 397 2570 sui
443 2523 615 2571 vultus
659 2525 873 2585 aspectu.
953 2527 1092 2582 atque
1129 2524 1206 2571 hic
1252 2524 1428 2584 leyatos
1474 2523 1646 2570 Aetola
1696 2537 1751 2570 ew
1795 2524 1914 2570 urbe

342 2683 369 2720 4
399 2678 631 2731 ferebatur
654 2677 695 2721 V
719 2677 790 2721 ed.
821 2678 1062 2732 fruebatur
1092 2692 1187 2722 1103.
1283 2684 1307 2722 6
1340 2679 1533 2724 ostendit
1554 2677 1596 2722 V
1620 2677 1691 2721 ed.
1716 2692 1810 2722 non
1833 2684 1911 2723 ost.

224 2735 519 2779 scribendum
557 2739 671 2792 puto
710 2738 902 2792 propter
938 2738 1015 2781 sed
1053 2739 1139 2782 tali
1170 2739 1255 2782 etc.
1305 2738 1309 2796 Ι
1359 2738 1651 2782 describtio‘ne
1681 2736 1723 2779 V
1754 2737 1825 2780 ed.
1861 2738 1914 2781 in

224 2795 400 2839 addidi.
496 2801 519 2839 7
552 2798 728 2841 curiam
758 2795 842 2839 iV
874 2810 909 2840 6.
941 2797 1009 2840 ibi
1039 2810 1122 2840 nos
1153 2798 1205 2841 in
1235 2798 1410 2841 curiam
1442 2797 1512 2841 ed.
1558 2796 1562 2854 Ι
1609 2797 1848 2852 conroyari
1871 2795 1913 2839 V

222 2856 488 2911 conyreyari
530 2855 601 2899 ed.
736 2859 790 2898 16
834 2861 1074 2912 conyreyat
1107 2855 1148 2899 V
1191 2858 1309 2913 coqit
1349 2856 1420 2899 ed.
1555 2859 1607 2898 17
1652 2857 1913 2900 necessitate

221 2914 453 2957 hominum
475 2913 518 2957 V
547 2929 592 2958 n.
625 2915 826 2958 omnium
858 2913 973 2957 edF.
1011 2914 1015 2972 Ι
1051 2917 1371 2971 conyerebatur
1392 2914 1434 2958 V
1461 2915 1816 2971 conyreyabatur
1840 2914 1910 2960 ed.

225 2976 279 3014 18
311 2974 408 3017 suis
438 2986 522 3028 pro
553 2974 641 3018 viis
663 2973 719 3018 V.
841 2977 896 3016 23
928 2973 1153 3027 fratribus
1175 2973 1217 3017 V
1241 2974 1458 3030 patribus
1489 2973 1559 3017 ed.

1952 988 1995 1020 10

1952 1327 2050 1389 15³

1949 1726 1993 1758 20

1947 2093 1991 2126 25

1946 2463 1989 2495 30
