2050 3226
82 978 125 1010 10

80 1347 122 1380 15

0 2067 119 2121 ³25

75 2459 118 2490 30

799 154 1105 199 AENEmos
1129 154 1216 199 Vn
1788 158 1853 210 11

160 298 213 344 in
243 295 583 359 propositione
614 294 888 344 constituta
924 296 1222 357 repetamus,
1253 296 1311 342 ut
1339 294 1656 343 intendamus
1691 296 1858 344 omnia

161 387 272 419 cum
310 371 415 419 suis
452 369 752 433 ponderibus
790 368 970 432 posita.
1037 369 1222 430 dicam,
1251 368 1440 432 inquit,
1470 369 1674 422 horrida
1703 369 1856 417 bella:

159 445 290 494 levia
329 445 513 508 quippe
552 459 657 493 esse
694 459 795 492 non
832 445 1104 507 potuerunt
1143 459 1270 506 quae
1305 459 1418 492 cum
1448 444 1698 506 opulentis
1728 443 1856 506 regi-

157 519 249 568 bus
299 521 442 583 gesta
490 520 628 580 sunt,
674 533 763 566 nec
807 534 966 565 unum
1002 517 1210 578 bellum,
1250 517 1335 566 sed
1375 518 1544 580 plura,
1582 533 1672 565 nec
1710 517 1857 579 levia,

159 594 244 642 sed
279 592 540 642 horrenda.
618 591 781 640 dicam
824 591 976 640 acies:
1038 592 1237 654 quando
1277 592 1382 639 acie
1423 591 1696 640 constituta
1735 608 1858 654 pug-

159 670 330 729 natur,
374 683 560 731 magna
604 666 791 715 virtute
847 681 970 728 opus
1026 670 1122 728 est3
1174 666 1446 714 comminus
1498 666 1631 713 enim
1667 665 1858 730 geritur

155 742 356 790 bellum.
419 742 608 804 quanta
640 741 800 804 igitur
831 741 999 789 extitit
1029 741 1361 789 Troianorum
1391 741 1553 789 virtus
1583 741 1637 787 in
1668 741 1857 802 paucis,

157 816 245 880 qui
291 817 561 865 instructas
612 816 742 864 acies
788 815 1009 863 hostium
1055 817 1106 862 et
1150 816 1481 878 congregatae
1519 813 1857 862 multitudinis

155 891 337 939 molem
373 890 501 938 ferre
540 890 771 952 primitus
813 891 863 936 et
901 888 1078 937 dehinc
1116 889 1338 938 evincere
1372 889 1660 938 valuerunt!
1729 888 1855 936 Ecce

156 967 207 1012 et
254 964 336 1012 hic
384 963 676 1026 pluralitate
726 979 847 1012 usus
898 964 1027 1012 acies
1080 963 1225 1025 dixit,
1274 965 1333 1011 ut
1379 963 1660 1011 ostenderet
1704 962 1858 1011 etiam

154 1039 247 1087 hoc
296 1054 396 1086 non
445 1039 618 1100 semel,
666 1037 752 1086 sed
790 1038 989 1100 saepius
1028 1038 1231 1086 factum.
1310 1039 1544 1100 actosque
1584 1036 1763 1085 animis
1802 1038 1856 1084 in

153 1113 330 1161 fimera
378 1128 542 1176 reges:
612 1128 724 1160 cum
772 1127 872 1159 non
923 1111 1044 1160 dicit
1094 1127 1218 1175 quos
1269 1128 1358 1160 nec
1408 1111 1581 1160 definit
1626 1113 1856 1173 quantos,

152 1188 314 1235 multo
352 1187 521 1250 plures
559 1201 820 1249 possumus
860 1187 1124 1235 aestimare
1161 1202 1252 1249 pro
1287 1186 1548 1234 voluntate
1586 1185 1855 1234 laudantis.

154 1263 391 1324 actosque
439 1261 618 1309 animis
664 1260 718 1308 in
764 1261 943 1308 funera
983 1275 1147 1324 reges:
1207 1261 1260 1308 in
1299 1276 1414 1321 sua,
1452 1276 1552 1308 non
1591 1261 1644 1307 in
1683 1260 1854 1307 Troia-

153 1351 342 1384 norum.
420 1351 533 1383 cum
581 1334 713 1382 enim
763 1335 941 1383 animis
991 1335 1177 1383 ferocia
1223 1334 1492 1398 exagitatis
1536 1334 1589 1381 in
1637 1334 1856 1382 alienum

153 1409 363 1458 exitium
413 1411 634 1470 ruerent,
684 1409 756 1457 sic
803 1409 904 1471 ipsi
953 1409 1183 1456 Troianis
1230 1425 1255 1456 e
1303 1409 1497 1458 diverso
1550 1408 1853 1457 certantibus

152 1483 449 1532 ceciderunt.
525 1484 932 1546 Tyrrhenamque
977 1499 1204 1531 manum:
1258 1483 1444 1531 idcirco
1481 1484 1611 1531 hanc
1648 1498 1855 1530 manum

152 1574 264 1606 cum
313 1559 476 1622 gentis
526 1558 724 1605 nomine
770 1558 961 1620 posuit,
1010 1558 1143 1620 quod
1181 1558 1232 1605 in
1272 1557 1624 1606 certaminibus
1662 1557 1853 1605 bellicis

150 1633 280 1680 hanc
322 1633 378 1680 in
424 1631 655 1681 subiectis
696 1631 918 1680 adseruit
955 1647 1059 1680 esse
1099 1633 1274 1680 ceteris
1315 1631 1544 1679 omnibus
1582 1631 1854 1679 fortiorem.

150 1708 407 1769 totamque
459 1706 551 1754 sub
603 1722 741 1754 arma
795 1708 1019 1754 coactam
1066 1706 1383 1768 Hesperiam:
1456 1706 1700 1769 generalis
1755 1706 1855 1754 ista

152 1781 402 1829 conclusio
466 1782 711 1843 quantum
763 1780 1007 1828 Italorum
1069 1783 1257 1828 metum
1314 1780 1566 1844 significat
1617 1779 1854 1840 extitisse,

152 1855 260 1917 qui,
315 1871 425 1903 cum
482 1854 666 1903 scirent
716 1870 901 1916 paucos
949 1870 1054 1903 esse
1103 1855 1365 1916 Troianos,
1427 1870 1525 1902 non
1580 1870 1853 1914 numerum,

152 1929 237 1976 sed
286 1929 507 1977 virorum
557 1928 904 1977 fortitudinem
949 1930 1243 1977 timuerunt!
1319 1930 1480 1977 maior
1523 1943 1690 1976 rerum
1733 1928 1854 1975 mihi

149 2004 371 2051 nascitur
408 2003 545 2059 ordo,
585 2004 750 2051 maius
795 2017 918 2063 opus
961 2018 1150 2051 moveo:
1211 2002 1582 2065 conparationis
1623 2002 1756 2051 ratio
1795 2019 1853 2049 ex

150 2078 367 2125 carmine
407 2078 656 2139 superiore
696 2077 961 2126 descendit.
1023 2079 1078 2125 in
1115 2078 1207 2126 hoc
1247 2077 1379 2125 enim
1409 2077 1651 2125 librorum
1681 2076 1852 2124 ordine

149 2153 289 2199 actus
330 2150 598 2213 superioris
629 2151 866 2214 temporis
898 2152 1057 2200 levior
1087 2152 1353 2200 invenitur.
1415 2151 1528 2214 plus
1560 2153 1635 2200 est
1667 2150 1851 2214 quippe

150 2225 434 2287 quaesitum
486 2225 674 2274 virtute
730 2242 882 2287 quam
936 2226 1035 2274 fuit
1086 2225 1215 2274 illud
1270 2225 1404 2288 quod
1454 2225 1650 2274 casibus
1701 2227 1753 2273 et
1801 2226 1853 2272 vi

148 2299 335 2348 maiore
383 2299 646 2348 constabat
684 2301 934 2348 amissum.
1012 2302 1173 2349 totam
1211 2316 1327 2348 vero
1367 2299 1572 2348 Italiam
1611 2298 1851 2347 coaluisse

150 2373 214 2421 ad
262 2374 448 2421 bellum
496 2373 681 2422 idcirco
733 2374 938 2435 adserit,
987 2376 1047 2422 ut
1098 2375 1329 2423 ostendat
1373 2375 1570 2421 nullum
1606 2373 1851 2421 Italorum

148 2447 311 2495 virum
350 2448 454 2496 sine
493 2448 658 2496 furore
695 2448 936 2497 mansisse
975 2448 1210 2497 bellandi.
1286 2448 1361 2496 his
1412 2449 1465 2495 in
1510 2447 1849 2509 propositione

150 2537 262 2569 cum
297 2521 492 2570 Aeneae
532 2523 703 2571 favore
743 2523 951 2570 conlatis
983 2522 1115 2570 redit
1153 2523 1217 2570 ad
1255 2521 1479 2570 ordinem
1510 2520 1849 2583 dispositionis

270 2682 292 2720 1
324 2679 658 2733 praepositione
680 2677 723 2720 V
740 2680 966 2734 positione
989 2678 1060 2722 ed.
1156 2683 1180 2721 5
1211 2678 1438 2722 horrenda
1463 2677 1503 2719 V
1526 2677 1715 2720 horrida
1739 2676 1810 2720 ed.
1841 2677 1844 2733 g

148 2738 245 2780 acie
275 2737 325 2779 in
355 2736 575 2780 lemmate
606 2738 727 2781 acies
756 2737 806 2780 in
837 2738 1029 2794 interpr.
1056 2736 1110 2780 V.
1213 2742 1268 2780 14
1299 2739 1583 2781 troianorum
1612 2735 1647 2776 V
1678 2736 1848 2790 funera

149 2795 255 2839 add.
290 2795 362 2839 ed.
480 2799 533 2838 15
564 2796 798 2850 ferocitate
829 2797 899 2840 ed.
1018 2801 1070 2840 17
1104 2798 1223 2840 hanc
1246 2795 1288 2839 V
1319 2797 1392 2839 hic
1424 2795 1493 2838 ed.
1618 2798 1673 2837 18
1706 2800 1847 2838 certa-

147 2855 347 2899 minibus
384 2868 472 2898 om.
506 2854 751 2909 sequentia
786 2855 994 2910 corrupit
1025 2856 1096 2899 ed.
1220 2860 1276 2898 24
1308 2855 1486 2898 movebo
1513 2853 1569 2896 V.
1692 2857 1747 2896 26
1788 2854 1846 2897 le-

146 2915 245 2958 vior
278 2913 543 3014 Vdfacilior
586 2913 656 2956 ed.
780 2918 836 2958 28
876 2919 1100 2970 totamque
1139 2914 1210 2957 ed.
1334 2917 1389 2956 30
1415 2913 1772 2968 propositionem
1803 2912 1845 2955 V

147 2986 261 3016 corr.
295 2986 319 3016 e
359 3007 367 3015 .

1884 2010 1940 2049 45
