2050 3226
742 197 1045 244 AENEmos
1076 197 1117 242 x
1667 201 1775 256 369

77 341 310 402 pluribus
338 340 521 396 oranti,
553 338 607 387 in
638 339 826 388 offensa
860 339 1044 403 quippe
1074 337 1376 387 constitutus
1399 353 1499 387 non
1522 338 1691 403 potuit
1713 340 1777 388 ad

85 414 454 464 miserationem
482 413 622 463 brevi
651 415 792 462 textu
816 411 1175 476 deprecationis
1203 411 1405 475 adduci,
1435 413 1522 462 sed
1553 412 1776 462 dicturus

85 490 251 538 fuerat
286 489 459 552 plura,
504 485 701 536 Aeneas
738 503 838 537 non
876 502 1054 551 passus
1102 490 1241 536 actus
1281 502 1396 536 suos
1432 486 1655 536 inmeriti
1690 488 1776 536 ho-

40 619 49 622 *
85 563 233 612 minis
271 562 591 626 multiloquio
631 561 818 611 diutius
858 561 1069 610 detineri
1114 561 1330 610 occurrit
1365 563 1639 611 necessario
1679 576 1777 610 ser-

36 627 229 687 {mone
275 639 327 686 et
375 635 498 700 quid
536 636 728 686 doleret
762 635 901 685 brevi
949 635 1223 685 elocutione
1260 637 1473 685 testatus
1518 638 1614 686 est:
1659 636 1781 684 haut

86 712 208 760 talia
253 711 441 760 dudwm
486 711 618 760 dieta
662 711 843 759 dabas:
883 725 1075 773 preceS,
1119 709 1307 773 inquit,
1352 713 1468 759 tuas
1513 710 1778 760 maledicto
1796 718 1882 758 600

85 784 335 849 superiore
375 785 625 834 damnasti
655 801 744 833 nec
780 784 935 833 talem
972 786 1022 832 te
1059 783 1336 847 praebuisti
1370 783 1686 847 iamdudum,
1720 787 1780 833 ut

84 875 216 909 nunc
250 859 505 923 inpetrare
537 859 717 909 salutis
750 861 867 907 tuae
898 858 1189 907 beneficium
1218 859 1469 908 merearis.
1521 873 1708 909 morere
1737 861 1781 907 et

36 999 39 1002 Α
83 935 290 995 fratrem
333 948 395 983 ne
440 934 603 983 desere
640 935 822 995 frater:
870 932 1037 997 potius
1083 932 1392 982 moriendum
1440 935 1516 982 est
1558 933 1677 996 fibi,
1715 949 1779 981 -ne

12 1006 56 1054 ιὸ
84 1009 293 1057 fratrem
331 1008 526 1057 deseras
564 1008 743 1070 fiater3
781 1006 922 1056 decet
959 1006 1091 1056 enim
1122 1010 1169 1056 ei
1198 1009 1248 1055 te
1282 1008 1457 1056 mortis
1496 1010 1628 1056 sorte
1666 1022 1778 1056 con-

83 1083 229 1148 iungi
268 1098 366 1145 quo
406 1083 668 1132 adversum
710 1097 789 1131 me
834 1097 957 1131 usus
997 1083 1129 1131 socio
1169 1081 1336 1130 venire
1374 1081 1601 1144 potuisti.
1677 1084 1780 1130 twm

85 1157 297 1206 latebras
320 1158 517 1206 animae
541 1160 709 1217 pectus
730 1170 958 1204 mucrone
978 1155 1206 1204 rechhdit:
1236 1155 1408 1204 definit
1433 1155 1554 1219 quid
1579 1156 1647 1205 sit
1668 1171 1779 1219 pec·

85 1234 192 1293 tuS,
222 1230 276 1278 in
308 1247 431 1294 quo,
454 1232 645 1294 inquit,
685 1229 852 1279 anima
874 1231 1002 1278 latet
1031 1231 1082 1277 et
1110 1231 1226 1278 tuta
1256 1232 1358 1291 est,
1398 1245 1497 1293 quo
1528 1230 1779 1293 patefacto

83 1304 315 1369 proditur
344 1307 395 1354 et
422 1304 724 1368 interempta
747 1303 1070 1353 consumitur.
1123 1319 1236 1353 cum
1258 1302 1417 1368 igitur
1438 1304 1561 1352 haec
1583 1304 1778 1353 Aeneas

11 1392 55 1426 ιε
85 1379 310 1442 dixisset,
349 1395 545 1428 omnem
582 1378 963 1428 commotionem
1002 1393 1145 1427 suam
1181 1380 1235 1426 in
1272 1379 1378 1426 ictu
1416 1394 1515 1440 quo
1546 1377 1781 1443 Ligerum

83 1453 301 1516 perdidit
339 1453 592 1503 evidenter
629 1454 872 1516 expressit
902 1451 1167 1515 aperiendo
1198 1453 1392 1517 ingenti
1422 1453 1575 1517 plaga
1604 1455 1780 1516 pectus

84 1530 191 1576 eius
227 1527 543 1590 animamque
578 1527 845 1576 fundendo.
899 1527 1022 1576 talia
1049 1541 1143 1588 per
1176 1540 1371 1588 campos
1404 1526 1573 1575 edebat
1599 1530 1781 1588 funera

54 1616 58 1620 ·
83 1603 252 1651 ductor
276 1603 574 1651 Dardanius
612 1602 837 1650 torrentis
875 1615 1032 1662 aquae
1065 1601 1141 1649 vel
1175 1601 1386 1650 twrbim's
1417 1601 1515 1649 atri
1539 1615 1671 1649 more
1699 1602 1780 1661 fu-

82 1691 220 1725 rens:
246 1678 339 1737 sic,
361 1676 550 1743 inquit,
580 1676 778 1725 Aeneae
803 1675 1015 1724 furentis
1040 1677 1181 1735 actus
1206 1677 1257 1724 et
1286 1676 1428 1739 gesta
1458 1674 1780 1736 ducebantur,

12 1754 56 1797 no
83 1753 154 1800 sic
183 1767 272 1814 per
302 1765 501 1814 campos
533 1750 712 1799 edebat
741 1750 940 1812 funera,
977 1751 1038 1798 ut
1066 1749 1302 1798 torrentis
1341 1749 1572 1798 saeviunt
1601 1749 1779 1811 undae,

84 1827 144 1873 ut
194 1825 479 1874 turbinibus
533 1840 641 1882 mos
695 1826 792 1886 est,
846 1840 958 1873 cum
1009 1825 1232 1872 inmenso
1286 1823 1452 1871 furore
1500 1825 1778 1887 raptantur.

84 1899 280 1948 tandem
332 1902 592 1960 erumpumt
643 1902 686 1948 et
712 1901 902 1947 rastra
952 1898 1234 1958 relinquwnt
1276 1896 1527 1946 Ascanius
1564 1912 1694 1959 puer
1738 1901 1781 1947 et
1796 1907 1880 1947 605

83 1973 402 2034 nequicquam
438 1973 634 2022 obsessa
671 1974 920 2021 iwventus:
958 1988 1068 2021 ecce
1107 1974 1352 2034 quantum
1388 1971 1550 2021 valuit
1582 1972 1780 2021 Aeneae

51 2047 387 2112 ²praesentia,
451 2049 691 2109 quantam
742 2046 974 2096 fiduciam
1028 2046 1166 2094 dedit
1225 2045 1434 2095 obsessis
1494 2046 1631 2095 illius
1693 2046 1781 2094 ad·.

13 2121 58 2171 π’
84 2122 285 2170 ventus!
361 2137 461 2169 non
499 2121 600 2169 iam
636 2121 911 2185 parietibus
944 2121 1252 2182 detinentur,
1294 2136 1395 2168 non
1438 2121 1631 2170 clausos
1675 2136 1778 2169 sese

83 2196 348 2258 patiuntur
396 2195 630 2256 ulterius,
673 2196 852 2243 exeunt
899 2195 1103 2243 tandem
1148 2196 1198 2243 et
1237 2195 1425 2244 relictis
1466 2195 1639 2243 castris
1680 2211 1777 2243 uno

85 2271 276 2332 impetu
337 2285 505 2318 omnes
567 2269 797 2317 feruntur
857 2268 910 2317 in
969 2284 1201 2331 campum
1255 2268 1553 2318 arbitrantes
1606 2269 1777 2332 procul

86 2343 233 2392 dubio
265 2343 462 2392 Aeneae
501 2343 837 2406 praesentiam
882 2342 1135 2391 meliorem
1179 2342 1339 2391 vicem
1388 2343 1607 2391 obtinere
1652 2345 1776 2391 cast·

49 2433 253 2497 ⁰rorum
298 2420 349 2466 et
394 2434 444 2467 se
489 2418 665 2467 melius
714 2419 852 2466 tutos
900 2417 1006 2465 fore
1054 2416 1108 2465 in
1162 2419 1334 2479 aperto
1390 2418 1575 2480 campi,
1628 2432 1777 2478 quam

13 2505 58 2540 ιο
86 2491 130 2541 si
165 2491 439 2554 parietibus
470 2493 759 2540 tenerentur
795 2492 846 2539 et
882 2491 1030 2540 vallo.
1099 2490 1248 2540 huius
1286 2490 1380 2540 viri
1415 2492 1559 2539 tanta
1597 2490 1778 2538 fiducia

87 2565 412 2627 ducebantur,
466 2567 524 2614 ut
576 2581 674 2613 non
729 2565 823 2614 soli
874 2565 1075 2614 iuvenes
1125 2565 1219 2614 hoc
1268 2565 1441 2614 fecisse
1491 2565 1779 2613 viderentur

207 2727 229 2765 1
271 2723 425 2767 oranti
458 2721 500 2765 V
539 2722 721 2766 Aeneas
763 2719 870 2764 add.
907 2720 979 2766 ed.
1034 2722 1038 2778 Ι
1096 2721 1271 2776 offensa
1304 2720 1347 2764 V
1390 2720 1574 2774 offensis
1615 2719 1686 2763 ed.
1726 2721 1777 2763 in

87 2781 259 2835 offensa
296 2794 380 2825 nos
420 2780 477 2825 cf.
510 2785 551 2835 2,
576 2785 677 2825 451.
800 2783 825 2823 3
866 2793 1029 2825 aeneas
1059 2779 1102 2823 V
1132 2781 1215 2825 Ae.
1247 2793 1349 2824 vero
1388 2779 1459 2823 ed.
1584 2783 1607 2821 7
1646 2792 1775 2835 supe-

87 2839 549 2897 rioreVpriom‘ed.
668 2837 1439 2884 shwncvnmwnoshoced..
1507 2837 1777 2894 llquodV

34 2948 38 2951 ,
89 2911 174 2953 quo
213 2898 283 2943 ed.
336 2901 340 2957 ι
391 2900 481 2944 otio
512 2898 556 2942 V
588 2898 659 2942 ed.
695 2899 814 2943 socio
844 2910 942 2942 nos.
1066 2902 1120 2942 15
1152 2898 1343 2955 liyerum
1366 2896 1408 2940 V
1432 2896 1502 2941 ed
1536 2897 1776 2954 Myer-em?

90 2960 145 2999 18
188 2962 320 3013 atque
362 2971 447 3013 pro
490 2971 637 3014 aquae
670 2956 724 3001 V.
855 2960 911 3000 28
952 2957 1092 3002 vicem
1126 2956 1168 3000 V
1203 2961 1382 3013 partem
1426 2956 1496 3000 ed
1634 2960 1690 3000 29
1732 2970 1777 3001 se

90 3028 177 3058 om.
211 3015 281 3060 ed.
334 3017 339 3074 Ι
387 3021 513 3062 tutus
535 3016 590 3060 V.
714 3020 767 3060 31
802 3016 947 3061 solum
979 3015 1050 3060 ed.

178 3105 739 3147 Don.interrerp.V1-g.vol.11.
1455 3108 1510 3146 24
