2050 3226
780 176 1087 222 AENEIDOS
1118 177 1183 221 IX
1721 181 1827 234 247

136 322 196 367 ut
233 321 494 368 excusetur
538 318 803 380 Euryalus.
886 317 1103 366 multum
1157 317 1287 366 enim
1339 317 1542 380 putavit
1593 318 1829 369 interesse

135 393 290 442 Nisus
334 393 467 441 inter
509 409 649 440 reum
694 392 816 441 facti
863 395 913 440 et
960 408 1074 440 eum
1121 393 1208 455 qui
1245 391 1530 440 interfuerit
1568 392 1701 441 facto
1739 410 1830 442 nec

134 470 303 516 tamen
342 466 533 529 aliquid
578 466 774 528 fecerit,
825 482 937 514 cum
987 465 1158 515 ambos
1206 467 1378 514 teneat
1421 482 1524 514 una
1570 469 1829 516 sententia.

136 541 220 590 sed
265 542 357 590 hoc
386 541 639 605 Vergilius
689 556 789 589 non
840 540 1120 603 adprobans
1167 556 1258 604 pro
1306 539 1518 589 dolentis
1552 543 1603 589 et
1639 541 1831 589 turbati

10 674 26 697 ί
83 636 102 668 5
134 632 223 679 per
268 617 537 664 amentiam
583 630 795 678 persona
840 614 1033 678 posuit,
1078 618 1138 664 ut
1184 615 1332 678 quasi
1367 615 1463 663 hoc
1501 631 1678 679 genere
1716 632 1829 679 par-

29 688 32 692 ’
134 693 327 739 ceretur
375 689 421 737 ei
471 691 560 752 qui
606 688 778 739 divelli
824 689 886 738 ab
933 690 1090 737 amico
1137 704 1235 737 non
1282 688 1464 752 potuit.
1541 690 1664 738 talia
1701 690 1831 738 dicta

133 765 296 820 dabat,
330 764 415 812 secl
437 765 626 812 viribus
657 765 787 812 ensis
819 764 1025 812 adactus
1054 763 1352 824 transadiyit
1380 766 1536 811 costas
1568 767 1611 811 et
1630 767 1831 823 pectora

133 838 347 887 candida
391 840 599 898 rumpit:
643 838 795 887 Nisus
843 837 1046 901 quidem
1091 837 1393 901 loquebatur
1431 853 1558 900 quae
1597 838 1830 901 prodesse

132 912 352 976 Euryalo
403 913 705 976 potuissent,
755 912 842 961 sed
890 913 1048 960 hostis
1098 913 1261 961 tenuit
1308 913 1638 961 intentionem
1686 928 1831 961 suam

38 1007 102 1045 10
134 989 184 1036 et
235 990 478 1050 quantum
526 989 631 1036 irae
684 989 878 1052 gereret
928 987 1093 1035 animo
1142 986 1195 1034 in
1245 988 1350 1035 ictu
1401 1003 1499 1050 quo
1555 987 1831 1049 Euryalum

132 1061 376 1124 percussit
413 1063 653 1124 ostendit3
691 1073 809 1110 nam
846 1061 1037 1110 viribus
1070 1060 1297 1110 omnibus
1331 1061 1501 1125 adegit
1539 1077 1704 1110 ensem
1742 1078 1832 1124 per

134 1139 297 1185 costas
343 1137 447 1185 eius
496 1139 546 1185 et
583 1139 769 1199 pectus
845 1137 1055 1184 volvitur
1091 1135 1350 1196 Euryalus
1389 1136 1476 1184 leto
1507 1136 1831 1196 pulchrosque

127 1225 218 1271 per
257 1214 397 1258 artus
435 1212 473 1258 it
510 1225 653 1258 eruor
689 1212 835 1270 inque
879 1224 1072 1258 umeros
1111 1211 1271 1258 cervix
1311 1210 1544 1271 conlapsa
1581 1211 1829 1267 recumbit,

126 1299 410 1346 purpureus
439 1285 587 1333 veluti
618 1299 726 1333 eum
756 1286 847 1343 flos
876 1284 1094 1333 succisus
1126 1287 1293 1332 aratro
1324 1285 1592 1345 lanquescit
1619 1285 1831 1333 moriens
1847 1293 1934 1333 435

7 1405 10 1408 ,
59 1378 100 1411 15
133 1360 322 1407 lassove
364 1373 623 1419 papavera
673 1359 789 1407 eollo
836 1359 1068 1407 demisere
1114 1362 1279 1418 caput,
1325 1360 1502 1419 pluvia
1552 1373 1660 1407 eum
1707 1359 1831 1419 forte

7 1426 9 1431 ’
128 1437 427 1495 yravantur:
495 1434 592 1481 duo
654 1449 837 1497 genera
906 1433 1199 1496 conparavit
1266 1433 1452 1494 funeri,
1520 1450 1830 1496 purpureum

130 1508 302 1556 florem
350 1509 458 1556 toto
506 1509 701 1570 corpori
745 1510 944 1571 praeter
991 1508 1229 1556 cervicem
1277 1511 1329 1556 et
1366 1510 1540 1570 caput,
1589 1509 1830 1570 papaveri

131 1583 369 1631 cervicem
418 1585 468 1631 et
518 1584 692 1644 caput,
744 1582 865 1646 quia
912 1582 981 1631 sic
1026 1581 1320 1644 inflectitur,
1372 1599 1485 1631 cum
1533 1584 1829 1631 maturitate

129 1657 350 1705 lassatur
399 1658 487 1705 aut
534 1658 722 1705 umoris
773 1671 919 1706 onere
969 1660 1344 1720 praegravatur.
1422 1661 1473 1704 at
1520 1657 1679 1704 Nisus
1729 1658 1831 1704 ruit

56 1749 100 1782 20
130 1732 182 1778 in
235 1731 418 1779 medios
469 1732 719 1791 solumque
763 1746 858 1791 per
910 1733 1068 1779 omnis
1116 1731 1392 1779 Vuloentem
1420 1732 1565 1790 petit,
1622 1732 1675 1778 in
1729 1731 1828 1779 solo

132 1805 358 1854 Vuleente
413 1810 658 1854 moratur:
707 1805 830 1854 vicit
876 1807 1100 1854 hostium
1149 1805 1526 1854 multitudinem
1574 1805 1729 1854 Nisus
1781 1808 1830 1853 et

129 1882 279 1942 rupta.
325 1879 738 1929 circunstantium
784 1880 934 1928 turba
981 1881 1044 1928 ad
1091 1883 1344 1928 auctorem
1390 1880 1555 1943 ipsum
1601 1880 1830 1942 pervenit

131 1953 278 2002 occisi
327 1953 453 2002 nihil
504 1955 563 2003 de
610 1970 700 2004 sua
745 1957 904 2003 morte
945 1954 1242 2016 formidanS,
1293 1956 1383 2017 qui
1430 1955 1704 2003 moriturus
1753 1954 1827 2002 in-

128 2031 299 2076 ruerat
353 2031 402 2076 et
461 2032 577 2091 post
638 2029 786 2076 amici
842 2032 1053 2078 mortem
1113 2029 1380 2091 adpetebat
1439 2030 1608 2092 potius
1676 2045 1828 2092 quam

21 2118 98 2160 25
129 2102 324 2151 vitabat
360 2101 634 2151 interitum.
695 2117 834 2162 quem
865 2105 1046 2152 circum
1080 2104 1334 2164 ylomerati
1370 2104 1526 2151 hostes
1562 2104 1675 2151 hinc
1705 2118 1827 2151 com·
1844 2110 1930 2148 440

128 2178 293 2225 minus
333 2181 474 2236 atque
511 2177 624 2225 ltine
646 2179 965 2237 proturbant.
1002 2177 1303 2241 proturbant
1333 2194 1443 2225 eum
1478 2177 1565 2241 qui
1595 2179 1829 2240 poterant

131 2253 181 2299 et
229 2251 398 2313 ferire,
450 2252 535 2300 sed
586 2251 915 2301 observabant
964 2252 1173 2315 potioris
1220 2251 1464 2300 iudicium
1509 2268 1599 2300 nec
1645 2254 1827 2300 temere

131 2325 414 2373 audendum
442 2325 631 2389 aliquid
656 2325 1032 2375 arbitrabantur
1059 2327 1146 2375 ubi
1176 2327 1275 2375 fuit
1306 2325 1542 2375 excelsior
1563 2328 1827 2389 potestate,

131 2401 219 2462 qui
257 2399 463 2448 arbitrio
503 2415 592 2448 suo
631 2415 841 2463 poenam
879 2401 1078 2450 deberet
1117 2401 1323 2465 exigere.
1401 2402 1487 2450 sed
1525 2416 1623 2449 non
1664 2399 1828 2447 obfuit

57 2489 100 2522 so
129 2474 398 2522 intentioni
436 2473 534 2523 nisi
564 2475 967 2537 proturbantium
1006 2475 1291 2524 multitudo.
1353 2477 1505 2524 instat
1542 2490 1639 2522 non
1678 2475 1826 2522 setius

131 2563 188 2596 ac
225 2552 352 2597 rotat
390 2563 549 2596 ensem
586 2549 902 2608 fulmineum:
941 2566 1038 2612 quo
1076 2551 1237 2614 magis
1269 2549 1457 2598 institit
1488 2565 1575 2597 nec
1606 2548 1827 2596 deseruit

130 2622 393 2670 consilium
447 2638 613 2684 suum,
666 2624 855 2672 rotavit
909 2639 1075 2673 ensem
1128 2625 1447 2685 fulmineum,
1502 2625 1595 2672 hoc
1648 2625 1723 2671 est
1771 2624 1825 2670 in

128 2712 317 2744 morem
347 2696 562 2745 turbinis
594 2697 732 2746 misit
763 2697 1008 2761 gladium,
1041 2698 1185 2761 quasi
1215 2699 1397 2746 iaceret
1427 2698 1637 2757 fulmen,
1678 2697 1826 2744 eloneo

2 1775 27 1808 ὓ,

250 2829 274 2867 2
307 2825 426 2868 inter
457 2838 558 2868 eum
580 2822 622 2866 V
647 2837 760 2867 corr.
787 2824 857 2867 ed.
982 2829 1036 2868 13
1068 2827 1105 2869 it
1136 2839 1223 2869 om.
1249 2825 1303 2869 V.
1429 2828 1482 2867 17
1514 2836 1749 2879 papavero
1781 2822 1823 2865 V

132 2884 201 2926 —ri
238 2883 309 2927 ed.
434 2887 487 2926 19
528 2884 747 2927 autmoris
778 2883 833 2927 V.
956 2888 1012 2927 24
1051 2890 1093 2928 et
1122 2885 1302 2940 petebat
1325 2884 1367 2926 V
1398 2883 1638 2938 adpetebat
1668 2896 1751 2926 nos
1783 2887 1824 2926 et

132 2955 220 2985 om.
253 2942 325 2986 ed.
455 2945 510 2985 29
553 2942 631 2986 sed
671 2956 764 2987 non
806 2943 958 2997 obfuit
989 2942 1032 2984 V
1069 2945 1135 2988 sic
1175 2945 1389 2998 expectes
1428 2957 1462 2986 s.
1488 2957 1532 2986 n.
1558 2942 1711 2995 abfuit
1749 2941 1821 2986 ed.

132 3004 187 3044 30
213 3002 584 3057 perturbantium
615 3001 687 3045 ed.
735 3003 739 3059 Ι
786 3003 925 3047 setius
947 3002 988 3046 V
1020 3004 1202 3059 seynius
1233 3002 1304 3046 ed.
1429 3005 1482 3045 33
1515 3003 1683 3057 flumen
1707 2999 1761 3045 V.
