2050 3226
36 975 79 1008 10

37 1346 79 1378 15

38 1717 82 1750 20

41 2087 84 2120 25

44 2458 86 2490 30

740 150 1047 197 AENEIDOS
1077 149 1165 197 XII
1693 154 1806 209 563

107 295 268 343 rasset
291 292 499 342 celerius
522 291 762 341 interiret.
801 292 950 342 simul
973 292 1126 341 etiam
1142 291 1311 342 docuit
1334 291 1456 342 artis
1480 292 1807 342 necessariam

107 369 325 431 partem3
363 382 482 415 nam
518 367 693 416 modus
733 369 810 416 est
847 367 1009 415 certus
1046 382 1144 430 quo
1184 365 1397 416 candens
1428 367 1615 416 ferrum
1646 382 1806 431 aquae

109 441 320 507 frigidae
359 441 624 506 mergitur,
662 443 722 489 ut
760 457 818 490 ex
855 442 1068 503 utroque
1099 442 1432 504 temperatum
1462 456 1554 490 nec
1593 441 1808 490 dissiliat

109 516 232 566 satis
271 514 452 564 durum
488 531 578 564 nec
615 531 816 564 rursum
854 515 1086 564 inefficax
1122 515 1234 577 fiat,
1273 515 1317 564 si
1345 516 1628 578 ,plurimum
1657 515 1809 563 fuerit

108 590 271 639 molle.
348 590 479 646 exin,
527 590 621 638 hoc
659 594 735 638 est
773 588 970 651 exinde,
1019 603 1142 650 quae
1181 590 1355 638 mediis
1399 590 1584 652 inyeuti
1621 590 1809 638 adnixa

110 665 336 713 columna
380 664 583 713 aedibus
629 664 859 712 adstabat
901 664 1121 712 validam
1165 665 1216 711 vi
1256 664 1456 724 corripit
1492 664 1710 712 hastam:
1759 666 1810 712 et

108 738 307 787 hastam
335 738 514 787 laudat
545 739 595 786 et
625 737 1021 802 magnitudinem
1053 752 1195 787 suam
1226 740 1277 786 et
1307 738 1531 786 Turnum
1562 737 1651 802 qui
1680 739 1810 787 hanc

108 814 308 876 poterat
345 812 548 876 virtutis
587 814 804 861 tractare
843 811 1136 860 substantia.
1209 812 1356 861 hasta
1393 812 1652 874 laudatur,
1691 812 1810 875 quia

108 889 215 935 tam
252 902 438 950 magna
476 887 593 948 fuit,
644 889 704 935 ut
749 886 966 951 ingentis
1014 886 1274 934 columnae
1323 886 1639 936 adminiculis
1679 889 1810 935 stare

108 962 278 1024 posset
317 964 366 1009 et
403 962 532 1025 regi,
573 961 708 1023 quod
745 961 824 1023 fit,
870 977 931 1008 ne
975 963 1211 1009 curvatae
1249 961 1423 1010 hastae
1461 976 1608 1010 usum
1645 976 1810 1010 neces·

110 1036 300 1084 sarium
349 1035 574 1099 perdant.
650 1035 801 1097 hanc,
852 1034 970 1083 licet
1014 1037 1144 1083 esset
1189 1050 1278 1097 pro
1327 1050 1419 1084 sua
1463 1035 1810 1100 magnitudine

109 1108 408 1172 ponderosa,
460 1110 632 1172 rapuit
670 1109 890 1171 Turnus3
938 1109 1070 1157 tanti
1114 1110 1248 1156 enim
1286 1110 1438 1158 etiam
1474 1109 1582 1172 ipse
1619 1109 1811 1158 roboris

110 1183 230 1245 fuit,
269 1186 329 1232 ut
365 1183 507 1232 illam
554 1199 653 1232 non
696 1183 914 1243 tolleret,
966 1181 1051 1232 sed
1091 1183 1375 1246 corriperet.
1452 1184 1697 1246 corripere
1737 1186 1813 1233 est

111 1257 303 1320 aliquid
353 1259 458 1306 sine
506 1260 687 1306 conatu
739 1273 795 1307 ac
845 1257 1143 1306 difficultate
1195 1258 1604 1320 conprehendere.
1681 1259 1811 1307 hanc

110 1331 268 1396 igitur
306 1331 417 1380 aliis
457 1348 662 1396 gravem
701 1334 751 1380 et
796 1332 918 1380 satis
966 1347 1224 1380 onerosam
1263 1331 1463 1380 Turnus
1510 1333 1683 1395 rapuit
1719 1348 1810 1396 pro

110 1405 223 1455 levi.
298 1406 549 1455 rediturus
588 1407 652 1455 ad
701 1405 901 1454 laudem
937 1406 1112 1454 hastae
1164 1408 1214 1453 et
1253 1405 1386 1469 quod
1437 1406 1495 1454 de
1542 1422 1600 1455 ea
1645 1407 1811 1456 minus

112 1480 306 1528 dixerat
344 1481 564 1543 conplet:
614 1478 830 1537 Actoris,
870 1481 1058 1542 inquit,
1102 1478 1332 1528 Aurunci
1368 1481 1602 1540 spolium:
1651 1480 1811 1530 occiso

112 1553 284 1603 Actori
315 1554 551 1604 Aurunco
583 1554 748 1603 fuerat
778 1553 1023 1615 detracta,
1064 1553 1215 1618 digna
1253 1555 1444 1603 scilicet
1478 1571 1607 1618 quae
1644 1571 1811 1618 repor-

110 1631 272 1677 tatam
311 1628 370 1676 de
410 1628 683 1678 fortissimo
731 1628 838 1677 viro
877 1628 1140 1678 victoriam
1178 1630 1459 1677 testaretur.
1521 1633 1813 1689 quassatque

112 1706 386 1751 trementem
414 1703 714 1763 vociferans:
750 1703 881 1751 hanc
911 1703 1222 1766 frequentius
1262 1717 1572 1751 commovens
1609 1702 1686 1752 his
1727 1703 1811 1751 ad-

111 1778 306 1826 locutus
347 1779 422 1826 est
461 1777 678 1839 TurnuS,
716 1793 836 1826 voce
875 1778 1066 1826 scilicet
1096 1778 1252 1838 clara,
1293 1778 1414 1839 quia
1443 1776 1618 1825 multis
1658 1777 1813 1826 animi

113 1851 490 1900 necessitatibus
533 1851 697 1900 fuerat
743 1851 1002 1900 excitatus.
1078 1853 1372 1899 trementem
1421 1851 1618 1915 proprie
1665 1851 1814 1914 dixit3

115 1926 356 1988 quicquid
410 1925 542 1973 enim
594 1926 799 1989 longum
850 1928 926 1974 est
975 1942 1073 1973 non
1130 1925 1399 1974 secundum
1446 1925 1813 1989 longitudinem

113 1998 338 2048 validum
397 2000 567 2048 tremit
615 2015 727 2048 cum
776 2000 930 2048 fuerit
977 2002 1181 2047 motum.
1266 2014 1418 2057 nuuc,
1470 2014 1496 2048 o
1546 2015 1814 2061 numquam

113 2076 358 2133 frustrata
395 2078 593 2122 vocatus
629 2074 773 2122 hasta
809 2089 962 2122 meos:
1011 2074 1179 2134 hasta,
1225 2074 1413 2136 inquit,
1454 2074 1621 2136 fortis,
1666 2075 1814 2123 hasta

115 2147 294 2196 ominis
325 2147 464 2208 boni,
505 2163 678 2211 quam,
710 2149 941 2211 quotiens
972 2149 1224 2210 invocavi,
1257 2148 1386 2196 sensi
1417 2148 1724 2197 commodam
1765 2151 1815 2196 et

117 2238 229 2270 cum
268 2237 367 2284 qua
405 2222 629 2285 superior
665 2224 883 2270 remeavi
920 2222 978 2269 de
1019 2237 1208 2284 campo,
1262 2237 1394 2271 nunc
1432 2226 1618 2283 tempus
1656 2223 1815 2271 adest:

117 2297 354 2358 quoniam
384 2296 585 2360 gravior
614 2296 771 2345 hostis
805 2295 1020 2344 occurrit
1051 2298 1101 2344 et
1131 2296 1258 2345 dura
1280 2297 1541 2361 pugnandi
1576 2296 1815 2357 condicio,

116 2386 248 2418 nunc
288 2370 429 2418 adest
466 2372 661 2433 tempus
701 2373 760 2418 ut
798 2371 935 2418 ultra
972 2371 1176 2419 solitum
1215 2387 1403 2419 morem
1433 2371 1655 2419 favorem
1695 2372 1814 2418 tuae

116 2444 319 2494 virtutis
360 2445 409 2491 et
439 2443 695 2492 felicitatis
728 2444 973 2492 ostendas
1028 2449 1070 2493 te
1100 2446 1347 2493 maximus
1378 2443 1540 2501 Actor,
1581 2448 1624 2492 te
1657 2444 1817 2492 Turni

118 2533 248 2566 nuuc
279 2519 449 2566 dextra
475 2519 621 2579 ,aerim
659 2534 748 2566 nec
779 2518 958 2580 prioris
991 2517 1180 2567 domini
1210 2520 1441 2567 meritum
1471 2520 1518 2566 te
1543 2519 1815 2581 deprimere

118 2593 350 2641 convenit
399 2607 488 2640 nec
538 2592 825 2654 praesentis.
902 2608 1023 2654 non,
1072 2594 1262 2656 inquit,
1312 2592 1593 2641 ceciderunt
1637 2593 1816 2640 merita

118 2668 207 2715 tua
244 2682 332 2714 nec
372 2667 486 2729 post
523 2666 657 2714 illius
689 2666 886 2715 Actoris
926 2667 1130 2715 maximi
1168 2683 1418 2715 excessum
1455 2668 1505 2714 te
1535 2668 1706 2728 portat
1743 2667 1815 2713 in-

240 2797 263 2835 1
299 2794 431 2837 certis
454 2790 496 2834 V
521 2792 592 2836 ed.
626 2794 742 2837 artis
771 2806 868 2836 nos,
976 2797 1002 2836 3
1042 2794 1224 2838 desiliat
1262 2793 1332 2836 ed.
1436 2798 1463 2835 4
1501 2806 1685 2837 rursum
1725 2806 1815 2836 om.

122 2850 238 2894 edF.
348 2855 373 2895 5
406 2853 458 2895 in
488 2851 650 2896 mediis
680 2851 752 2895 ed.
856 2855 881 2894 9
912 2853 963 2896 in
995 2854 1110 2897 entis
1133 2852 1173 2894 V
1205 2853 1303 2896 siue
1333 2853 1363 2895 i.
1398 2851 1514 2895 edF.
1619 2855 1675 2895 10
1708 2865 1817 2907 pos-

121 2915 186 2953 set
208 2909 251 2951 V
281 2923 375 2954 non
399 2925 448 2967 p.
484 2910 599 2955 edF.
652 2911 656 2968 fl
714 2916 904 2955 curvata
1008 2925 1122 2956 corr.
1156 2911 1226 2955 ed.
1366 2915 1420 2954 12
1460 2912 1580 2954 euim
1619 2924 1706 2954 om.
1743 2910 1815 2954 ed.

126 2972 181 3011 18
221 2971 399 3014 auctori
429 2969 483 3013 V.
615 2973 669 3013 27
703 2983 804 3014 cum
834 2984 970 3026 quam
993 2970 1048 3014 V.
1175 2974 1231 3013 28
1262 2971 1478 3026 quoniam
1501 2969 1543 3012 V
1573 2983 1711 3025 quum
1743 2969 1814 3014 ed.

1463 3058 1548 3101 36*

1844 1714 1900 1754 95
