<?xml version="1.0" encoding="UTF-8"?>
<!DOCTYPE html PUBLIC "-//W3C//DTD XHTML 1.0 Transitional//EN"
    "http://www.w3.org/TR/xhtml1/DTD/xhtml1-transitional.dtd">
<html xmlns="http://www.w3.org/1999/xhtml" xml:lang="en" lang="en">
 <head>
  <title>
</title>
<meta http-equiv="Content-Type" content="text/html;charset=utf-8" />
  <meta name='ocr-system' content='tesseract 3.04.00' />
  <meta name='ocr-capabilities' content='ocr_page ocr_carea ocr_par ocr_line ocrx_word'/>
</head>
<body>
  <div class='ocr_page' id='page_1' title='image "./interpretationes02donauoft_0525.png"; bbox 0 0 2050 3226; ppageno 0'>
   <div class='ocr_carea' id='block_1_1' title="bbox 832 207 1874 268">
    <p class='ocr_par' dir='ltr' id='par_1_1' title="bbox 832 207 1874 268">
     <span class='ocr_line' id='line_1_1' title="bbox 832 207 1874 268; baseline 0.001 -15"><span class='ocrx_word' id='word_1_1' title='bbox 832 207 1138 254; x_wconf 78' lang='lat' dir='ltr'><strong><em>AENEmos</em></strong></span> <span class='ocrx_word' id='word_1_2' title='bbox 1168 208 1233 253; x_wconf 78' lang='lat' dir='ltr'><strong><em>XI</em></strong></span> <span class='ocrx_word' id='word_1_3' title='bbox 1769 214 1874 268; x_wconf 80' lang='lat'><strong><em>521</em></strong></span> 
     </span>
    </p>
   </div>
   <div class='ocr_carea' id='block_1_2' title="bbox 55 347 1982 2641">
    <p class='ocr_par' dir='ltr' id='par_1_2' title="bbox 55 347 1982 2641">
     <span class='ocr_line' id='line_1_2' title="bbox 183 347 1878 402; baseline 0.001 -3"><span class='ocrx_word' id='word_1_4' title='bbox 183 353 323 400; x_wconf 81' lang='lat' dir='ltr'><strong><em>bant:</em></strong></span> <span class='ocrx_word' id='word_1_5' title='bbox 369 349 465 399; x_wconf 84' lang='lat' dir='ltr'><strong><em>iste</em></strong></span> <span class='ocrx_word' id='word_1_6' title='bbox 514 348 646 398; x_wconf 86' lang='lat' dir='ltr'><strong><em>inter</em></strong></span> <span class='ocrx_word' id='word_1_7' title='bbox 695 364 811 398; x_wconf 90' lang='lat' dir='ltr'><strong><em>suos</em></strong></span> <span class='ocrx_word' id='word_1_8' title='bbox 860 365 961 397; x_wconf 90' lang='lat' dir='ltr'><strong><em>non</em></strong></span> <span class='ocrx_word' id='word_1_9' title='bbox 1011 348 1071 397; x_wconf 90' lang='lat' dir='ltr'><strong><em>de</em></strong></span> <span class='ocrx_word' id='word_1_10' title='bbox 1120 347 1440 399; x_wconf 87' lang='lat' dir='ltr'><strong><em>inferioribus</em></strong></span> <span class='ocrx_word' id='word_1_11' title='bbox 1478 350 1577 398; x_wconf 89' lang='lat' dir='ltr'><strong><em>fuit</em></strong></span> <span class='ocrx_word' id='word_1_12' title='bbox 1615 352 1666 398; x_wconf 89' lang='lat' dir='ltr'><strong><em>et</em></strong></span> <span class='ocrx_word' id='word_1_13' title='bbox 1702 352 1878 402; x_wconf 89' lang='lat' dir='ltr'><strong>fraude</strong></span> 
     </span>
     <span class='ocr_line' id='line_1_3' title="bbox 182 423 1880 488; baseline 0.001 -14"><span class='ocrx_word' id='word_1_14' title='bbox 182 425 427 486; x_wconf 76' lang='lat' dir='ltr'>certabat,</span> <span class='ocrx_word' id='word_1_15' title='bbox 474 424 714 486; x_wconf 89' lang='lat' dir='ltr'><strong><em>quamdiu</em></strong></span> <span class='ocrx_word' id='word_1_16' title='bbox 760 423 806 472; x_wconf 93' lang='lat' dir='ltr'><strong><em>ei</em></strong></span> <span class='ocrx_word' id='word_1_17' title='bbox 843 423 1003 472; x_wconf 86' lang='lat' dir='ltr'><strong><em>vitam</em></strong></span> <span class='ocrx_word' id='word_1_18' title='bbox 1046 423 1155 472; x_wconf 87' lang='lat' dir='ltr'><strong>fata</strong></span> <span class='ocrx_word' id='word_1_19' title='bbox 1199 424 1386 488; x_wconf 81' lang='lat' dir='ltr'><strong>largita</strong></span> <span class='ocrx_word' id='word_1_20' title='bbox 1423 426 1541 474; x_wconf 88' lang='lat' dir='ltr'><strong><em>sunt</em></strong></span> <span class='ocrx_word' id='word_1_21' title='bbox 1578 427 1629 473; x_wconf 90' lang='lat' dir='ltr'><strong><em>et</em></strong></span> <span class='ocrx_word' id='word_1_22' title='bbox 1668 425 1880 475; x_wconf 85' lang='lat' dir='ltr'><strong>Camilla</strong></span> 
     </span>
     <span class='ocr_line' id='line_1_4' title="bbox 180 498 1880 561; baseline 0.001 -14"><span class='ocrx_word' id='word_1_23' title='bbox 180 516 280 549; x_wconf 91' lang='lat' dir='ltr'><strong><em>non</em></strong></span> <span class='ocrx_word' id='word_1_24' title='bbox 318 499 460 549; x_wconf 85' lang='lat' dir='ltr'><strong><em>vidit.</em></strong></span> <span class='ocrx_word' id='word_1_25' title='bbox 533 499 670 558; x_wconf 80' lang='lat' dir='ltr'><strong><em>isque</em></strong></span> <span class='ocrx_word' id='word_1_26' title='bbox 717 499 803 546; x_wconf 82' lang='lat' dir='ltr'><strong><em>ubi</em></strong></span> <span class='ocrx_word' id='word_1_27' title='bbox 851 513 903 546; x_wconf 91' lang='lat' dir='ltr'><strong><em>se</em></strong></span> <span class='ocrx_word' id='word_1_28' title='bbox 947 498 1082 546; x_wconf 80' lang='lat' dir='ltr'><strong>nullo</strong></span> <span class='ocrx_word' id='word_1_29' title='bbox 1119 499 1224 547; x_wconf 87' lang='lat' dir='ltr'><strong><em>iam</em></strong></span> <span class='ocrx_word' id='word_1_30' title='bbox 1261 513 1410 547; x_wconf 78' lang='lat' dir='ltr'><strong><em>cursu</em></strong></span> <span class='ocrx_word' id='word_1_31' title='bbox 1448 499 1650 548; x_wconf 85' lang='lat' dir='ltr'><strong><em>evadere</em></strong></span> <span class='ocrx_word' id='word_1_32' title='bbox 1679 514 1880 561; x_wconf 75' lang='lat' dir='ltr'><strong><em>puynae</em></strong></span> 
     </span>
     <span class='ocr_line' id='line_1_5' title="bbox 174 573 1880 634; baseline 0 -12"><span class='ocrx_word' id='word_1_33' title='bbox 174 588 319 634; x_wconf 91' lang='lat' dir='ltr'><strong><em>posse</em></strong></span> <span class='ocrx_word' id='word_1_34' title='bbox 354 587 507 634; x_wconf 76' lang='lat' dir='ltr'><strong><em>neque</em></strong></span> <span class='ocrx_word' id='word_1_35' title='bbox 541 573 803 620; x_wconf 79' lang='lat' dir='ltr'><em>instantem</em></span> <span class='ocrx_word' id='word_1_36' title='bbox 839 573 1062 633; x_wconf 63' lang='lat' dir='ltr'><strong><em>reginam</em></strong></span> <span class='ocrx_word' id='word_1_37' title='bbox 1100 576 1314 621; x_wconf 83' lang='lat' dir='ltr'><strong><em>avertere</em></strong></span> <span class='ocrx_word' id='word_1_38' title='bbox 1343 574 1514 630; x_wconf 75' lang='lat' dir='ltr'><strong><em>cernit,</em></strong></span> <span class='ocrx_word' id='word_1_39' title='bbox 1547 574 1746 622; x_wconf 81' lang='lat' dir='ltr'><strong><em>consilio</em></strong></span> <span class='ocrx_word' id='word_1_40' title='bbox 1775 589 1880 622; x_wconf 82' lang='lat' dir='ltr'><strong><em>ver-</em></strong></span> 
     </span>
     <span class='ocr_line' id='line_1_6' title="bbox 55 647 1982 711; baseline 0.001 -14"><span class='ocrx_word' id='word_1_41' title='bbox 55 656 70 686; x_wconf 59' lang='grc' dir='ltr'><em>ὃ</em></span> <span class='ocrx_word' id='word_1_42' title='bbox 129 666 149 698; x_wconf 82' lang='lat'><strong>5</strong></span> <span class='ocrx_word' id='word_1_43' title='bbox 180 662 293 696; x_wconf 87' lang='lat' dir='ltr'><strong><em>sare</em></strong></span> <span class='ocrx_word' id='word_1_44' title='bbox 341 648 475 696; x_wconf 84' lang='lat' dir='ltr'><strong><em>dolos</em></strong></span> <span class='ocrx_word' id='word_1_45' title='bbox 522 648 773 708; x_wconf 75' lang='lat' dir='ltr'><strong><em>inqressus</em></strong></span> <span class='ocrx_word' id='word_1_46' title='bbox 822 650 867 694; x_wconf 93' lang='lat' dir='ltr'><strong><em>et</em></strong></span> <span class='ocrx_word' id='word_1_47' title='bbox 914 650 1026 694; x_wconf 78' lang='lat' dir='ltr'><strong><em>astu</em></strong></span> <span class='ocrx_word' id='word_1_48' title='bbox 1072 647 1244 707; x_wconf 78' lang='lat' dir='ltr'><strong><em>incipit</em></strong></span> <span class='ocrx_word' id='word_1_49' title='bbox 1290 647 1431 696; x_wconf 80' lang='lat' dir='ltr'><strong>haec:</strong></span> <span class='ocrx_word' id='word_1_50' title='bbox 1480 648 1678 711; x_wconf 88' lang='lat' dir='ltr'><strong>quando</strong></span> <span class='ocrx_word' id='word_1_51' title='bbox 1719 649 1790 697; x_wconf 92' lang='lat' dir='ltr'><strong><em>sic</em></strong></span> <span class='ocrx_word' id='word_1_52' title='bbox 1828 665 1879 697; x_wconf 91' lang='lat' dir='ltr'><strong><em>se</em></strong></span> <span class='ocrx_word' id='word_1_53' title='bbox 1898 662 1982 702; x_wconf 80' lang='lat'><strong><em>705</em></strong></span> 
     </span>
     <span class='ocr_line' id='line_1_7' title="bbox 180 720 1880 785; baseline 0 -14"><span class='ocrx_word' id='word_1_54' title='bbox 180 721 400 771; x_wconf 87' lang='lat' dir='ltr'><strong><em>advertit</em></strong></span> <span class='ocrx_word' id='word_1_55' title='bbox 449 736 764 785; x_wconf 90' lang='lat' dir='ltr'><strong><em>oppressum,</em></strong></span> <span class='ocrx_word' id='word_1_56' title='bbox 812 723 873 769; x_wconf 93' lang='lat' dir='ltr'><strong><em>ut</em></strong></span> <span class='ocrx_word' id='word_1_57' title='bbox 919 720 1185 770; x_wconf 88' lang='lat' dir='ltr'><strong><em>resistendi</em></strong></span> <span class='ocrx_word' id='word_1_58' title='bbox 1232 721 1415 771; x_wconf 92' lang='lat' dir='ltr'><strong><em>fiducia</em></strong></span> <span class='ocrx_word' id='word_1_59' title='bbox 1462 737 1564 770; x_wconf 91' lang='lat' dir='ltr'><strong><em>non</em></strong></span> <span class='ocrx_word' id='word_1_60' title='bbox 1614 725 1743 772; x_wconf 86' lang='lat' dir='ltr'><strong><em>esset</em></strong></span> <span class='ocrx_word' id='word_1_61' title='bbox 1791 739 1880 771; x_wconf 89' lang='lat' dir='ltr'><strong>nec</strong></span> 
     </span>
     <span class='ocr_line' id='line_1_8' title="bbox 179 795 1880 860; baseline 0 -15"><span class='ocrx_word' id='word_1_62' title='bbox 179 811 291 860; x_wconf 90' lang='lat' dir='ltr'><strong><em>spes</em></strong></span> <span class='ocrx_word' id='word_1_63' title='bbox 329 796 436 844; x_wconf 86' lang='lat' dir='ltr'><strong>ulla</strong></span> <span class='ocrx_word' id='word_1_64' title='bbox 474 795 701 859; x_wconf 82' lang='lat' dir='ltr'><strong><em>fugiendi</em></strong></span> <span class='ocrx_word' id='word_1_65' title='bbox 739 797 1050 858; x_wconf 77' lang='lat' dir='ltr'><strong>suppeteret,</strong></span> <span class='ocrx_word' id='word_1_66' title='bbox 1080 795 1236 845; x_wconf 81' lang='lat' dir='ltr'><strong><em>vertit</em></strong></span> <span class='ocrx_word' id='word_1_67' title='bbox 1264 811 1316 844; x_wconf 91' lang='lat' dir='ltr'><strong><em>se</em></strong></span> <span class='ocrx_word' id='word_1_68' title='bbox 1348 796 1412 845; x_wconf 88' lang='lat' dir='ltr'><strong>ad</strong></span> <span class='ocrx_word' id='word_1_69' title='bbox 1443 796 1648 845; x_wconf 91' lang='lat' dir='ltr'><strong><em>solitum</em></strong></span> <span class='ocrx_word' id='word_1_70' title='bbox 1677 813 1880 859; x_wconf 88' lang='lat' dir='ltr'><strong><em>morem,</em></strong></span> 
     </span>
     <span class='ocr_line' id='line_1_9' title="bbox 177 868 1880 935; baseline 0.001 -16"><span class='ocrx_word' id='word_1_71' title='bbox 177 873 236 919; x_wconf 91' lang='lat' dir='ltr'><strong><em>ut</em></strong></span> <span class='ocrx_word' id='word_1_72' title='bbox 289 870 562 919; x_wconf 72' lang='lat' dir='ltr'><strong>declinaret</strong></span> <span class='ocrx_word' id='word_1_73' title='bbox 614 870 728 918; x_wconf 94' lang='lat' dir='ltr'><strong>dolo</strong></span> <span class='ocrx_word' id='word_1_74' title='bbox 787 868 921 933; x_wconf 92' lang='lat' dir='ltr'><strong><em>quod</em></strong></span> <span class='ocrx_word' id='word_1_75' title='bbox 974 869 1077 918; x_wconf 90' lang='lat' dir='ltr'><strong>alia</strong></span> <span class='ocrx_word' id='word_1_76' title='bbox 1131 871 1327 918; x_wconf 89' lang='lat' dir='ltr'><strong><em>ratione</em></strong></span> <span class='ocrx_word' id='word_1_77' title='bbox 1376 886 1476 919; x_wconf 92' lang='lat' dir='ltr'><strong><em>non</em></strong></span> <span class='ocrx_word' id='word_1_78' title='bbox 1525 873 1737 935; x_wconf 88' lang='lat' dir='ltr'><strong>poterat.</strong></span> <span class='ocrx_word' id='word_1_79' title='bbox 1800 872 1880 920; x_wconf 88' lang='lat' dir='ltr'><strong><em>his</em></strong></span> 
     </span>
     <span class='ocr_line' id='line_1_10' title="bbox 176 944 1882 1009; baseline 0 -15"><span class='ocrx_word' id='word_1_80' title='bbox 176 945 335 1009; x_wconf 87' lang='lat' dir='ltr'><strong><em>igitur</em></strong></span> <span class='ocrx_word' id='word_1_81' title='bbox 382 944 606 994; x_wconf 71' lang='lat' dir='ltr'><strong><em>instituit</em></strong></span> <span class='ocrx_word' id='word_1_82' title='bbox 651 945 814 1006; x_wconf 89' lang='lat' dir='ltr'><strong><em>loqui:</em></strong></span> <span class='ocrx_word' id='word_1_83' title='bbox 860 944 979 1004; x_wconf 76' lang='lat' dir='ltr'><strong><em>quid</em></strong></span> <span class='ocrx_word' id='word_1_84' title='bbox 1016 947 1118 992; x_wconf 87' lang='lat' dir='ltr'><strong><em>tam</em></strong></span> <span class='ocrx_word' id='word_1_85' title='bbox 1155 945 1418 1006; x_wconf 73' lang='lat' dir='ltr'><strong><em>eyreyium,</em></strong></span> <span class='ocrx_word' id='word_1_86' title='bbox 1457 946 1503 994; x_wconf 88' lang='lat' dir='ltr'><strong><em>si</em></strong></span> <span class='ocrx_word' id='word_1_87' title='bbox 1538 946 1728 1006; x_wconf 80' lang='lat' dir='ltr'><strong><em>femina</em></strong></span> <span class='ocrx_word' id='word_1_88' title='bbox 1763 947 1882 1006; x_wconf 78' lang='lat' dir='ltr'><strong><em>forti</em></strong></span> 
     </span>
     <span class='ocr_line' id='line_1_11' title="bbox 57 1018 1879 1082; baseline -0.001 -13"><span class='ocrx_word' id='word_1_89' title='bbox 57 1035 62 1052; x_wconf 79' lang='lat'><strong><em>⁴</em></strong></span> <span class='ocrx_word' id='word_1_90' title='bbox 105 1037 148 1070; x_wconf 82' lang='grc' dir='ltr'><strong><em>ιο</em></strong></span> <span class='ocrx_word' id='word_1_91' title='bbox 177 1020 295 1079; x_wconf 79' lang='lat' dir='ltr'><strong><em>fidis</em></strong></span> <span class='ocrx_word' id='word_1_92' title='bbox 334 1020 484 1079; x_wconf 76' lang='lat' dir='ltr'><strong><em>equo?</em></strong></span> <span class='ocrx_word' id='word_1_93' title='bbox 553 1018 770 1081; x_wconf 85' lang='lat' dir='ltr'><strong>praefers</strong></span> <span class='ocrx_word' id='word_1_94' title='bbox 808 1020 883 1079; x_wconf 88' lang='lat' dir='ltr'><strong><em>te,</em></strong></span> <span class='ocrx_word' id='word_1_95' title='bbox 920 1018 1110 1080; x_wconf 89' lang='lat' dir='ltr'><strong><em>inquit,</em></strong></span> <span class='ocrx_word' id='word_1_96' title='bbox 1151 1020 1202 1066; x_wconf 92' lang='lat' dir='ltr'><strong><em>et</em></strong></span> <span class='ocrx_word' id='word_1_97' title='bbox 1239 1018 1473 1082; x_wconf 88' lang='lat' dir='ltr'><strong><em>superbia</em></strong></span> <span class='ocrx_word' id='word_1_98' title='bbox 1511 1021 1631 1069; x_wconf 86' lang='lat' dir='ltr'><strong><em>vani</em></strong></span> <span class='ocrx_word' id='word_1_99' title='bbox 1667 1020 1879 1069; x_wconf 87' lang='lat' dir='ltr'><strong><em>tumoris</em></strong></span> 
     </span>
     <span class='ocr_line' id='line_1_12' title="bbox 179 1093 1879 1157; baseline 0.001 -15"><span class='ocrx_word' id='word_1_100' title='bbox 179 1094 449 1155; x_wconf 87' lang='lat' dir='ltr'><strong><em>attoHeris‚</em></strong></span> <span class='ocrx_word' id='word_1_101' title='bbox 488 1094 608 1155; x_wconf 89' lang='lat' dir='ltr'><strong><em>quia</em></strong></span> <span class='ocrx_word' id='word_1_102' title='bbox 646 1107 802 1156; x_wconf 90' lang='lat' dir='ltr'><strong><em>equus</em></strong></span> <span class='ocrx_word' id='word_1_103' title='bbox 840 1094 891 1141; x_wconf 93' lang='lat' dir='ltr'><strong><em>te</em></strong></span> <span class='ocrx_word' id='word_1_104' title='bbox 929 1093 1234 1141; x_wconf 88' lang='lat' dir='ltr'><strong><em>fortissimus</em></strong></span> <span class='ocrx_word' id='word_1_105' title='bbox 1272 1095 1465 1157; x_wconf 88' lang='lat' dir='ltr'><strong>portat,</strong></span> <span class='ocrx_word' id='word_1_106' title='bbox 1504 1093 1589 1142; x_wconf 88' lang='lat' dir='ltr'><strong><em>sed</em></strong></span> <span class='ocrx_word' id='word_1_107' title='bbox 1635 1110 1736 1143; x_wconf 92' lang='lat' dir='ltr'><strong><em>non</em></strong></span> <span class='ocrx_word' id='word_1_108' title='bbox 1773 1096 1879 1156; x_wconf 90' lang='lat' dir='ltr'><strong>tua,</strong></span> 
     </span>
     <span class='ocr_line' id='line_1_13' title="bbox 178 1167 1880 1231; baseline 0.001 -15"><span class='ocrx_word' id='word_1_109' title='bbox 178 1168 265 1216; x_wconf 90' lang='lat' dir='ltr'><strong><em>sed</em></strong></span> <span class='ocrx_word' id='word_1_110' title='bbox 321 1169 482 1231; x_wconf 90' lang='lat' dir='ltr'><strong><em>ipsius</em></strong></span> <span class='ocrx_word' id='word_1_111' title='bbox 531 1168 716 1216; x_wconf 85' lang='lat' dir='ltr'><strong><em>virtute</em></strong></span> <span class='ocrx_word' id='word_1_112' title='bbox 764 1168 1062 1229; x_wconf 85' lang='lat' dir='ltr'><strong><em>praesumis3</em></strong></span> <span class='ocrx_word' id='word_1_113' title='bbox 1118 1167 1319 1230; x_wconf 89' lang='lat' dir='ltr'><strong>quando</strong></span> <span class='ocrx_word' id='word_1_114' title='bbox 1377 1167 1509 1216; x_wconf 90' lang='lat' dir='ltr'><strong><em>enim</em></strong></span> <span class='ocrx_word' id='word_1_115' title='bbox 1557 1169 1725 1231; x_wconf 92' lang='lat' dir='ltr'><strong><em>potest</em></strong></span> <span class='ocrx_word' id='word_1_116' title='bbox 1774 1169 1880 1217; x_wconf 87' lang='lat' dir='ltr'><strong>ulla</strong></span> 
     </span>
     <span class='ocr_line' id='line_1_14' title="bbox 178 1240 1880 1302; baseline 0 -11"><span class='ocrx_word' id='word_1_117' title='bbox 178 1258 283 1291; x_wconf 89' lang='lat' dir='ltr'><strong><em>esse</em></strong></span> <span class='ocrx_word' id='word_1_118' title='bbox 332 1242 493 1291; x_wconf 85' lang='lat' dir='ltr'><strong><em>virtus</em></strong></span> <span class='ocrx_word' id='word_1_119' title='bbox 546 1243 599 1290; x_wconf 90' lang='lat' dir='ltr'><strong><em>in</em></strong></span> <span class='ocrx_word' id='word_1_120' title='bbox 649 1240 874 1289; x_wconf 78' lang='lat' dir='ltr'><strong><em>femina?</em></strong></span> <span class='ocrx_word' id='word_1_121' title='bbox 964 1242 1148 1289; x_wconf 80' lang='lat' dir='ltr'><strong><em>dimitte</em></strong></span> <span class='ocrx_word' id='word_1_122' title='bbox 1194 1243 1368 1302; x_wconf 74' lang='lat' dir='ltr'><strong><em>fuyam</em></strong></span> <span class='ocrx_word' id='word_1_123' title='bbox 1422 1245 1466 1290; x_wconf 88' lang='lat' dir='ltr'><strong><em>et</em></strong></span> <span class='ocrx_word' id='word_1_124' title='bbox 1516 1245 1560 1290; x_wconf 92' lang='lat' dir='ltr'><strong><em>te</em></strong></span> <span class='ocrx_word' id='word_1_125' title='bbox 1612 1244 1880 1292; x_wconf 79' lang='lat' dir='ltr'><strong><em>comminus</em></strong></span> 
     </span>
     <span class='ocr_line' id='line_1_15' title="bbox 178 1316 1879 1380; baseline 0.001 -16"><span class='ocrx_word' id='word_1_126' title='bbox 178 1331 330 1376; x_wconf 78' lang='lat' dir='ltr'><strong>aequo</strong></span> <span class='ocrx_word' id='word_1_127' title='bbox 374 1331 561 1364; x_wconf 86' lang='lat' dir='ltr'><strong><em>mecwm</em></strong></span> <span class='ocrx_word' id='word_1_128' title='bbox 606 1316 743 1364; x_wconf 86' lang='lat' dir='ltr'><strong><em>erede</em></strong></span> <span class='ocrx_word' id='word_1_129' title='bbox 787 1316 888 1364; x_wconf 83' lang='lat' dir='ltr'><strong><em>solo</em></strong></span> <span class='ocrx_word' id='word_1_130' title='bbox 925 1329 1218 1377; x_wconf 62' lang='lat' dir='ltr'><strong><em>pugnaeque</em></strong></span> <span class='ocrx_word' id='word_1_131' title='bbox 1256 1317 1450 1377; x_wconf 64' lang='lat' dir='ltr'><strong>accinge</strong></span> <span class='ocrx_word' id='word_1_132' title='bbox 1478 1317 1721 1376; x_wconf 79' lang='lat' dir='ltr'><strong><em>pedestri:</em></strong></span> <span class='ocrx_word' id='word_1_133' title='bbox 1759 1333 1879 1380; x_wconf 90' lang='lat' dir='ltr'><strong>qua-</strong></span> 
     </span>
     <span class='ocr_line' id='line_1_16' title="bbox 104 1390 1880 1454; baseline 0 -14"><span class='ocrx_word' id='word_1_134' title='bbox 104 1407 146 1440; x_wconf 88' lang='lat'><strong><em>15</em></strong></span> <span class='ocrx_word' id='word_1_135' title='bbox 176 1392 404 1454; x_wconf 87' lang='lat' dir='ltr'><strong>propter,</strong></span> <span class='ocrx_word' id='word_1_136' title='bbox 451 1391 495 1440; x_wconf 89' lang='lat' dir='ltr'><strong><em>si</em></strong></span> <span class='ocrx_word' id='word_1_137' title='bbox 541 1390 764 1452; x_wconf 85' lang='lat' dir='ltr'><strong>aliquam</strong></span> <span class='ocrx_word' id='word_1_138' title='bbox 801 1390 879 1438; x_wconf 90' lang='lat' dir='ltr'><strong><em>tui</em></strong></span> <span class='ocrx_word' id='word_1_139' title='bbox 915 1390 1152 1438; x_wconf 88' lang='lat' dir='ltr'><strong><em>fiduciam</em></strong></span> <span class='ocrx_word' id='word_1_140' title='bbox 1189 1391 1342 1454; x_wconf 83' lang='lat' dir='ltr'><strong><em>geriS‚</em></strong></span> <span class='ocrx_word' id='word_1_141' title='bbox 1381 1393 1609 1453; x_wconf 89' lang='lat' dir='ltr'><strong><em>petamus</em></strong></span> <span class='ocrx_word' id='word_1_142' title='bbox 1649 1406 1880 1454; x_wconf 88' lang='lat' dir='ltr'><strong>campum</strong></span> 
     </span>
     <span class='ocr_line' id='line_1_17' title="bbox 178 1464 1878 1529; baseline 0.001 -15"><span class='ocrx_word' id='word_1_143' title='bbox 178 1467 228 1514; x_wconf 91' lang='lat' dir='ltr'><strong><em>et</em></strong></span> <span class='ocrx_word' id='word_1_144' title='bbox 282 1479 442 1528; x_wconf 83' lang='lat' dir='ltr'><strong>aequa</strong></span> <span class='ocrx_word' id='word_1_145' title='bbox 491 1464 778 1514; x_wconf 88' lang='lat' dir='ltr'><strong><em>condicione</em></strong></span> <span class='ocrx_word' id='word_1_146' title='bbox 832 1465 1089 1512; x_wconf 81' lang='lat' dir='ltr'><strong><em>certemus,</em></strong></span> <span class='ocrx_word' id='word_1_147' title='bbox 1182 1465 1249 1513; x_wconf 89' lang='lat' dir='ltr'><strong><em>sit</em></strong></span> <span class='ocrx_word' id='word_1_148' title='bbox 1299 1464 1491 1513; x_wconf 88' lang='lat' dir='ltr'><strong><em>iustum</em></strong></span> <span class='ocrx_word' id='word_1_149' title='bbox 1542 1465 1675 1513; x_wconf 88' lang='lat' dir='ltr'><strong><em>inter</em></strong></span> <span class='ocrx_word' id='word_1_150' title='bbox 1732 1482 1878 1529; x_wconf 87' lang='lat' dir='ltr'><strong><em>pares</em></strong></span> 
     </span>
     <span class='ocr_line' id='line_1_18' title="bbox 175 1539 1878 1604; baseline 0.001 -17"><span class='ocrx_word' id='word_1_151' title='bbox 175 1555 377 1603; x_wconf 87' lang='lat' dir='ltr'><strong>pugnae</strong></span> <span class='ocrx_word' id='word_1_152' title='bbox 430 1541 680 1588; x_wconf 89' lang='lat' dir='ltr'><strong>certamen</strong></span> <span class='ocrx_word' id='word_1_153' title='bbox 734 1541 885 1601; x_wconf 90' lang='lat' dir='ltr'><strong>atque</strong></span> <span class='ocrx_word' id='word_1_154' title='bbox 941 1540 1182 1602; x_wconf 88' lang='lat' dir='ltr'><strong>appareat</strong></span> <span class='ocrx_word' id='word_1_155' title='bbox 1234 1539 1394 1588; x_wconf 84' lang='lat' dir='ltr'><strong><em>virtus</em></strong></span> <span class='ocrx_word' id='word_1_156' title='bbox 1455 1539 1658 1603; x_wconf 85' lang='lat' dir='ltr'><strong>propria</strong></span> <span class='ocrx_word' id='word_1_157' title='bbox 1716 1540 1878 1604; x_wconf 87' lang='lat' dir='ltr'><strong><em>magis</em></strong></span> 
     </span>
     <span class='ocr_line' id='line_1_19' title="bbox 178 1612 1880 1677; baseline 0.001 -16"><span class='ocrx_word' id='word_1_158' title='bbox 178 1629 332 1677; x_wconf 91' lang='lat' dir='ltr'><strong>quam</strong></span> <span class='ocrx_word' id='word_1_159' title='bbox 386 1612 587 1662; x_wconf 85' lang='lat' dir='ltr'><strong>aliunde</strong></span> <span class='ocrx_word' id='word_1_160' title='bbox 642 1613 886 1676; x_wconf 88' lang='lat' dir='ltr'><strong><em>quaesita.</em></strong></span> <span class='ocrx_word' id='word_1_161' title='bbox 976 1614 1080 1662; x_wconf 86' lang='lat' dir='ltr'><strong><em>iam</em></strong></span> <span class='ocrx_word' id='word_1_162' title='bbox 1131 1627 1299 1661; x_wconf 82' lang='lat' dir='ltr'><strong>nosces</strong></span> <span class='ocrx_word' id='word_1_163' title='bbox 1350 1617 1550 1662; x_wconf 80' lang='lat' dir='ltr'><strong><em>ventosa</em></strong></span> <span class='ocrx_word' id='word_1_164' title='bbox 1607 1616 1741 1675; x_wconf 82' lang='lat' dir='ltr'><strong><em>ferat</em></strong></span> <span class='ocrx_word' id='word_1_165' title='bbox 1800 1615 1880 1663; x_wconf 76' lang='lat' dir='ltr'><strong><em>eui</em></strong></span> 
     </span>
     <span class='ocr_line' id='line_1_20' title="bbox 173 1687 1878 1751; baseline 0.001 -16"><span class='ocrx_word' id='word_1_166' title='bbox 173 1689 335 1750; x_wconf 76' lang='lat' dir='ltr'><strong><em>yloria</em></strong></span> <span class='ocrx_word' id='word_1_167' title='bbox 388 1688 609 1736; x_wconf 79' lang='lat' dir='ltr'><strong><em>laudem:</em></strong></span> <span class='ocrx_word' id='word_1_168' title='bbox 669 1687 974 1750; x_wconf 83' lang='lat' dir='ltr'><strong><em>experiundo</em></strong></span> <span class='ocrx_word' id='word_1_169' title='bbox 1036 1703 1299 1751; x_wconf 88' lang='lat' dir='ltr'><strong>cognosces</strong></span> <span class='ocrx_word' id='word_1_170' title='bbox 1363 1687 1475 1750; x_wconf 84' lang='lat' dir='ltr'><strong><em>quis</em></strong></span> <span class='ocrx_word' id='word_1_171' title='bbox 1537 1687 1715 1737; x_wconf 90' lang='lat' dir='ltr'><strong><em>debeat</em></strong></span> <span class='ocrx_word' id='word_1_172' title='bbox 1773 1689 1878 1737; x_wconf 91' lang='lat' dir='ltr'><strong><em>iure</em></strong></span> 
     </span>
     <span class='ocr_line' id='line_1_21' title="bbox 102 1762 1878 1825; baseline 0.001 -14"><span class='ocrx_word' id='word_1_173' title='bbox 102 1778 147 1811; x_wconf 77' lang='lat' dir='ltr'><strong><em>so</em></strong></span> <span class='ocrx_word' id='word_1_174' title='bbox 175 1763 454 1825; x_wconf 89' lang='lat' dir='ltr'><strong><em>meritoque</em></strong></span> <span class='ocrx_word' id='word_1_175' title='bbox 483 1762 684 1811; x_wconf 87' lang='lat' dir='ltr'><strong>laudari</strong></span> <span class='ocrx_word' id='word_1_176' title='bbox 714 1763 765 1810; x_wconf 91' lang='lat' dir='ltr'><strong><em>et</em></strong></span> <span class='ocrx_word' id='word_1_177' title='bbox 796 1762 908 1824; x_wconf 90' lang='lat' dir='ltr'><strong><em>quis</em></strong></span> <span class='ocrx_word' id='word_1_178' title='bbox 939 1777 1029 1825; x_wconf 91' lang='lat' dir='ltr'><strong>per</strong></span> <span class='ocrx_word' id='word_1_179' title='bbox 1057 1763 1258 1810; x_wconf 88' lang='lat' dir='ltr'><strong><em>inanem</em></strong></span> <span class='ocrx_word' id='word_1_180' title='bbox 1287 1762 1583 1811; x_wconf 86' lang='lat' dir='ltr'><strong><em>iactantiam</em></strong></span> <span class='ocrx_word' id='word_1_181' title='bbox 1611 1762 1736 1813; x_wconf 86' lang='lat' dir='ltr'><strong><em>velit</em></strong></span> <span class='ocrx_word' id='word_1_182' title='bbox 1774 1778 1878 1812; x_wconf 90' lang='lat' dir='ltr'><strong><em>esse</em></strong></span> 
     </span>
     <span class='ocr_line' id='line_1_22' title="bbox 177 1836 1878 1901; baseline 0.001 -17"><span class='ocrx_word' id='word_1_183' title='bbox 177 1837 314 1900; x_wconf 88' lang='lat' dir='ltr'><strong><em>quod</em></strong></span> <span class='ocrx_word' id='word_1_184' title='bbox 350 1853 450 1884; x_wconf 92' lang='lat' dir='ltr'><strong><em>non</em></strong></span> <span class='ocrx_word' id='word_1_185' title='bbox 489 1838 577 1887; x_wconf 91' lang='lat' dir='ltr'><strong><em>est.</em></strong></span> <span class='ocrx_word' id='word_1_186' title='bbox 630 1838 840 1886; x_wconf 86' lang='lat' dir='ltr'><strong><em>ventosa</em></strong></span> <span class='ocrx_word' id='word_1_187' title='bbox 878 1836 1040 1901; x_wconf 87' lang='lat' dir='ltr'><strong>gloria</strong></span> <span class='ocrx_word' id='word_1_188' title='bbox 1079 1838 1155 1885; x_wconf 89' lang='lat' dir='ltr'><strong><em>est</em></strong></span> <span class='ocrx_word' id='word_1_189' title='bbox 1193 1852 1319 1898; x_wconf 87' lang='lat' dir='ltr'><strong>quae</strong></span> <span class='ocrx_word' id='word_1_190' title='bbox 1358 1837 1409 1884; x_wconf 92' lang='lat' dir='ltr'><strong><em>in</em></strong></span> <span class='ocrx_word' id='word_1_191' title='bbox 1447 1836 1611 1886; x_wconf 79' lang='lat' dir='ltr'><strong><em>verbis</em></strong></span> <span class='ocrx_word' id='word_1_192' title='bbox 1651 1838 1740 1899; x_wconf 90' lang='lat' dir='ltr'><strong><em>est,</em></strong></span> <span class='ocrx_word' id='word_1_193' title='bbox 1777 1853 1878 1886; x_wconf 91' lang='lat' dir='ltr'><strong><em>non</em></strong></span> 
     </span>
     <span class='ocr_line' id='line_1_23' title="bbox 176 1910 1879 1975; baseline 0.001 -17"><span class='ocrx_word' id='word_1_194' title='bbox 176 1911 230 1959; x_wconf 91' lang='lat' dir='ltr'><strong><em>in</em></strong></span> <span class='ocrx_word' id='word_1_195' title='bbox 279 1927 334 1959; x_wconf 88' lang='lat' dir='ltr'><strong>re</strong></span> <span class='ocrx_word' id='word_1_196' title='bbox 384 1913 434 1958; x_wconf 89' lang='lat' dir='ltr'><strong><em>et</em></strong></span> <span class='ocrx_word' id='word_1_197' title='bbox 483 1913 559 1959; x_wconf 88' lang='lat' dir='ltr'><strong><em>est</em></strong></span> <span class='ocrx_word' id='word_1_198' title='bbox 606 1913 666 1960; x_wconf 89' lang='lat' dir='ltr'><strong><em>ut</em></strong></span> <span class='ocrx_word' id='word_1_199' title='bbox 713 1913 893 1960; x_wconf 88' lang='lat' dir='ltr'><strong><em>ventus</em></strong></span> <span class='ocrx_word' id='word_1_200' title='bbox 945 1910 1033 1973; x_wconf 94' lang='lat' dir='ltr'><strong><em>qui</em></strong></span> <span class='ocrx_word' id='word_1_201' title='bbox 1080 1911 1266 1959; x_wconf 85' lang='lat' dir='ltr'><strong><em>transit</em></strong></span> <span class='ocrx_word' id='word_1_202' title='bbox 1313 1927 1403 1972; x_wconf 90' lang='lat' dir='ltr'><strong>per</strong></span> <span class='ocrx_word' id='word_1_203' title='bbox 1450 1926 1567 1960; x_wconf 84' lang='lat' dir='ltr'><strong>aera</strong></span> <span class='ocrx_word' id='word_1_204' title='bbox 1615 1927 1705 1960; x_wconf 88' lang='lat' dir='ltr'><strong>nec</strong></span> <span class='ocrx_word' id='word_1_205' title='bbox 1744 1911 1879 1975; x_wconf 90' lang='lat' dir='ltr'><strong>apud</strong></span> 
     </span>
     <span class='ocr_line' id='line_1_24' title="bbox 178 1984 1878 2048; baseline 0.002 -16"><span class='ocrx_word' id='word_1_206' title='bbox 178 1984 396 2047; x_wconf 88' lang='lat' dir='ltr'><strong>aliquem</strong></span> <span class='ocrx_word' id='word_1_207' title='bbox 434 1987 525 2033; x_wconf 93' lang='lat' dir='ltr'><strong>aut</strong></span> <span class='ocrx_word' id='word_1_208' title='bbox 562 1985 731 2048; x_wconf 89' lang='lat' dir='ltr'><strong><em>aliquo</em></strong></span> <span class='ocrx_word' id='word_1_209' title='bbox 769 1986 823 2033; x_wconf 92' lang='lat' dir='ltr'><strong><em>in</em></strong></span> <span class='ocrx_word' id='word_1_210' title='bbox 860 1986 970 2034; x_wconf 92' lang='lat' dir='ltr'><strong>loco</strong></span> <span class='ocrx_word' id='word_1_211' title='bbox 1010 1984 1253 2034; x_wconf 86' lang='lat' dir='ltr'><strong><em>consistit.</em></strong></span> <span class='ocrx_word' id='word_1_212' title='bbox 1308 1985 1450 2042; x_wconf 77' lang='lat' dir='ltr'><strong><em>dixit,</em></strong></span> <span class='ocrx_word' id='word_1_213' title='bbox 1491 1988 1543 2034; x_wconf 86' lang='lat' dir='ltr'><strong><em>at</em></strong></span> <span class='ocrx_word' id='word_1_214' title='bbox 1578 1985 1669 2033; x_wconf 84' lang='lat' dir='ltr'><strong><em>illa</em></strong></span> <span class='ocrx_word' id='word_1_215' title='bbox 1705 1986 1878 2045; x_wconf 79' lang='lat' dir='ltr'><strong><em>furens</em></strong></span> 
     </span>
     <span class='ocr_line' id='line_1_25' title="bbox 178 2059 1980 2120; baseline 0.002 -14"><span class='ocrx_word' id='word_1_216' title='bbox 178 2060 375 2118; x_wconf 78' lang='lat' dir='ltr'><strong><em>aerique</em></strong></span> <span class='ocrx_word' id='word_1_217' title='bbox 428 2072 632 2108; x_wconf 80' lang='lat' dir='ltr'><strong><em>aceensa</em></strong></span> <span class='ocrx_word' id='word_1_218' title='bbox 686 2060 848 2108; x_wconf 84' lang='lat' dir='ltr'><strong><em>dolore</em></strong></span> <span class='ocrx_word' id='word_1_219' title='bbox 902 2059 1054 2107; x_wconf 82' lang='lat' dir='ltr'><strong><em>tradit</em></strong></span> <span class='ocrx_word' id='word_1_220' title='bbox 1122 2073 1296 2120; x_wconf 76' lang='lat' dir='ltr'><strong><em>equum</em></strong></span> <span class='ocrx_word' id='word_1_221' title='bbox 1357 2059 1518 2108; x_wconf 87' lang='lat' dir='ltr'><strong><em>comiti</em></strong></span> <span class='ocrx_word' id='word_1_222' title='bbox 1573 2061 1878 2120; x_wconf 79' lang='lat' dir='ltr'><strong><em>paribusque</em></strong></span> <span class='ocrx_word' id='word_1_223' title='bbox 1896 2070 1980 2110; x_wconf 83' lang='lat'><strong><em>710</em></strong></span> 
     </span>
     <span class='ocr_line' id='line_1_26' title="bbox 103 2132 1876 2197; baseline 0.001 -17"><span class='ocrx_word' id='word_1_224' title='bbox 103 2147 146 2181; x_wconf 75' lang='lat'><strong><em>25</em></strong></span> <span class='ocrx_word' id='word_1_225' title='bbox 176 2134 356 2181; x_wconf 82' lang='lat' dir='ltr'><strong><em>resistit</em></strong></span> <span class='ocrx_word' id='word_1_226' title='bbox 393 2133 448 2180; x_wconf 76' lang='lat' dir='ltr'><strong><em>in</em></strong></span> <span class='ocrx_word' id='word_1_227' title='bbox 494 2134 672 2185; x_wconf 85' lang='lat' dir='ltr'><strong><em>armis:</em></strong></span> <span class='ocrx_word' id='word_1_228' title='bbox 715 2149 831 2182; x_wconf 83' lang='lat' dir='ltr'><strong><em>mox</em></strong></span> <span class='ocrx_word' id='word_1_229' title='bbox 875 2135 934 2182; x_wconf 86' lang='lat' dir='ltr'><strong><em>ut</em></strong></span> <span class='ocrx_word' id='word_1_230' title='bbox 977 2133 1068 2181; x_wconf 89' lang='lat' dir='ltr'><strong>illa</strong></span> <span class='ocrx_word' id='word_1_231' title='bbox 1114 2132 1327 2181; x_wconf 88' lang='lat' dir='ltr'><strong>audacia</strong></span> <span class='ocrx_word' id='word_1_232' title='bbox 1364 2133 1516 2182; x_wconf 83' lang='lat' dir='ltr'><strong>verba</strong></span> <span class='ocrx_word' id='word_1_233' title='bbox 1555 2135 1876 2197; x_wconf 89' lang='lat' dir='ltr'><strong><em>consumpsit,</em></strong></span> 
     </span>
     <span class='ocr_line' id='line_1_27' title="bbox 180 2206 1878 2273; baseline 0.001 -19"><span class='ocrx_word' id='word_1_234' title='bbox 180 2206 420 2255; x_wconf 86' lang='lat' dir='ltr'><strong>Camillae</strong></span> <span class='ocrx_word' id='word_1_235' title='bbox 460 2207 602 2256; x_wconf 92' lang='lat' dir='ltr'><strong>dolor</strong></span> <span class='ocrx_word' id='word_1_236' title='bbox 639 2207 789 2256; x_wconf 90' lang='lat' dir='ltr'><strong><em>simul</em></strong></span> <span class='ocrx_word' id='word_1_237' title='bbox 828 2210 878 2257; x_wconf 93' lang='lat' dir='ltr'><strong><em>et</em></strong></span> <span class='ocrx_word' id='word_1_238' title='bbox 915 2207 1055 2256; x_wconf 89' lang='lat' dir='ltr'><strong>furor</strong></span> <span class='ocrx_word' id='word_1_239' title='bbox 1093 2208 1279 2257; x_wconf 86' lang='lat' dir='ltr'><strong><em>excitus</em></strong></span> <span class='ocrx_word' id='word_1_240' title='bbox 1311 2209 1407 2269; x_wconf 89' lang='lat' dir='ltr'><strong><em>est,</em></strong></span> <span class='ocrx_word' id='word_1_241' title='bbox 1440 2210 1688 2257; x_wconf 87' lang='lat' dir='ltr'><strong><em>commota</em></strong></span> <span class='ocrx_word' id='word_1_242' title='bbox 1718 2209 1878 2273; x_wconf 86' lang='lat' dir='ltr'><strong><em>igitur</em></strong></span> 
     </span>
     <span class='ocr_line' id='line_1_28' title="bbox 175 2281 1875 2344; baseline 0.001 -14"><span class='ocrx_word' id='word_1_243' title='bbox 175 2281 388 2330; x_wconf 84' lang='lat' dir='ltr'><strong><em>tradidit</em></strong></span> <span class='ocrx_word' id='word_1_244' title='bbox 426 2297 610 2344; x_wconf 91' lang='lat' dir='ltr'><strong><em>equum</em></strong></span> <span class='ocrx_word' id='word_1_245' title='bbox 648 2283 820 2331; x_wconf 91' lang='lat' dir='ltr'><strong><em>comiti</em></strong></span> <span class='ocrx_word' id='word_1_246' title='bbox 865 2297 984 2330; x_wconf 82' lang='lat' dir='ltr'><strong><em>suae</em></strong></span> <span class='ocrx_word' id='word_1_247' title='bbox 1024 2283 1074 2330; x_wconf 89' lang='lat' dir='ltr'><strong><em>et</em></strong></span> <span class='ocrx_word' id='word_1_248' title='bbox 1116 2285 1175 2331; x_wconf 91' lang='lat' dir='ltr'><strong><em>ut</em></strong></span> <span class='ocrx_word' id='word_1_249' title='bbox 1219 2281 1319 2330; x_wconf 79' lang='lat' dir='ltr'><strong><em>fuit</em></strong></span> <span class='ocrx_word' id='word_1_250' title='bbox 1364 2286 1559 2332; x_wconf 88' lang='lat' dir='ltr'><strong>armata</strong></span> <span class='ocrx_word' id='word_1_251' title='bbox 1604 2282 1675 2331; x_wconf 90' lang='lat' dir='ltr'><strong><em>sic</em></strong></span> <span class='ocrx_word' id='word_1_252' title='bbox 1721 2284 1875 2331; x_wconf 89' lang='lat' dir='ltr'><strong><em>stetit.</em></strong></span> 
     </span>
     <span class='ocr_line' id='line_1_29' title="bbox 178 2356 1877 2419; baseline 0.001 -16"><span class='ocrx_word' id='word_1_253' title='bbox 178 2369 290 2404; x_wconf 78' lang='lat' dir='ltr'><strong><em>ense</em></strong></span> <span class='ocrx_word' id='word_1_254' title='bbox 331 2356 482 2416; x_wconf 88' lang='lat' dir='ltr'><strong><em>pedes</em></strong></span> <span class='ocrx_word' id='word_1_255' title='bbox 530 2356 662 2404; x_wconf 77' lang='lat' dir='ltr'><strong><em>nudo</em></strong></span> <span class='ocrx_word' id='word_1_256' title='bbox 704 2371 933 2416; x_wconf 76' lang='lat' dir='ltr'><strong><em>puraque</em></strong></span> <span class='ocrx_word' id='word_1_257' title='bbox 981 2357 1206 2404; x_wconf 78' lang='lat' dir='ltr'><strong><em>interrita</em></strong></span> <span class='ocrx_word' id='word_1_258' title='bbox 1238 2371 1448 2416; x_wconf 85' lang='lat' dir='ltr'><strong><em>parma:</em></strong></span> <span class='ocrx_word' id='word_1_259' title='bbox 1498 2372 1649 2419; x_wconf 88' lang='lat' dir='ltr'><strong>quam</strong></span> <span class='ocrx_word' id='word_1_260' title='bbox 1687 2357 1785 2405; x_wconf 91' lang='lat' dir='ltr'><strong><em>cito</em></strong></span> <span class='ocrx_word' id='word_1_261' title='bbox 1826 2359 1877 2406; x_wconf 91' lang='lat' dir='ltr'><strong><em>et</em></strong></span> 
     </span>
     <span class='ocr_line' id='line_1_30' title="bbox 177 2429 1875 2495; baseline 0.001 -17"><span class='ocrx_word' id='word_1_262' title='bbox 177 2430 372 2478; x_wconf 85' lang='lat' dir='ltr'><strong><em>stetisse</em></strong></span> <span class='ocrx_word' id='word_1_263' title='bbox 406 2445 515 2477; x_wconf 88' lang='lat' dir='ltr'><strong>eam</strong></span> <span class='ocrx_word' id='word_1_264' title='bbox 548 2429 676 2478; x_wconf 87' lang='lat' dir='ltr'><strong><em>dixit</em></strong></span> <span class='ocrx_word' id='word_1_265' title='bbox 704 2430 914 2492; x_wconf 88' lang='lat' dir='ltr'><strong><em>pedibus</em></strong></span> <span class='ocrx_word' id='word_1_266' title='bbox 947 2430 1051 2478; x_wconf 89' lang='lat' dir='ltr'><strong><em>suis</em></strong></span> <span class='ocrx_word' id='word_1_267' title='bbox 1083 2433 1135 2479; x_wconf 91' lang='lat' dir='ltr'><strong><em>et</em></strong></span> <span class='ocrx_word' id='word_1_268' title='bbox 1164 2430 1354 2478; x_wconf 91' lang='lat' dir='ltr'><strong><em>nudum</em></strong></span> <span class='ocrx_word' id='word_1_269' title='bbox 1378 2431 1604 2495; x_wconf 88' lang='lat' dir='ltr'><strong><em>gladium</em></strong></span> <span class='ocrx_word' id='word_1_270' title='bbox 1627 2430 1875 2492; x_wconf 88' lang='lat' dir='ltr'><strong><em>habuisse,</em></strong></span> 
     </span>
     <span class='ocr_line' id='line_1_31' title="bbox 104 2503 1874 2568; baseline 0.001 -18"><span class='ocrx_word' id='word_1_271' title='bbox 104 2517 148 2549; x_wconf 76' lang='lat' dir='ltr'><strong><em>so</em></strong></span> <span class='ocrx_word' id='word_1_272' title='bbox 177 2506 413 2566; x_wconf 86' lang='lat' dir='ltr'><strong>paratum</strong></span> <span class='ocrx_word' id='word_1_273' title='bbox 452 2503 642 2552; x_wconf 89' lang='lat' dir='ltr'><strong><em>scilicet</em></strong></span> <span class='ocrx_word' id='word_1_274' title='bbox 679 2503 741 2551; x_wconf 83' lang='lat' dir='ltr'><strong>ad</strong></span> <span class='ocrx_word' id='word_1_275' title='bbox 779 2503 1075 2552; x_wconf 84' lang='lat' dir='ltr'><strong><em>feriendum!</em></strong></span> <span class='ocrx_word' id='word_1_276' title='bbox 1151 2520 1279 2568; x_wconf 88' lang='lat' dir='ltr'><strong>pura</strong></span> <span class='ocrx_word' id='word_1_277' title='bbox 1316 2520 1514 2567; x_wconf 80' lang='lat' dir='ltr'><strong>parma,</strong></span> <span class='ocrx_word' id='word_1_278' title='bbox 1552 2505 1644 2552; x_wconf 90' lang='lat' dir='ltr'><strong><em>hoc</em></strong></span> <span class='ocrx_word' id='word_1_279' title='bbox 1683 2506 1760 2552; x_wconf 90' lang='lat' dir='ltr'><strong><em>est</em></strong></span> <span class='ocrx_word' id='word_1_280' title='bbox 1797 2521 1874 2553; x_wconf 86' lang='lat' dir='ltr'><strong>ex·</strong></span> 
     </span>
     <span class='ocr_line' id='line_1_32' title="bbox 177 2577 1875 2641; baseline 0.001 -16"><span class='ocrx_word' id='word_1_281' title='bbox 177 2577 350 2640; x_wconf 91' lang='lat' dir='ltr'><strong><em>pedita</em></strong></span> <span class='ocrx_word' id='word_1_282' title='bbox 388 2580 438 2626; x_wconf 89' lang='lat' dir='ltr'><strong><em>et</em></strong></span> <span class='ocrx_word' id='word_1_283' title='bbox 476 2579 581 2626; x_wconf 88' lang='lat' dir='ltr'><strong><em>sine</em></strong></span> <span class='ocrx_word' id='word_1_284' title='bbox 611 2577 851 2640; x_wconf 85' lang='lat' dir='ltr'><strong>pondere3</strong></span> <span class='ocrx_word' id='word_1_285' title='bbox 890 2578 1032 2627; x_wconf 86' lang='lat' dir='ltr'><strong><em>stetit</em></strong></span> <span class='ocrx_word' id='word_1_286' title='bbox 1061 2581 1230 2628; x_wconf 86' lang='lat' dir='ltr'><strong><em>autem</em></strong></span> <span class='ocrx_word' id='word_1_287' title='bbox 1259 2579 1398 2627; x_wconf 89' lang='lat' dir='ltr'><strong>nullo</strong></span> <span class='ocrx_word' id='word_1_288' title='bbox 1431 2578 1732 2627; x_wconf 91' lang='lat' dir='ltr'><strong><em>condicionis</em></strong></span> <span class='ocrx_word' id='word_1_289' title='bbox 1763 2594 1875 2641; x_wconf 90' lang='lat' dir='ltr'><strong>pro·</strong></span> 
     </span>
    </p>
   </div>
   <div class='ocr_carea' id='block_1_3' title="bbox 177 2671 535 2677">
    <p class='ocr_par' dir='ltr' id='par_1_3' title="bbox 177 2671 535 2677">
     <span class='ocr_line' id='line_1_33' title="bbox 177 2671 535 2677; baseline 0 0"><span class='ocrx_word' id='word_1_290' title='bbox 177 2671 535 2677; x_wconf 95' lang='lat' dir='ltr'><strong><em> </em></strong></span> 
     </span>
    </p>
   </div>
   <div class='ocr_carea' id='block_1_4' title="bbox 300 2733 1871 2780">
    <p class='ocr_par' dir='ltr' id='par_1_4' title="bbox 300 2733 1871 2780">
     <span class='ocr_line' id='line_1_34' title="bbox 300 2733 1871 2780; baseline -0.001 -1"><span class='ocrx_word' id='word_1_291' title='bbox 300 2739 323 2779; x_wconf 88' lang='lat'>1</span> <span class='ocrx_word' id='word_1_292' title='bbox 367 2735 451 2779; x_wconf 83' lang='lat' dir='ltr'><strong><em>iste</em></strong></span> <span class='ocrx_word' id='word_1_293' title='bbox 485 2734 527 2777; x_wconf 91' lang='lat' dir='ltr'><strong>V</strong></span> <span class='ocrx_word' id='word_1_294' title='bbox 568 2735 646 2778; x_wconf 84' lang='lat' dir='ltr'><strong><em>ille</em></strong></span> <span class='ocrx_word' id='word_1_295' title='bbox 688 2734 759 2778; x_wconf 92' lang='lat' dir='ltr'><strong><em>ed.</em></strong></span> <span class='ocrx_word' id='word_1_296' title='bbox 892 2739 920 2778; x_wconf 85' lang='lat'>4</span> <span class='ocrx_word' id='word_1_297' title='bbox 962 2735 1156 2780; x_wconf 80' lang='lat' dir='ltr'><strong><em>consilia</em></strong></span> <span class='ocrx_word' id='word_1_298' title='bbox 1193 2735 1248 2778; x_wconf 93' lang='lat' dir='ltr'><strong><em>V.</em></strong></span> <span class='ocrx_word' id='word_1_299' title='bbox 1388 2739 1413 2778; x_wconf 84' lang='lat'>5</span> <span class='ocrx_word' id='word_1_300' title='bbox 1458 2739 1500 2779; x_wconf 88' lang='lat' dir='ltr'><strong><em>et</em></strong></span> <span class='ocrx_word' id='word_1_301' title='bbox 1540 2739 1645 2778; x_wconf 84' lang='lat' dir='ltr'><strong><em>astu</em></strong></span> <span class='ocrx_word' id='word_1_302' title='bbox 1688 2747 1776 2778; x_wconf 91' lang='lat' dir='ltr'><strong><em>om.</em></strong></span> <span class='ocrx_word' id='word_1_303' title='bbox 1816 2733 1871 2778; x_wconf 88' lang='lat' dir='ltr'><strong><em>V.</em></strong></span> 
     </span>
    </p>
   </div>
   <div class='ocr_carea' id='block_1_5' title="bbox 180 2792 1871 2968">
    <p class='ocr_par' dir='ltr' id='par_1_5' title="bbox 180 2792 1871 2968">
     <span class='ocr_line' id='line_1_35' title="bbox 180 2792 1871 2853; baseline 0.002 -18"><span class='ocrx_word' id='word_1_304' title='bbox 180 2796 236 2836; x_wconf 92' lang='lat'><strong><em>10</em></strong></span> <span class='ocrx_word' id='word_1_305' title='bbox 276 2794 486 2850; x_wconf 82' lang='lat' dir='ltr'><strong><em>praefers</em></strong></span> <span class='ocrx_word' id='word_1_306' title='bbox 535 2798 577 2838; x_wconf 87' lang='lat' dir='ltr'><strong><em>te</em></strong></span> <span class='ocrx_word' id='word_1_307' title='bbox 618 2793 660 2836; x_wconf 98' lang='lat' dir='ltr'><strong>V</strong></span> <span class='ocrx_word' id='word_1_308' title='bbox 707 2798 750 2838; x_wconf 86' lang='lat' dir='ltr'><strong><em>te</em></strong></span> <span class='ocrx_word' id='word_1_309' title='bbox 795 2807 883 2837; x_wconf 90' lang='lat' dir='ltr'><strong><em>om.</em></strong></span> <span class='ocrx_word' id='word_1_310' title='bbox 924 2793 996 2839; x_wconf 89' lang='lat' dir='ltr'><strong><em>ed.</em></strong></span> <span class='ocrx_word' id='word_1_311' title='bbox 1062 2795 1066 2853; x_wconf 89' lang='grc' dir='ltr'>Ι</span> <span class='ocrx_word' id='word_1_312' title='bbox 1134 2796 1395 2839; x_wconf 81' lang='lat' dir='ltr'><strong><em>vanitatum</em></strong></span> <span class='ocrx_word' id='word_1_313' title='bbox 1433 2794 1526 2838; x_wconf 86' lang='lat' dir='ltr'><strong><em>oris</em></strong></span> <span class='ocrx_word' id='word_1_314' title='bbox 1563 2792 1606 2836; x_wconf 97' lang='lat' dir='ltr'><strong>V</strong></span> <span class='ocrx_word' id='word_1_315' title='bbox 1645 2807 1759 2837; x_wconf 87' lang='lat' dir='ltr'><strong>corr.</strong></span> <span class='ocrx_word' id='word_1_316' title='bbox 1800 2793 1871 2838; x_wconf 90' lang='lat' dir='ltr'><strong><em>ed.</em></strong></span> 
     </span>
     <span class='ocr_line' id='line_1_36' title="bbox 180 2852 1870 2908; baseline 0.002 -14"><span class='ocrx_word' id='word_1_317' title='bbox 180 2855 234 2895; x_wconf 92' lang='lat'><strong><em>11</em></strong></span> <span class='ocrx_word' id='word_1_318' title='bbox 259 2853 338 2897; x_wconf 87' lang='lat' dir='ltr'><strong><em>sed</em></strong></span> <span class='ocrx_word' id='word_1_319' title='bbox 366 2852 522 2897; x_wconf 76' lang='lat' dir='ltr'><strong>nonV</strong></span> <span class='ocrx_word' id='word_1_320' title='bbox 554 2857 595 2896; x_wconf 85' lang='lat' dir='ltr'><strong><em>et</em></strong></span> <span class='ocrx_word' id='word_1_321' title='bbox 624 2867 668 2896; x_wconf 77' lang='grc' dir='ltr'><strong><em>π.</em></strong></span> <span class='ocrx_word' id='word_1_322' title='bbox 703 2852 775 2896; x_wconf 88' lang='lat' dir='ltr'><strong><em>ed.</em></strong></span> <span class='ocrx_word' id='word_1_323' title='bbox 899 2857 954 2896; x_wconf 86' lang='lat'><strong><em>13</em></strong></span> <span class='ocrx_word' id='word_1_324' title='bbox 987 2858 1028 2898; x_wconf 88' lang='lat' dir='ltr'><strong><em>et</em></strong></span> <span class='ocrx_word' id='word_1_325' title='bbox 1057 2859 1099 2898; x_wconf 86' lang='lat' dir='ltr'><strong><em>te</em></strong></span> <span class='ocrx_word' id='word_1_326' title='bbox 1122 2853 1165 2898; x_wconf 98' lang='lat' dir='ltr'><strong>V</strong></span> <span class='ocrx_word' id='word_1_327' title='bbox 1196 2859 1239 2897; x_wconf 84' lang='lat' dir='ltr'><strong><em>et</em></strong></span> <span class='ocrx_word' id='word_1_328' title='bbox 1272 2867 1359 2896; x_wconf 93' lang='lat' dir='ltr'><strong><em>om.</em></strong></span> <span class='ocrx_word' id='word_1_329' title='bbox 1393 2852 1471 2898; x_wconf 90' lang='lat' dir='ltr'><strong><em>ed.</em></strong></span> <span class='ocrx_word' id='word_1_330' title='bbox 1500 2865 1613 2895; x_wconf 90' lang='lat' dir='ltr'><strong>corr.</strong></span> <span class='ocrx_word' id='word_1_331' title='bbox 1647 2853 1718 2896; x_wconf 90' lang='lat' dir='ltr'><strong><em>ed</em></strong></span> <span class='ocrx_word' id='word_1_332' title='bbox 1751 2854 1870 2908; x_wconf 82' lang='lat' dir='ltr'><strong><em>post.</em></strong></span> 
     </span>
     <span class='ocr_line' id='line_1_37' title="bbox 180 2910 1871 2968; baseline 0 -14"><span class='ocrx_word' id='word_1_333' title='bbox 180 2915 236 2954; x_wconf 83' lang='lat'><strong><em>23</em></strong></span> <span class='ocrx_word' id='word_1_334' title='bbox 268 2912 388 2956; x_wconf 84' lang='lat' dir='ltr'><strong>alico</strong></span> <span class='ocrx_word' id='word_1_335' title='bbox 409 2911 466 2956; x_wconf 91' lang='lat' dir='ltr'><strong><em>V.</em></strong></span> <span class='ocrx_word' id='word_1_336' title='bbox 588 2916 644 2955; x_wconf 84' lang='grc'><strong><em>26</em></strong></span> <span class='ocrx_word' id='word_1_337' title='bbox 675 2912 813 2956; x_wconf 80' lang='lat' dir='ltr'><strong><em>simul</em></strong></span> <span class='ocrx_word' id='word_1_338' title='bbox 843 2925 931 2956; x_wconf 90' lang='lat' dir='ltr'><strong><em>om.</em></strong></span> <span class='ocrx_word' id='word_1_339' title='bbox 957 2912 1029 2956; x_wconf 90' lang='lat' dir='ltr'><strong><em>ed.</em></strong></span> <span class='ocrx_word' id='word_1_340' title='bbox 1152 2917 1207 2956; x_wconf 84' lang='lat'><strong><em>28</em></strong></span> <span class='ocrx_word' id='word_1_341' title='bbox 1239 2927 1375 2968; x_wconf 76' lang='lat' dir='ltr'><strong><em>quam</em></strong></span> <span class='ocrx_word' id='word_1_342' title='bbox 1406 2913 1492 2956; x_wconf 84' lang='lat' dir='ltr'><strong><em>cito</em></strong></span> <span class='ocrx_word' id='word_1_343' title='bbox 1515 2910 1557 2953; x_wconf 93' lang='lat' dir='ltr'><strong>V</strong></span> <span class='ocrx_word' id='word_1_344' title='bbox 1588 2913 1700 2967; x_wconf 80' lang='lat' dir='ltr'><strong><em>quia</em></strong></span> <span class='ocrx_word' id='word_1_345' title='bbox 1730 2926 1766 2956; x_wconf 87' lang='lat' dir='ltr'><strong><em>c.</em></strong></span> <span class='ocrx_word' id='word_1_346' title='bbox 1799 2912 1871 2956; x_wconf 88' lang='lat' dir='ltr'><strong><em>ed.</em></strong></span> 
     </span>
    </p>
   </div>
   <div class='ocr_carea' id='block_1_6' title="bbox 179 2971 1873 3086">
    <p class='ocr_par' dir='ltr' id='par_1_6' title="bbox 179 2971 1873 3086">
     <span class='ocr_line' id='line_1_38' title="bbox 180 2971 1873 3028; baseline 0.002 -16"><span class='ocrx_word' id='word_1_347' title='bbox 180 2974 237 3013; x_wconf 87' lang='grc'><strong><em>30</em></strong></span> <span class='ocrx_word' id='word_1_348' title='bbox 264 2984 473 3027; x_wconf 75' lang='lat' dir='ltr'><strong>pua-aque</strong></span> <span class='ocrx_word' id='word_1_349' title='bbox 503 2972 611 3026; x_wconf 87' lang='lat' dir='ltr'><strong><em>post</em></strong></span> <span class='ocrx_word' id='word_1_350' title='bbox 635 2976 857 3026; x_wconf 83' lang='lat' dir='ltr'><strong><em>paratum</em></strong></span> <span class='ocrx_word' id='word_1_351' title='bbox 886 2971 1046 3028; x_wconf 89' lang='lat' dir='ltr'><strong><em>inepte</em></strong></span> <span class='ocrx_word' id='word_1_352' title='bbox 1076 2972 1298 3027; x_wconf 87' lang='lat' dir='ltr'><strong><em>interpos.</em></strong></span> <span class='ocrx_word' id='word_1_353' title='bbox 1325 2971 1440 3015; x_wconf 85' lang='lat' dir='ltr'><strong><em>edF.</em></strong></span> <span class='ocrx_word' id='word_1_354' title='bbox 1551 2975 1603 3014; x_wconf 86' lang='lat'><strong><em>31</em></strong></span> <span class='ocrx_word' id='word_1_355' title='bbox 1631 2972 1873 3027; x_wconf 86' lang='lat' dir='ltr'><strong><em>proposita</em></strong></span> 
     </span>
     <span class='ocr_line' id='line_1_39' title="bbox 179 3028 1150 3086; baseline 0.003 -14"><span class='ocrx_word' id='word_1_356' title='bbox 179 3034 221 3073; x_wconf 83' lang='lat' dir='ltr'><strong><em>et</em></strong></span> <span class='ocrx_word' id='word_1_357' title='bbox 243 3028 286 3072; x_wconf 95' lang='lat' dir='ltr'><strong>V</strong></span> <span class='ocrx_word' id='word_1_358' title='bbox 310 3031 572 3086; x_wconf 75' lang='lat' dir='ltr'><strong><em>propositae</em></strong></span> <span class='ocrx_word' id='word_1_359' title='bbox 602 3043 686 3073; x_wconf 81' lang='lat' dir='ltr'><strong><em>nos</em></strong></span> <span class='ocrx_word' id='word_1_360' title='bbox 717 3031 937 3086; x_wconf 87' lang='lat' dir='ltr'><strong><em>impedita</em></strong></span> <span class='ocrx_word' id='word_1_361' title='bbox 966 3036 1049 3075; x_wconf 80' lang='lat' dir='ltr'><strong><em>aut</em></strong></span> <span class='ocrx_word' id='word_1_362' title='bbox 1079 3031 1150 3075; x_wconf 90' lang='lat' dir='ltr'><strong><em>ed.</em></strong></span> 
     </span>
    </p>
   </div>
  </div>
 </body>
</html>
