<?xml version="1.0" encoding="UTF-8"?>
<!DOCTYPE html PUBLIC "-//W3C//DTD XHTML 1.0 Transitional//EN"
    "http://www.w3.org/TR/xhtml1/DTD/xhtml1-transitional.dtd">
<html xmlns="http://www.w3.org/1999/xhtml" xml:lang="en" lang="en">
 <head>
  <title>
</title>
<meta http-equiv="Content-Type" content="text/html;charset=utf-8" />
  <meta name='ocr-system' content='tesseract 3.04.00' />
  <meta name='ocr-capabilities' content='ocr_page ocr_carea ocr_par ocr_line ocrx_word'/>
</head>
<body>
  <div class='ocr_page' id='page_1' title='image "./interpretationes02donauoft_0211.png"; bbox 0 0 2050 3226; ppageno 0'>
   <div class='ocr_carea' id='block_1_1' title="bbox 325 82 347 108">
    <p class='ocr_par' dir='ltr' id='par_1_1' title="bbox 325 82 347 108">
     <span class='ocr_line' id='line_1_1' title="bbox 325 82 347 108; baseline 0 0"><span class='ocrx_word' id='word_1_1' title='bbox 325 82 347 108; x_wconf 75' lang='grc' dir='ltr'><strong><em>Ι</em></strong></span> 
     </span>
    </p>
   </div>
   <div class='ocr_carea' id='block_1_2' title="bbox 769 99 1818 158">
    <p class='ocr_par' dir='ltr' id='par_1_2' title="bbox 769 99 1818 158">
     <span class='ocr_line' id='line_1_2' title="bbox 769 99 1818 158; baseline 0 -14"><span class='ocrx_word' id='word_1_2' title='bbox 769 99 1075 145; x_wconf 75' lang='lat' dir='ltr'><strong>AENEmos</strong></span> <span class='ocrx_word' id='word_1_3' title='bbox 1106 99 1171 144; x_wconf 85' lang='lat' dir='ltr'><strong>1x</strong></span> <span class='ocrx_word' id='word_1_4' title='bbox 1710 104 1818 158; x_wconf 80' lang='lat'><strong>207</strong></span> 
     </span>
    </p>
   </div>
   <div class='ocr_carea' id='block_1_3' title="bbox 0 215 1927 2604">
    <p class='ocr_par' dir='ltr' id='par_1_3' title="bbox 0 215 1927 2604">
     <span class='ocr_line' id='line_1_3' title="bbox 0 215 1823 310; baseline -0.001 -18"><span class='ocrx_word' id='word_1_5' title='bbox 0 215 23 310; x_wconf 49' lang='grc' dir='ltr'>Σ</span> <span class='ocrx_word' id='word_1_6' title='bbox 124 244 259 306; x_wconf 89' lang='lat' dir='ltr'><strong>ipsos</strong></span> <span class='ocrx_word' id='word_1_7' title='bbox 298 242 491 306; x_wconf 87' lang='lat' dir='ltr'><strong>putatis</strong></span> <span class='ocrx_word' id='word_1_8' title='bbox 530 244 580 290; x_wconf 90' lang='lat' dir='ltr'><strong>et</strong></span> <span class='ocrx_word' id='word_1_9' title='bbox 616 242 850 302; x_wconf 89' lang='lat' dir='ltr'><strong>mortem,</strong></span> <span class='ocrx_word' id='word_1_10' title='bbox 887 255 1012 302; x_wconf 91' lang='lat' dir='ltr'><strong>quos</strong></span> <span class='ocrx_word' id='word_1_11' title='bbox 1049 241 1222 288; x_wconf 90' lang='lat' dir='ltr'><strong>tuetur</strong></span> <span class='ocrx_word' id='word_1_12' title='bbox 1250 240 1454 288; x_wconf 85' lang='lat' dir='ltr'><strong>interim</strong></span> <span class='ocrx_word' id='word_1_13' title='bbox 1484 240 1619 302; x_wconf 91' lang='lat' dir='ltr'><strong>quod</strong></span> <span class='ocrx_word' id='word_1_14' title='bbox 1656 244 1823 304; x_wconf 90' lang='lat' dir='ltr'><strong>potest</strong></span> 
     </span>
     <span class='ocr_line' id='line_1_4' title="bbox 0 313 1821 380; baseline -0.001 -14"><span class='ocrx_word' id='word_1_15' title='bbox 0 364 4 371; x_wconf 87' lang='grc'><strong>,</strong></span> <span class='ocrx_word' id='word_1_16' title='bbox 125 315 361 366; x_wconf 81' lang='lat' dir='ltr'><strong>facillime</strong></span> <span class='ocrx_word' id='word_1_17' title='bbox 386 313 643 380; x_wconf 76' lang='lat' dir='ltr'><strong>superari?</strong></span> <span class='ocrx_word' id='word_1_18' title='bbox 693 314 866 363; x_wconf 90' lang='lat' dir='ltr'><strong>definit</strong></span> <span class='ocrx_word' id='word_1_19' title='bbox 886 313 1079 363; x_wconf 86' lang='lat' dir='ltr'><strong>interea</strong></span> <span class='ocrx_word' id='word_1_20' title='bbox 1102 313 1224 377; x_wconf 93' lang='lat' dir='ltr'><strong>quid</strong></span> <span class='ocrx_word' id='word_1_21' title='bbox 1251 314 1317 363; x_wconf 90' lang='lat' dir='ltr'><strong>sit</strong></span> <span class='ocrx_word' id='word_1_22' title='bbox 1340 313 1531 363; x_wconf 83' lang='lat' dir='ltr'><strong>vallum</strong></span> <span class='ocrx_word' id='word_1_23' title='bbox 1560 315 1641 364; x_wconf 84' lang='lat' dir='ltr'><strong>vel</strong></span> <span class='ocrx_word' id='word_1_24' title='bbox 1666 332 1821 378; x_wconf 79' lang='lat' dir='ltr'><strong>quan-</strong></span> 
     </span>
     <span class='ocr_line' id='line_1_5' title="bbox 18 381 1823 453; baseline -0.001 -13"><span class='ocrx_word' id='word_1_25' title='bbox 18 403 23 411; x_wconf 89' lang='lat'><strong>·</strong></span> <span class='ocrx_word' id='word_1_26' title='bbox 123 393 233 440; x_wconf 84' lang='lat' dir='ltr'><strong>tum</strong></span> <span class='ocrx_word' id='word_1_27' title='bbox 263 391 485 453; x_wconf 82' lang='lat' dir='ltr'><strong>praestet</strong></span> <span class='ocrx_word' id='word_1_28' title='bbox 515 387 729 438; x_wconf 76' lang='lat' dir='ltr'><strong>ambitus</strong></span> <span class='ocrx_word' id='word_1_29' title='bbox 761 388 939 450; x_wconf 83' lang='lat' dir='ltr'><strong>fossae,</strong></span> <span class='ocrx_word' id='word_1_30' title='bbox 968 388 1085 449; x_wconf 91' lang='lat' dir='ltr'><strong>hoc,</strong></span> <span class='ocrx_word' id='word_1_31' title='bbox 1115 388 1304 451; x_wconf 88' lang='lat' dir='ltr'><strong>inquit,</strong></span> <span class='ocrx_word' id='word_1_32' title='bbox 1334 390 1595 450; x_wconf 75' lang='lat' dir='ltr'><strong>praestant</strong></span> <span class='ocrx_word' id='word_1_33' title='bbox 1626 381 1823 452; x_wconf 84' lang='lat' dir='ltr'><strong>clausis,</strong></span> 
     </span>
     <span class='ocr_line' id='line_1_6' title="bbox 124 461 1825 528; baseline -0.001 -15.068"><span class='ocrx_word' id='word_1_34' title='bbox 124 467 183 514; x_wconf 92' lang='lat' dir='ltr'><strong>ut</strong></span> <span class='ocrx_word' id='word_1_35' title='bbox 231 464 384 528; x_wconf 81' lang='lat' dir='ltr'><strong>paulo</strong></span> <span class='ocrx_word' id='word_1_36' title='bbox 432 463 627 512; x_wconf 86' lang='lat' dir='ltr'><strong>tardius</strong></span> <span class='ocrx_word' id='word_1_37' title='bbox 676 462 966 512; x_wconf 86' lang='lat' dir='ltr'><strong>moriantur.</strong></span> <span class='ocrx_word' id='word_1_38' title='bbox 1039 461 1251 525; x_wconf 92' lang='lat' dir='ltr'><strong>denique</strong></span> <span class='ocrx_word' id='word_1_39' title='bbox 1300 462 1395 511; x_wconf 89' lang='lat' dir='ltr'><strong>hoc</strong></span> <span class='ocrx_word' id='word_1_40' title='bbox 1443 464 1520 511; x_wconf 91' lang='lat' dir='ltr'><strong>est</strong></span> <span class='ocrx_word' id='word_1_41' title='bbox 1570 462 1703 525; x_wconf 92' lang='lat' dir='ltr'><strong>quod</strong></span> <span class='ocrx_word' id='word_1_42' title='bbox 1752 465 1825 512; x_wconf 90' lang='lat' dir='ltr'><strong>ait</strong></span> 
     </span>
     <span class='ocr_line' id='line_1_7' title="bbox 75 536 1825 599; baseline -0.002 -10"><span class='ocrx_word' id='word_1_43' title='bbox 75 556 95 589; x_wconf 76' lang='lat' dir='ltr'><strong>s</strong></span> <span class='ocrx_word' id='word_1_44' title='bbox 126 539 318 589; x_wconf 80' lang='lat' dir='ltr'><strong>vallum</strong></span> <span class='ocrx_word' id='word_1_45' title='bbox 364 539 415 586; x_wconf 92' lang='lat' dir='ltr'><strong>et</strong></span> <span class='ocrx_word' id='word_1_46' title='bbox 459 539 596 587; x_wconf 86' lang='lat' dir='ltr'><strong>fossa</strong></span> <span class='ocrx_word' id='word_1_47' title='bbox 644 537 735 585; x_wconf 89' lang='lat' dir='ltr'><strong>leti</strong></span> <span class='ocrx_word' id='word_1_48' title='bbox 784 539 903 585; x_wconf 86' lang='lat' dir='ltr'><strong>sunt</strong></span> <span class='ocrx_word' id='word_1_49' title='bbox 951 552 1111 599; x_wconf 80' lang='lat' dir='ltr'><strong>parva</strong></span> <span class='ocrx_word' id='word_1_50' title='bbox 1160 536 1470 598; x_wconf 82' lang='lat' dir='ltr'><strong>discrimina3</strong></span> <span class='ocrx_word' id='word_1_51' title='bbox 1518 537 1640 599; x_wconf 88' lang='lat' dir='ltr'><strong>ipsis</strong></span> <span class='ocrx_word' id='word_1_52' title='bbox 1692 538 1825 585; x_wconf 89' lang='lat' dir='ltr'><strong>enim</strong></span> 
     </span>
     <span class='ocr_line' id='line_1_8' title="bbox 23 610 1825 695; baseline -0.001 -33"><span class='ocrx_word' id='word_1_53' title='bbox 23 630 25 637; x_wconf 73' lang='grc'><em>’</em></span> <span class='ocrx_word' id='word_1_54' title='bbox 124 611 288 676; x_wconf 83' lang='lat' dir='ltr'><strong>ruptis</strong></span> <span class='ocrx_word' id='word_1_55' title='bbox 327 612 454 660; x_wconf 81' lang='lat' dir='ltr'><strong>nihil</strong></span> <span class='ocrx_word' id='word_1_56' title='bbox 491 613 718 695; x_wconf 78' lang='lat' dir='ltr'><strong>superest</strong></span> <span class='ocrx_word' id='word_1_57' title='bbox 754 627 922 659; x_wconf 87' lang='lat' dir='ltr'><strong>morae</strong></span> <span class='ocrx_word' id='word_1_58' title='bbox 962 610 1086 674; x_wconf 91' lang='lat' dir='ltr'><strong>quin</strong></span> <span class='ocrx_word' id='word_1_59' title='bbox 1122 610 1290 660; x_wconf 89' lang='lat' dir='ltr'><strong>hostes</strong></span> <span class='ocrx_word' id='word_1_60' title='bbox 1320 610 1584 660; x_wconf 84' lang='lat' dir='ltr'><strong>intereant.</strong></span> <span class='ocrx_word' id='word_1_61' title='bbox 1645 614 1699 660; x_wconf 85' lang='lat' dir='ltr'><strong>at</strong></span> <span class='ocrx_word' id='word_1_62' title='bbox 1725 626 1825 660; x_wconf 84' lang='lat' dir='ltr'><strong>non</strong></span> 
     </span>
     <span class='ocr_line' id='line_1_9' title="bbox 124 685 1927 745; baseline 0.002 -10"><span class='ocrx_word' id='word_1_63' title='bbox 124 687 352 735; x_wconf 79' lang='lat' dir='ltr'><strong>viderunt</strong></span> <span class='ocrx_word' id='word_1_64' title='bbox 386 686 580 734; x_wconf 85' lang='lat' dir='ltr'><strong>moenia</strong></span> <span class='ocrx_word' id='word_1_65' title='bbox 618 686 796 734; x_wconf 84' lang='lat' dir='ltr'><strong>Troiae</strong></span> <span class='ocrx_word' id='word_1_66' title='bbox 832 685 1053 745; x_wconf 78' lang='lat' dir='ltr'><strong>Neptuni</strong></span> <span class='ocrx_word' id='word_1_67' title='bbox 1088 685 1336 745; x_wconf 81' lang='lat' dir='ltr'><strong>fabricata</strong></span> <span class='ocrx_word' id='word_1_68' title='bbox 1378 700 1535 733; x_wconf 79' lang='lat' dir='ltr'><strong>manu</strong></span> <span class='ocrx_word' id='word_1_69' title='bbox 1580 685 1826 734; x_wconf 80' lang='lat' dir='ltr'><strong>considere</strong></span> <span class='ocrx_word' id='word_1_70' title='bbox 1843 698 1927 738; x_wconf 85' lang='lat'><strong>145</strong></span> 
     </span>
     <span class='ocr_line' id='line_1_10' title="bbox 124 758 1825 823; baseline -0.001 -14"><span class='ocrx_word' id='word_1_71' title='bbox 124 762 180 809; x_wconf 88' lang='lat' dir='ltr'><strong>in</strong></span> <span class='ocrx_word' id='word_1_72' title='bbox 208 761 370 822; x_wconf 75' lang='lat' dir='ltr'><strong>iynis?</strong></span> <span class='ocrx_word' id='word_1_73' title='bbox 430 759 664 808; x_wconf 82' lang='lat' dir='ltr'><strong>fiduciam</strong></span> <span class='ocrx_word' id='word_1_74' title='bbox 695 762 887 823; x_wconf 87' lang='lat' dir='ltr'><strong>gerunt,</strong></span> <span class='ocrx_word' id='word_1_75' title='bbox 920 760 1042 822; x_wconf 88' lang='lat' dir='ltr'><strong>quia</strong></span> <span class='ocrx_word' id='word_1_76' title='bbox 1072 758 1407 808; x_wconf 89' lang='lat' dir='ltr'><strong>defenduntur</strong></span> <span class='ocrx_word' id='word_1_77' title='bbox 1435 758 1582 808; x_wconf 87' lang='lat' dir='ltr'><strong>fossis</strong></span> <span class='ocrx_word' id='word_1_78' title='bbox 1614 761 1665 808; x_wconf 87' lang='lat' dir='ltr'><strong>et</strong></span> <span class='ocrx_word' id='word_1_79' title='bbox 1690 760 1825 809; x_wconf 84' lang='lat' dir='ltr'><strong>vallo</strong></span> 
     </span>
     <span class='ocr_line' id='line_1_11' title="bbox 125 833 1824 918; baseline -0.001 -34"><span class='ocrx_word' id='word_1_80' title='bbox 125 836 241 918; x_wconf 73' lang='lat' dir='ltr'><strong>post</strong></span> <span class='ocrx_word' id='word_1_81' title='bbox 278 834 487 898; x_wconf 87' lang='lat' dir='ltr'><strong>paulum</strong></span> <span class='ocrx_word' id='word_1_82' title='bbox 523 833 778 895; x_wconf 87' lang='lat' dir='ltr'><strong>morituri,</strong></span> <span class='ocrx_word' id='word_1_83' title='bbox 826 834 972 896; x_wconf 90' lang='lat' dir='ltr'><strong>quasi</strong></span> <span class='ocrx_word' id='word_1_84' title='bbox 1017 849 1118 882; x_wconf 90' lang='lat' dir='ltr'><strong>non</strong></span> <span class='ocrx_word' id='word_1_85' title='bbox 1162 833 1380 883; x_wconf 84' lang='lat' dir='ltr'><strong>viderint</strong></span> <span class='ocrx_word' id='word_1_86' title='bbox 1416 833 1612 883; x_wconf 90' lang='lat' dir='ltr'><strong>Iliensis</strong></span> <span class='ocrx_word' id='word_1_87' title='bbox 1657 849 1824 883; x_wconf 82' lang='lat' dir='ltr'><strong>muros</strong></span> 
     </span>
     <span class='ocr_line' id='line_1_12' title="bbox 53 907 1826 993; baseline -0.002 -33"><span class='ocrx_word' id='word_1_88' title='bbox 53 927 96 960; x_wconf 87' lang='lat'><strong>10</strong></span> <span class='ocrx_word' id='word_1_89' title='bbox 124 908 253 958; x_wconf 88' lang='lat' dir='ltr'><strong>mira</strong></span> <span class='ocrx_word' id='word_1_90' title='bbox 291 907 586 958; x_wconf 86' lang='lat' dir='ltr'><strong>fortitudine</strong></span> <span class='ocrx_word' id='word_1_91' title='bbox 626 910 777 971; x_wconf 90' lang='lat' dir='ltr'><strong>atque</strong></span> <span class='ocrx_word' id='word_1_92' title='bbox 817 907 1102 956; x_wconf 86' lang='lat' dir='ltr'><strong>admirabili</strong></span> <span class='ocrx_word' id='word_1_93' title='bbox 1139 907 1487 993; x_wconf 83' lang='lat' dir='ltr'><strong>magnitudine</strong></span> <span class='ocrx_word' id='word_1_94' title='bbox 1526 909 1740 957; x_wconf 89' lang='lat' dir='ltr'><strong>structos</strong></span> <span class='ocrx_word' id='word_1_95' title='bbox 1776 911 1826 957; x_wconf 90' lang='lat' dir='ltr'><strong>et</strong></span> 
     </span>
     <span class='ocr_line' id='line_1_13' title="bbox 125 981 1826 1046; baseline -0.001 -15"><span class='ocrx_word' id='word_1_96' title='bbox 125 983 349 1046; x_wconf 87' lang='lat' dir='ltr'><strong>Neptuni</strong></span> <span class='ocrx_word' id='word_1_97' title='bbox 402 982 585 1032; x_wconf 85' lang='lat' dir='ltr'><strong>divinis</strong></span> <span class='ocrx_word' id='word_1_98' title='bbox 639 982 871 1031; x_wconf 82' lang='lat' dir='ltr'><strong>manibus</strong></span> <span class='ocrx_word' id='word_1_99' title='bbox 917 981 1187 1031; x_wconf 88' lang='lat' dir='ltr'><strong>fabricatos</strong></span> <span class='ocrx_word' id='word_1_100' title='bbox 1241 982 1295 1030; x_wconf 92' lang='lat' dir='ltr'><strong>in</strong></span> <span class='ocrx_word' id='word_1_101' title='bbox 1346 981 1478 1046; x_wconf 88' lang='lat' dir='ltr'><strong>ignis</strong></span> <span class='ocrx_word' id='word_1_102' title='bbox 1533 981 1826 1032; x_wconf 83' lang='lat' dir='ltr'><strong>consedisse.</strong></span> 
     </span>
     <span class='ocr_line' id='line_1_14' title="bbox 124 1055 1828 1118; baseline -0.001 -12"><span class='ocrx_word' id='word_1_103' title='bbox 124 1073 226 1106; x_wconf 91' lang='lat' dir='ltr'><strong>non</strong></span> <span class='ocrx_word' id='word_1_104' title='bbox 265 1056 392 1106; x_wconf 86' lang='lat' dir='ltr'><strong>dixit</strong></span> <span class='ocrx_word' id='word_1_105' title='bbox 434 1056 662 1105; x_wconf 89' lang='lat' dir='ltr'><strong>incendio</strong></span> <span class='ocrx_word' id='word_1_106' title='bbox 706 1055 921 1118; x_wconf 80' lang='lat' dir='ltr'><strong>dirutOS,</strong></span> <span class='ocrx_word' id='word_1_107' title='bbox 969 1055 1056 1105; x_wconf 89' lang='lat' dir='ltr'><strong>sed</strong></span> <span class='ocrx_word' id='word_1_108' title='bbox 1093 1057 1147 1105; x_wconf 86' lang='lat' dir='ltr'><strong>vi</strong></span> <span class='ocrx_word' id='word_1_109' title='bbox 1183 1056 1497 1105; x_wconf 85' lang='lat' dir='ltr'><strong>flammarum</strong></span> <span class='ocrx_word' id='word_1_110' title='bbox 1541 1057 1596 1104; x_wconf 94' lang='lat' dir='ltr'><strong>in</strong></span> <span class='ocrx_word' id='word_1_111' title='bbox 1642 1057 1828 1106; x_wconf 81' lang='lat' dir='ltr'><strong>calcem</strong></span> 
     </span>
     <span class='ocr_line' id='line_1_15' title="bbox 127 1129 1828 1194; baseline -0.001 -14"><span class='ocrx_word' id='word_1_112' title='bbox 127 1147 232 1180; x_wconf 90' lang='lat' dir='ltr'><strong>esse</strong></span> <span class='ocrx_word' id='word_1_113' title='bbox 271 1146 548 1180; x_wconf 85' lang='lat' dir='ltr'><strong>conversos.</strong></span> <span class='ocrx_word' id='word_1_114' title='bbox 612 1131 1018 1194; x_wconf 89' lang='lat' dir='ltr'><strong>conparationem</strong></span> <span class='ocrx_word' id='word_1_115' title='bbox 1054 1129 1252 1180; x_wconf 90' lang='lat' dir='ltr'><strong>induxit</strong></span> <span class='ocrx_word' id='word_1_116' title='bbox 1288 1130 1492 1179; x_wconf 85' lang='lat' dir='ltr'><strong>maioris</strong></span> <span class='ocrx_word' id='word_1_117' title='bbox 1532 1130 1746 1179; x_wconf 90' lang='lat' dir='ltr'><strong>aedificii</strong></span> <span class='ocrx_word' id='word_1_118' title='bbox 1776 1134 1828 1180; x_wconf 94' lang='lat' dir='ltr'><strong>et</strong></span> 
     </span>
     <span class='ocr_line' id='line_1_16' title="bbox 126 1203 1829 1268; baseline 0 -14"><span class='ocrx_word' id='word_1_119' title='bbox 126 1205 332 1254; x_wconf 89' lang='lat' dir='ltr'><strong>minoris</strong></span> <span class='ocrx_word' id='word_1_120' title='bbox 383 1207 433 1254; x_wconf 89' lang='lat' dir='ltr'><strong>et</strong></span> <span class='ocrx_word' id='word_1_121' title='bbox 476 1205 680 1253; x_wconf 87' lang='lat' dir='ltr'><strong>illorum</strong></span> <span class='ocrx_word' id='word_1_122' title='bbox 730 1207 819 1268; x_wconf 91' lang='lat' dir='ltr'><strong>qui</strong></span> <span class='ocrx_word' id='word_1_123' title='bbox 870 1205 994 1253; x_wconf 83' lang='lat' dir='ltr'><strong>haec</strong></span> <span class='ocrx_word' id='word_1_124' title='bbox 1044 1206 1197 1267; x_wconf 88' lang='lat' dir='ltr'><strong>atque</strong></span> <span class='ocrx_word' id='word_1_125' title='bbox 1249 1203 1341 1253; x_wconf 91' lang='lat' dir='ltr'><strong>illa</strong></span> <span class='ocrx_word' id='word_1_126' title='bbox 1395 1204 1724 1254; x_wconf 90' lang='lat' dir='ltr'><strong>condiderunt</strong></span> <span class='ocrx_word' id='word_1_127' title='bbox 1777 1208 1829 1254; x_wconf 92' lang='lat' dir='ltr'><strong>et</strong></span> 
     </span>
     <span class='ocr_line' id='line_1_17' title="bbox 54 1278 1827 1343; baseline -0.001 -14"><span class='ocrx_word' id='word_1_128' title='bbox 54 1295 96 1329; x_wconf 79' lang='lat'><strong>1⁶</strong></span> <span class='ocrx_word' id='word_1_129' title='bbox 126 1280 303 1329; x_wconf 83' lang='lat' dir='ltr'><strong>laudat</strong></span> <span class='ocrx_word' id='word_1_130' title='bbox 347 1279 545 1343; x_wconf 87' lang='lat' dir='ltr'><strong>perdita</strong></span> <span class='ocrx_word' id='word_1_131' title='bbox 590 1281 642 1328; x_wconf 91' lang='lat' dir='ltr'><strong>et</strong></span> <span class='ocrx_word' id='word_1_132' title='bbox 686 1278 922 1342; x_wconf 91' lang='lat' dir='ltr'><strong>deprimit</strong></span> <span class='ocrx_word' id='word_1_133' title='bbox 966 1280 1204 1342; x_wconf 83' lang='lat' dir='ltr'><strong>peritura.</strong></span> <span class='ocrx_word' id='word_1_134' title='bbox 1279 1279 1509 1341; x_wconf 89' lang='lat' dir='ltr'><strong>proinde,</strong></span> <span class='ocrx_word' id='word_1_135' title='bbox 1556 1295 1670 1328; x_wconf 92' lang='lat' dir='ltr'><strong>cum</strong></span> <span class='ocrx_word' id='word_1_136' title='bbox 1714 1296 1827 1342; x_wconf 90' lang='lat' dir='ltr'><strong>pro-</strong></span> 
     </span>
     <span class='ocr_line' id='line_1_18' title="bbox 127 1352 1828 1415; baseline -0.001 -13"><span class='ocrx_word' id='word_1_137' title='bbox 127 1355 439 1415; x_wconf 81' lang='lat' dir='ltr'><strong>nuntiamuS,</strong></span> <span class='ocrx_word' id='word_1_138' title='bbox 487 1354 683 1402; x_wconf 91' lang='lat' dir='ltr'><strong>moenia</strong></span> <span class='ocrx_word' id='word_1_139' title='bbox 721 1353 900 1402; x_wconf 88' lang='lat' dir='ltr'><strong>Troiae</strong></span> <span class='ocrx_word' id='word_1_140' title='bbox 950 1353 1184 1401; x_wconf 84' lang='lat' dir='ltr'><strong>extollere</strong></span> <span class='ocrx_word' id='word_1_141' title='bbox 1230 1352 1485 1414; x_wconf 90' lang='lat' dir='ltr'><strong>debemus,</strong></span> <span class='ocrx_word' id='word_1_142' title='bbox 1534 1355 1594 1402; x_wconf 88' lang='lat' dir='ltr'><strong>ut</strong></span> <span class='ocrx_word' id='word_1_143' title='bbox 1641 1354 1828 1402; x_wconf 76' lang='lat' dir='ltr'><strong>fuerint</strong></span> 
     </span>
     <span class='ocr_line' id='line_1_19' title="bbox 126 1427 1829 1493; baseline 0.001 -17"><span class='ocrx_word' id='word_1_144' title='bbox 126 1444 331 1493; x_wconf 85' lang='lat' dir='ltr'><strong>magna,</strong></span> <span class='ocrx_word' id='word_1_145' title='bbox 381 1427 608 1490; x_wconf 84' lang='lat' dir='ltr'><strong>Neptuni</strong></span> <span class='ocrx_word' id='word_1_146' title='bbox 657 1428 810 1476; x_wconf 87' lang='lat' dir='ltr'><strong>etiam</strong></span> <span class='ocrx_word' id='word_1_147' title='bbox 857 1443 1038 1476; x_wconf 92' lang='lat' dir='ltr'><strong>nomen</strong></span> <span class='ocrx_word' id='word_1_148' title='bbox 1088 1443 1200 1476; x_wconf 92' lang='lat' dir='ltr'><strong>cum</strong></span> <span class='ocrx_word' id='word_1_149' title='bbox 1244 1428 1393 1476; x_wconf 89' lang='lat' dir='ltr'><strong>laude</strong></span> <span class='ocrx_word' id='word_1_150' title='bbox 1440 1427 1723 1490; x_wconf 84' lang='lat' dir='ltr'><strong>extendere,</strong></span> <span class='ocrx_word' id='word_1_151' title='bbox 1768 1430 1829 1477; x_wconf 84' lang='lat' dir='ltr'><strong>ut</strong></span> 
     </span>
     <span class='ocr_line' id='line_1_20' title="bbox 126 1501 1829 1566; baseline 0 -15"><span class='ocrx_word' id='word_1_152' title='bbox 126 1517 294 1552; x_wconf 90' lang='lat' dir='ltr'><strong>muros</strong></span> <span class='ocrx_word' id='word_1_153' title='bbox 341 1503 520 1551; x_wconf 87' lang='lat' dir='ltr'><strong>Troiae</strong></span> <span class='ocrx_word' id='word_1_154' title='bbox 569 1502 654 1550; x_wconf 86' lang='lat' dir='ltr'><strong>ille</strong></span> <span class='ocrx_word' id='word_1_155' title='bbox 707 1502 882 1550; x_wconf 89' lang='lat' dir='ltr'><strong>fecisse</strong></span> <span class='ocrx_word' id='word_1_156' title='bbox 932 1501 1165 1551; x_wconf 85' lang='lat' dir='ltr'><strong>videatur</strong></span> <span class='ocrx_word' id='word_1_157' title='bbox 1218 1502 1306 1564; x_wconf 90' lang='lat' dir='ltr'><strong>qui</strong></span> <span class='ocrx_word' id='word_1_158' title='bbox 1357 1502 1543 1566; x_wconf 83' lang='lat' dir='ltr'><strong>integri</strong></span> <span class='ocrx_word' id='word_1_159' title='bbox 1597 1502 1829 1551; x_wconf 89' lang='lat' dir='ltr'><strong>elementi</strong></span> 
     </span>
     <span class='ocr_line' id='line_1_21' title="bbox 125 1575 1828 1641; baseline 0 -17"><span class='ocrx_word' id='word_1_160' title='bbox 125 1577 311 1626; x_wconf 84' lang='lat' dir='ltr'><strong>habeat</strong></span> <span class='ocrx_word' id='word_1_161' title='bbox 339 1578 654 1639; x_wconf 86' lang='lat' dir='ltr'><strong>potestatem,</strong></span> <span class='ocrx_word' id='word_1_162' title='bbox 684 1591 896 1638; x_wconf 90' lang='lat' dir='ltr'><strong>rursum,</strong></span> <span class='ocrx_word' id='word_1_163' title='bbox 924 1591 1037 1624; x_wconf 92' lang='lat' dir='ltr'><strong>cum</strong></span> <span class='ocrx_word' id='word_1_164' title='bbox 1069 1575 1277 1625; x_wconf 91' lang='lat' dir='ltr'><strong>dicimus</strong></span> <span class='ocrx_word' id='word_1_165' title='bbox 1310 1576 1562 1626; x_wconf 89' lang='lat' dir='ltr'><strong>considere</strong></span> <span class='ocrx_word' id='word_1_166' title='bbox 1593 1579 1646 1624; x_wconf 93' lang='lat' dir='ltr'><strong>in</strong></span> <span class='ocrx_word' id='word_1_167' title='bbox 1679 1576 1828 1641; x_wconf 87' lang='lat' dir='ltr'><strong>ignis,</strong></span> 
     </span>
     <span class='ocr_line' id='line_1_22' title="bbox 55 1649 1829 1715; baseline -0.001 -16"><span class='ocrx_word' id='word_1_168' title='bbox 55 1666 98 1699; x_wconf 75' lang='lat'><strong>20</strong></span> <span class='ocrx_word' id='word_1_169' title='bbox 126 1652 202 1700; x_wconf 84' lang='lat' dir='ltr'><strong>ita</strong></span> <span class='ocrx_word' id='word_1_170' title='bbox 230 1651 596 1715; x_wconf 86' lang='lat' dir='ltr'><strong>intellegamus,</strong></span> <span class='ocrx_word' id='word_1_171' title='bbox 626 1652 686 1698; x_wconf 91' lang='lat' dir='ltr'><strong>ut</strong></span> <span class='ocrx_word' id='word_1_172' title='bbox 716 1651 884 1699; x_wconf 84' lang='lat' dir='ltr'><strong>nullae</strong></span> <span class='ocrx_word' id='word_1_173' title='bbox 907 1649 1133 1713; x_wconf 90' lang='lat' dir='ltr'><strong>ipsorum</strong></span> <span class='ocrx_word' id='word_1_174' title='bbox 1158 1651 1400 1714; x_wconf 82' lang='lat' dir='ltr'><strong>reliquiae</strong></span> <span class='ocrx_word' id='word_1_175' title='bbox 1431 1654 1546 1714; x_wconf 90' lang='lat' dir='ltr'><strong>post</strong></span> <span class='ocrx_word' id='word_1_176' title='bbox 1575 1651 1829 1699; x_wconf 89' lang='lat' dir='ltr'><strong>flammam</strong></span> 
     </span>
     <span class='ocr_line' id='line_1_23' title="bbox 129 1723 1828 1789; baseline -0.001 -15"><span class='ocrx_word' id='word_1_177' title='bbox 129 1740 382 1788; x_wconf 91' lang='lat' dir='ltr'><strong>superesse</strong></span> <span class='ocrx_word' id='word_1_178' title='bbox 421 1723 685 1774; x_wconf 79' lang='lat' dir='ltr'><strong>valuerint.</strong></span> <span class='ocrx_word' id='word_1_179' title='bbox 754 1724 1002 1789; x_wconf 90' lang='lat' dir='ltr'><strong>redigitur</strong></span> <span class='ocrx_word' id='word_1_180' title='bbox 1047 1725 1225 1774; x_wconf 91' lang='lat' dir='ltr'><strong>dehinc</strong></span> <span class='ocrx_word' id='word_1_181' title='bbox 1269 1725 1555 1774; x_wconf 91' lang='lat' dir='ltr'><strong>intellectus</strong></span> <span class='ocrx_word' id='word_1_182' title='bbox 1602 1725 1667 1773; x_wconf 86' lang='lat' dir='ltr'><strong>ad</strong></span> <span class='ocrx_word' id='word_1_183' title='bbox 1714 1741 1828 1773; x_wconf 90' lang='lat' dir='ltr'><strong>eum</strong></span> 
     </span>
     <span class='ocr_line' id='line_1_24' title="bbox 127 1798 1828 1863; baseline -0.001 -15"><span class='ocrx_word' id='word_1_184' title='bbox 127 1800 296 1862; x_wconf 91' lang='lat' dir='ltr'><strong>finem,</strong></span> <span class='ocrx_word' id='word_1_185' title='bbox 329 1801 472 1862; x_wconf 85' lang='lat' dir='ltr'><strong>quia,</strong></span> <span class='ocrx_word' id='word_1_186' title='bbox 510 1800 556 1848; x_wconf 89' lang='lat' dir='ltr'><strong>si</strong></span> <span class='ocrx_word' id='word_1_187' title='bbox 583 1815 769 1863; x_wconf 84' lang='lat' dir='ltr'><strong>magna</strong></span> <span class='ocrx_word' id='word_1_188' title='bbox 799 1802 850 1848; x_wconf 90' lang='lat' dir='ltr'><strong>et</strong></span> <span class='ocrx_word' id='word_1_189' title='bbox 881 1798 961 1848; x_wconf 87' lang='lat' dir='ltr'><strong>dei</strong></span> <span class='ocrx_word' id='word_1_190' title='bbox 990 1815 1146 1847; x_wconf 88' lang='lat' dir='ltr'><strong>manu</strong></span> <span class='ocrx_word' id='word_1_191' title='bbox 1176 1801 1462 1848; x_wconf 85' lang='lat' dir='ltr'><strong>constructa</strong></span> <span class='ocrx_word' id='word_1_192' title='bbox 1490 1799 1828 1862; x_wconf 90' lang='lat' dir='ltr'><strong>perdiderunt,</strong></span> 
     </span>
     <span class='ocr_line' id='line_1_25' title="bbox 128 1873 1829 1937; baseline 0 -16"><span class='ocrx_word' id='word_1_193' title='bbox 128 1874 287 1922; x_wconf 90' lang='lat' dir='ltr'><strong>multo</strong></span> <span class='ocrx_word' id='word_1_194' title='bbox 326 1873 524 1923; x_wconf 86' lang='lat' dir='ltr'><strong>facilius</strong></span> <span class='ocrx_word' id='word_1_195' title='bbox 563 1876 766 1936; x_wconf 90' lang='lat' dir='ltr'><strong>possent</strong></span> <span class='ocrx_word' id='word_1_196' title='bbox 803 1874 1087 1936; x_wconf 87' lang='lat' dir='ltr'><strong>praesentia</strong></span> <span class='ocrx_word' id='word_1_197' title='bbox 1116 1874 1344 1937; x_wconf 88' lang='lat' dir='ltr'><strong>perdere,</strong></span> <span class='ocrx_word' id='word_1_198' title='bbox 1384 1889 1511 1937; x_wconf 85' lang='lat' dir='ltr'><strong>quae</strong></span> <span class='ocrx_word' id='word_1_199' title='bbox 1551 1889 1651 1922; x_wconf 94' lang='lat' dir='ltr'><strong>non</strong></span> <span class='ocrx_word' id='word_1_200' title='bbox 1685 1874 1829 1922; x_wconf 88' lang='lat' dir='ltr'><strong>fulci-</strong></span> 
     </span>
     <span class='ocr_line' id='line_1_26' title="bbox 127 1947 1828 1998; baseline 0.001 -3"><span class='ocrx_word' id='word_1_201' title='bbox 127 1950 302 1996; x_wconf 88' lang='lat' dir='ltr'><strong>rentur</strong></span> <span class='ocrx_word' id='word_1_202' title='bbox 337 1949 480 1996; x_wconf 87' lang='lat' dir='ltr'><strong>tanto</strong></span> <span class='ocrx_word' id='word_1_203' title='bbox 519 1947 771 1996; x_wconf 88' lang='lat' dir='ltr'><strong>firmitatis</strong></span> <span class='ocrx_word' id='word_1_204' title='bbox 804 1947 1025 1996; x_wconf 88' lang='lat' dir='ltr'><strong>subsidio</strong></span> <span class='ocrx_word' id='word_1_205' title='bbox 1057 1963 1148 1996; x_wconf 91' lang='lat' dir='ltr'><strong>nec</strong></span> <span class='ocrx_word' id='word_1_206' title='bbox 1175 1948 1271 1997; x_wconf 83' lang='lat' dir='ltr'><strong>tali</strong></span> <span class='ocrx_word' id='word_1_207' title='bbox 1300 1948 1581 1997; x_wconf 83' lang='lat' dir='ltr'><strong>niterentur</strong></span> <span class='ocrx_word' id='word_1_208' title='bbox 1610 1949 1828 1998; x_wconf 85' lang='lat' dir='ltr'><strong>auctore.</strong></span> 
     </span>
     <span class='ocr_line' id='line_1_27' title="bbox 56 2022 1828 2086; baseline 0.001 -17"><span class='ocrx_word' id='word_1_209' title='bbox 56 2035 100 2070; x_wconf 74' lang='lat'><strong>25</strong></span> <span class='ocrx_word' id='word_1_210' title='bbox 129 2023 214 2071; x_wconf 85' lang='lat' dir='ltr'><strong>sed</strong></span> <span class='ocrx_word' id='word_1_211' title='bbox 243 2036 342 2079; x_wconf 55' lang='lat'><strong>1003,</strong></span> <span class='ocrx_word' id='word_1_212' title='bbox 383 2036 409 2070; x_wconf 92' lang='lat' dir='ltr'><strong>o</strong></span> <span class='ocrx_word' id='word_1_213' title='bbox 443 2022 571 2070; x_wconf 81' lang='lat' dir='ltr'><strong>lecti:</strong></span> <span class='ocrx_word' id='word_1_214' title='bbox 609 2037 718 2071; x_wconf 92' lang='lat' dir='ltr'><strong>ecce</strong></span> <span class='ocrx_word' id='word_1_215' title='bbox 758 2037 961 2071; x_wconf 89' lang='lat' dir='ltr'><strong>suorum</strong></span> <span class='ocrx_word' id='word_1_216' title='bbox 1001 2038 1198 2086; x_wconf 92' lang='lat' dir='ltr'><strong>quoque</strong></span> <span class='ocrx_word' id='word_1_217' title='bbox 1229 2024 1280 2071; x_wconf 88' lang='lat' dir='ltr'><strong>et</strong></span> <span class='ocrx_word' id='word_1_218' title='bbox 1309 2023 1531 2071; x_wconf 92' lang='lat' dir='ltr'><strong>hostium</strong></span> <span class='ocrx_word' id='word_1_219' title='bbox 1560 2022 1685 2071; x_wconf 89' lang='lat' dir='ltr'><strong>facit</strong></span> <span class='ocrx_word' id='word_1_220' title='bbox 1715 2038 1828 2071; x_wconf 90' lang='lat' dir='ltr'><strong>con-</strong></span> 
     </span>
     <span class='ocr_line' id='line_1_28' title="bbox 129 2096 1828 2159; baseline 0 -14"><span class='ocrx_word' id='word_1_221' title='bbox 129 2096 463 2159; x_wconf 81' lang='lat' dir='ltr'><strong>parationem3</strong></span> <span class='ocrx_word' id='word_1_222' title='bbox 509 2111 610 2144; x_wconf 92' lang='lat' dir='ltr'><strong>non</strong></span> <span class='ocrx_word' id='word_1_223' title='bbox 655 2097 788 2144; x_wconf 91' lang='lat' dir='ltr'><strong>enim</strong></span> <span class='ocrx_word' id='word_1_224' title='bbox 824 2099 973 2145; x_wconf 81' lang='lat' dir='ltr'><strong>vacat</strong></span> <span class='ocrx_word' id='word_1_225' title='bbox 1015 2097 1151 2159; x_wconf 91' lang='lat' dir='ltr'><strong>quod</strong></span> <span class='ocrx_word' id='word_1_226' title='bbox 1190 2096 1315 2145; x_wconf 90' lang='lat' dir='ltr'><strong>dixit</strong></span> <span class='ocrx_word' id='word_1_227' title='bbox 1359 2098 1414 2144; x_wconf 92' lang='grc'><strong>111</strong></span> <span class='ocrx_word' id='word_1_228' title='bbox 1469 2098 1828 2146; x_wconf 85' lang='lat' dir='ltr'><strong>exhortationis</strong></span> 
     </span>
     <span class='ocr_line' id='line_1_29' title="bbox 129 2170 1830 2235; baseline 0 -17"><span class='ocrx_word' id='word_1_229' title='bbox 129 2170 400 2233; x_wconf 87' lang='lat' dir='ltr'><strong>primordio</strong></span> <span class='ocrx_word' id='word_1_230' title='bbox 433 2185 536 2231; x_wconf 76' lang='lat' dir='ltr'><strong>VOS,</strong></span> <span class='ocrx_word' id='word_1_231' title='bbox 568 2186 596 2218; x_wconf 95' lang='lat' dir='ltr'><strong>o</strong></span> <span class='ocrx_word' id='word_1_232' title='bbox 628 2170 758 2218; x_wconf 88' lang='lat' dir='ltr'><strong>lecti.</strong></span> <span class='ocrx_word' id='word_1_233' title='bbox 820 2170 1062 2219; x_wconf 81' lang='lat' dir='ltr'><strong>Troianos</strong></span> <span class='ocrx_word' id='word_1_234' title='bbox 1093 2171 1226 2219; x_wconf 91' lang='lat' dir='ltr'><strong>enim</strong></span> <span class='ocrx_word' id='word_1_235' title='bbox 1258 2171 1513 2234; x_wconf 91' lang='lat' dir='ltr'><strong>deprimit,</strong></span> <span class='ocrx_word' id='word_1_236' title='bbox 1546 2172 1635 2235; x_wconf 89' lang='lat' dir='ltr'><strong>qui</strong></span> <span class='ocrx_word' id='word_1_237' title='bbox 1666 2173 1830 2220; x_wconf 90' lang='lat' dir='ltr'><strong>essent</strong></span> 
     </span>
     <span class='ocr_line' id='line_1_30' title="bbox 131 2243 1829 2308; baseline 0 -16"><span class='ocrx_word' id='word_1_238' title='bbox 131 2261 190 2292; x_wconf 92' lang='lat' dir='ltr'><strong>ex</strong></span> <span class='ocrx_word' id='word_1_239' title='bbox 218 2245 446 2308; x_wconf 87' lang='lat' dir='ltr'><strong>reliquiis</strong></span> <span class='ocrx_word' id='word_1_240' title='bbox 471 2243 648 2292; x_wconf 84' lang='lat' dir='ltr'><strong>Troiae</strong></span> <span class='ocrx_word' id='word_1_241' title='bbox 679 2244 982 2308; x_wconf 89' lang='lat' dir='ltr'><strong>perindeque</strong></span> <span class='ocrx_word' id='word_1_242' title='bbox 1013 2260 1113 2293; x_wconf 93' lang='lat' dir='ltr'><strong>non</strong></span> <span class='ocrx_word' id='word_1_243' title='bbox 1143 2244 1274 2294; x_wconf 90' lang='lat' dir='ltr'><strong>lecti.</strong></span> <span class='ocrx_word' id='word_1_244' title='bbox 1334 2246 1466 2305; x_wconf 81' lang='lat' dir='ltr'><strong>ferro</strong></span> <span class='ocrx_word' id='word_1_245' title='bbox 1498 2247 1581 2305; x_wconf 79' lang='lat' dir='ltr'><strong>qai</strong></span> <span class='ocrx_word' id='word_1_246' title='bbox 1610 2245 1829 2293; x_wconf 73' lang='lat' dir='ltr'><strong>scindere</strong></span> 
     </span>
     <span class='ocr_line' id='line_1_31' title="bbox 130 2318 1829 2380; baseline 0.001 -14"><span class='ocrx_word' id='word_1_247' title='bbox 130 2319 315 2367; x_wconf 75' lang='lat' dir='ltr'><strong>valbam</strong></span> <span class='ocrx_word' id='word_1_248' title='bbox 354 2322 568 2380; x_wconf 78' lang='lat' dir='ltr'><strong>apparat</strong></span> <span class='ocrx_word' id='word_1_249' title='bbox 605 2322 650 2367; x_wconf 91' lang='lat' dir='ltr'><strong>et</strong></span> <span class='ocrx_word' id='word_1_250' title='bbox 684 2333 870 2367; x_wconf 80' lang='lat' dir='ltr'><strong>mecum</strong></span> <span class='ocrx_word' id='word_1_251' title='bbox 907 2319 1101 2367; x_wconf 81' lang='lat' dir='ltr'><strong>invadit</strong></span> <span class='ocrx_word' id='word_1_252' title='bbox 1136 2320 1434 2379; x_wconf 77' lang='lat' dir='ltr'><strong>trepidantia</strong></span> <span class='ocrx_word' id='word_1_253' title='bbox 1477 2323 1664 2368; x_wconf 83' lang='lat' dir='ltr'><strong>castra:</strong></span> <span class='ocrx_word' id='word_1_254' title='bbox 1703 2318 1829 2367; x_wconf 90' lang='lat' dir='ltr'><strong>dixit</strong></span> 
     </span>
     <span class='ocr_line' id='line_1_32' title="bbox 60 2392 1828 2457; baseline 0.001 -19"><span class='ocrx_word' id='word_1_255' title='bbox 60 2404 103 2438; x_wconf 78' lang='grc' dir='ltr'><strong><em>ω</em></strong></span> <span class='ocrx_word' id='word_1_256' title='bbox 131 2407 247 2442; x_wconf 90' lang='lat' dir='ltr'><strong>suos</strong></span> <span class='ocrx_word' id='word_1_257' title='bbox 271 2393 440 2454; x_wconf 85' lang='lat' dir='ltr'><strong>lectOS,</strong></span> <span class='ocrx_word' id='word_1_258' title='bbox 471 2393 628 2442; x_wconf 87' lang='lat' dir='ltr'><strong>hostis</strong></span> <span class='ocrx_word' id='word_1_259' title='bbox 652 2409 769 2442; x_wconf 81' lang='lat' dir='ltr'><strong>vero</strong></span> <span class='ocrx_word' id='word_1_260' title='bbox 800 2392 1115 2455; x_wconf 87' lang='lat' dir='ltr'><strong>trepidantis,</strong></span> <span class='ocrx_word' id='word_1_261' title='bbox 1147 2409 1296 2456; x_wconf 91' lang='lat' dir='ltr'><strong>quam</strong></span> <span class='ocrx_word' id='word_1_262' title='bbox 1321 2393 1706 2457; x_wconf 87' lang='lat' dir='ltr'><strong>trepidationem</strong></span> <span class='ocrx_word' id='word_1_263' title='bbox 1729 2409 1828 2440; x_wconf 92' lang='lat' dir='ltr'><strong>non</strong></span> 
     </span>
     <span class='ocr_line' id='line_1_33' title="bbox 132 2466 1829 2529; baseline 0 -15"><span class='ocrx_word' id='word_1_264' title='bbox 132 2466 255 2515; x_wconf 88' lang='lat' dir='ltr'><strong>facit</strong></span> <span class='ocrx_word' id='word_1_265' title='bbox 292 2467 391 2515; x_wconf 90' lang='lat' dir='ltr'><strong>nisi</strong></span> <span class='ocrx_word' id='word_1_266' title='bbox 429 2467 707 2529; x_wconf 88' lang='lat' dir='ltr'><strong>desperatio</strong></span> <span class='ocrx_word' id='word_1_267' title='bbox 746 2467 924 2515; x_wconf 85' lang='lat' dir='ltr'><strong>salutis</strong></span> <span class='ocrx_word' id='word_1_268' title='bbox 964 2469 1014 2515; x_wconf 88' lang='lat' dir='ltr'><strong>et</strong></span> <span class='ocrx_word' id='word_1_269' title='bbox 1053 2469 1338 2516; x_wconf 86' lang='lat' dir='ltr'><strong>certaminis</strong></span> <span class='ocrx_word' id='word_1_270' title='bbox 1378 2470 1555 2516; x_wconf 85' lang='lat' dir='ltr'><strong>metus.</strong></span> <span class='ocrx_word' id='word_1_271' title='bbox 1623 2467 1829 2516; x_wconf 88' lang='lat' dir='ltr'><strong>tertium</strong></span> 
     </span>
     <span class='ocr_line' id='line_1_34' title="bbox 133 2540 1830 2604; baseline 0.001 -15"><span class='ocrx_word' id='word_1_272' title='bbox 133 2540 347 2602; x_wconf 82' lang='lat' dir='ltr'><strong>addidit,</strong></span> <span class='ocrx_word' id='word_1_273' title='bbox 394 2541 459 2589; x_wconf 92' lang='lat' dir='ltr'><strong>ad</strong></span> <span class='ocrx_word' id='word_1_274' title='bbox 496 2541 750 2590; x_wconf 83' lang='lat' dir='ltr'><strong>incitanda</strong></span> <span class='ocrx_word' id='word_1_275' title='bbox 787 2541 1103 2590; x_wconf 84' lang='lat' dir='ltr'><strong>hortamenta</strong></span> <span class='ocrx_word' id='word_1_276' title='bbox 1148 2542 1535 2604; x_wconf 83' lang='lat' dir='ltr'><strong>validissimum,</strong></span> <span class='ocrx_word' id='word_1_277' title='bbox 1584 2541 1717 2604; x_wconf 93' lang='lat' dir='ltr'><strong>quod</strong></span> <span class='ocrx_word' id='word_1_278' title='bbox 1755 2542 1830 2590; x_wconf 88' lang='lat' dir='ltr'><strong>ait</strong></span> 
     </span>
    </p>
   </div>
   <div class='ocr_carea' id='block_1_4' title="bbox 0 407 44 2541">
    <p class='ocr_par' dir='ltr' id='par_1_4' title="bbox 0 407 44 2541">
     <span class='ocr_line' id='line_1_35' title="bbox 0 407 44 2541; baseline 0 0"><span class='ocrx_word' id='word_1_279' title='bbox 0 407 44 2541; x_wconf 95' lang='lat' dir='ltr'><strong> </strong></span> 
     </span>
    </p>
   </div>
   <div class='ocr_carea' id='block_1_5' title="bbox 135 2635 490 2640">
    <p class='ocr_par' dir='ltr' id='par_1_5' title="bbox 135 2635 490 2640">
     <span class='ocr_line' id='line_1_36' title="bbox 135 2635 490 2640; baseline 0 0"><span class='ocrx_word' id='word_1_280' title='bbox 135 2635 490 2640; x_wconf 95' lang='lat' dir='ltr'><strong> </strong></span> 
     </span>
    </p>
   </div>
   <div class='ocr_carea' id='block_1_6' title="bbox 44 2681 1829 2977">
    <p class='ocr_par' dir='ltr' id='par_1_6' title="bbox 253 2681 1827 2728">
     <span class='ocr_line' id='line_1_37' title="bbox 253 2681 1827 2728; baseline 0 -2"><span class='ocrx_word' id='word_1_281' title='bbox 253 2688 277 2726; x_wconf 93' lang='lat'>1</span> <span class='ocrx_word' id='word_1_282' title='bbox 318 2688 502 2727; x_wconf 88' lang='lat' dir='ltr'><strong>mortem</strong></span> <span class='ocrx_word' id='word_1_283' title='bbox 540 2681 580 2724; x_wconf 90' lang='lat' dir='ltr'>V</span> <span class='ocrx_word' id='word_1_284' title='bbox 617 2688 815 2727; x_wconf 74' lang='lat' dir='ltr'><strong>mortuos</strong></span> <span class='ocrx_word' id='word_1_285' title='bbox 852 2684 1064 2727; x_wconf 80' lang='lat' dir='ltr'><strong>interesse</strong></span> <span class='ocrx_word' id='word_1_286' title='bbox 1105 2683 1178 2728; x_wconf 88' lang='lat' dir='ltr'><strong>ed.</strong></span> <span class='ocrx_word' id='word_1_287' title='bbox 1306 2687 1331 2726; x_wconf 86' lang='lat'><strong>3</strong></span> <span class='ocrx_word' id='word_1_288' title='bbox 1372 2683 1542 2728; x_wconf 81' lang='lat' dir='ltr'><strong>clausis</strong></span> <span class='ocrx_word' id='word_1_289' title='bbox 1573 2697 1659 2726; x_wconf 89' lang='lat' dir='ltr'><strong>om.</strong></span> <span class='ocrx_word' id='word_1_290' title='bbox 1686 2682 1731 2725; x_wconf 90' lang='lat' dir='ltr'>H</span> <span class='ocrx_word' id='word_1_291' title='bbox 1755 2681 1827 2727; x_wconf 91' lang='lat' dir='ltr'><strong>ed.</strong></span> 
     </span>
    </p>

    <p class='ocr_par' dir='ltr' id='par_1_7' title="bbox 44 2741 1829 2800">
     <span class='ocr_line' id='line_1_38' title="bbox 44 2741 1829 2800; baseline 0.001 -16"><span class='ocrx_word' id='word_1_292' title='bbox 44 2789 46 2794; x_wconf 53' lang='grc'><strong>,</strong></span> <span class='ocrx_word' id='word_1_293' title='bbox 135 2746 160 2784; x_wconf 83' lang='grc'><strong>5</strong></span> <span class='ocrx_word' id='word_1_294' title='bbox 202 2747 311 2786; x_wconf 81' lang='lat' dir='ltr'><strong>sunt</strong></span> <span class='ocrx_word' id='word_1_295' title='bbox 351 2755 440 2786; x_wconf 92' lang='lat' dir='ltr'><strong>om.</strong></span> <span class='ocrx_word' id='word_1_296' title='bbox 481 2741 572 2785; x_wconf 92' lang='grc' dir='ltr'><strong>ΗΟ</strong></span> <span class='ocrx_word' id='word_1_297' title='bbox 609 2741 680 2785; x_wconf 94' lang='lat' dir='ltr'><strong>ed.</strong></span> <span class='ocrx_word' id='word_1_298' title='bbox 737 2750 739 2773; x_wconf 84' lang='lat'><strong>¹</strong></span> <span class='ocrx_word' id='word_1_299' title='bbox 797 2743 891 2798; x_wconf 81' lang='lat' dir='ltr'><strong>ipsi</strong></span> <span class='ocrx_word' id='word_1_300' title='bbox 921 2741 963 2785; x_wconf 91' lang='lat' dir='ltr'><strong>V</strong></span> <span class='ocrx_word' id='word_1_301' title='bbox 994 2756 1108 2786; x_wconf 93' lang='lat' dir='ltr'><strong>corr.</strong></span> <span class='ocrx_word' id='word_1_302' title='bbox 1141 2742 1212 2786; x_wconf 90' lang='lat' dir='ltr'><strong>ed.</strong></span> <span class='ocrx_word' id='word_1_303' title='bbox 1269 2742 1274 2800; x_wconf 92' lang='grc' dir='ltr'>Ι</span> <span class='ocrx_word' id='word_1_304' title='bbox 1332 2744 1451 2787; x_wconf 87' lang='lat' dir='ltr'><strong>enim</strong></span> <span class='ocrx_word' id='word_1_305' title='bbox 1490 2743 1640 2797; x_wconf 79' lang='lat' dir='ltr'><strong>ruptis</strong></span> <span class='ocrx_word' id='word_1_306' title='bbox 1669 2741 1711 2783; x_wconf 93' lang='lat' dir='ltr'><strong>V</strong></span> <span class='ocrx_word' id='word_1_307' title='bbox 1754 2755 1829 2785; x_wconf 75' lang='lat' dir='ltr'><strong>ex-</strong></span> 
     </span>
    </p>

    <p class='ocr_par' dir='ltr' id='par_1_8' title="bbox 128 2800 1827 2857">
     <span class='ocr_line' id='line_1_39' title="bbox 128 2800 1827 2857; baseline -0.001 -12"><span class='ocrx_word' id='word_1_308' title='bbox 128 2802 350 2857; x_wconf 74' lang='lat' dir='ltr'><strong>puynatis</strong></span> <span class='ocrx_word' id='word_1_309' title='bbox 387 2801 460 2846; x_wconf 91' lang='lat' dir='ltr'><strong>ed.</strong></span> <span class='ocrx_word' id='word_1_310' title='bbox 583 2805 609 2845; x_wconf 87' lang='grc'>6</span> <span class='ocrx_word' id='word_1_311' title='bbox 648 2806 699 2845; x_wconf 87' lang='lat' dir='ltr'><strong>at</strong></span> <span class='ocrx_word' id='word_1_312' title='bbox 727 2800 770 2844; x_wconf 91' lang='lat' dir='ltr'><strong>V</strong></span> <span class='ocrx_word' id='word_1_313' title='bbox 808 2815 871 2846; x_wconf 88' lang='lat' dir='ltr'><strong>an</strong></span> <span class='ocrx_word' id='word_1_314' title='bbox 910 2801 982 2845; x_wconf 91' lang='lat' dir='ltr'><strong>ed.</strong></span> <span class='ocrx_word' id='word_1_315' title='bbox 1106 2806 1160 2845; x_wconf 83' lang='lat'><strong>12</strong></span> <span class='ocrx_word' id='word_1_316' title='bbox 1193 2802 1486 2846; x_wconf 83' lang='lat' dir='ltr'><strong>vi—-calcem</strong></span> <span class='ocrx_word' id='word_1_317' title='bbox 1517 2800 1723 2856; x_wconf 89' lang='lat' dir='ltr'><strong>corrupit</strong></span> <span class='ocrx_word' id='word_1_318' title='bbox 1756 2800 1827 2844; x_wconf 90' lang='lat' dir='ltr'><strong>ed.</strong></span> 
     </span>
    </p>

    <p class='ocr_par' dir='ltr' id='par_1_9' title="bbox 137 2859 1828 2977">
     <span class='ocr_line' id='line_1_40' title="bbox 137 2859 1828 2916; baseline 0.001 -15"><span class='ocrx_word' id='word_1_319' title='bbox 137 2863 190 2902; x_wconf 92' lang='grc'><strong>22</strong></span> <span class='ocrx_word' id='word_1_320' title='bbox 223 2861 333 2916; x_wconf 77' lang='lat' dir='ltr'><strong>quia</strong></span> <span class='ocrx_word' id='word_1_321' title='bbox 354 2859 398 2903; x_wconf 93' lang='lat' dir='ltr'><strong>V</strong></span> <span class='ocrx_word' id='word_1_322' title='bbox 429 2860 509 2916; x_wconf 78' lang='lat' dir='ltr'><strong>qui</strong></span> <span class='ocrx_word' id='word_1_323' title='bbox 539 2860 610 2904; x_wconf 88' lang='lat' dir='ltr'><strong>ed.</strong></span> <span class='ocrx_word' id='word_1_324' title='bbox 728 2865 783 2905; x_wconf 83' lang='lat'><strong>26</strong></span> <span class='ocrx_word' id='word_1_325' title='bbox 814 2866 944 2905; x_wconf 84' lang='lat' dir='ltr'><strong>vocat</strong></span> <span class='ocrx_word' id='word_1_326' title='bbox 966 2860 1009 2904; x_wconf 93' lang='lat' dir='ltr'><strong>V</strong></span> <span class='ocrx_word' id='word_1_327' title='bbox 1034 2874 1147 2905; x_wconf 90' lang='lat' dir='ltr'><strong>corr.</strong></span> <span class='ocrx_word' id='word_1_328' title='bbox 1174 2861 1290 2904; x_wconf 86' lang='lat' dir='ltr'><strong>edF.</strong></span> <span class='ocrx_word' id='word_1_329' title='bbox 1410 2864 1466 2903; x_wconf 89' lang='grc'><strong>28</strong></span> <span class='ocrx_word' id='word_1_330' title='bbox 1499 2860 1624 2905; x_wconf 80' lang='lat' dir='ltr'><strong>lectis</strong></span> <span class='ocrx_word' id='word_1_331' title='bbox 1646 2859 1689 2903; x_wconf 93' lang='lat' dir='ltr'><strong>V</strong></span> <span class='ocrx_word' id='word_1_332' title='bbox 1713 2873 1828 2904; x_wconf 89' lang='lat' dir='ltr'><strong>corr.</strong></span> 
     </span>
     <span class='ocr_line' id='line_1_41' title="bbox 137 2917 692 2977; baseline 0.005 -17"><span class='ocrx_word' id='word_1_333' title='bbox 137 2917 207 2961; x_wconf 92' lang='lat' dir='ltr'><strong>ed.</strong></span> <span class='ocrx_word' id='word_1_334' title='bbox 255 2920 260 2977; x_wconf 76' lang='grc' dir='ltr'>Ι</span> <span class='ocrx_word' id='word_1_335' title='bbox 312 2920 393 2975; x_wconf 78' lang='lat' dir='ltr'><strong>qui</strong></span> <span class='ocrx_word' id='word_1_336' title='bbox 415 2919 458 2963; x_wconf 93' lang='lat' dir='ltr'><strong>V</strong></span> <span class='ocrx_word' id='word_1_337' title='bbox 489 2920 590 2975; x_wconf 79' lang='lat' dir='ltr'><strong>quis</strong></span> <span class='ocrx_word' id='word_1_338' title='bbox 621 2919 692 2963; x_wconf 89' lang='lat' dir='ltr'><strong>ed.</strong></span> 
     </span>
    </p>
   </div>
   <div class='ocr_carea' id='block_1_7' title="bbox 36 3075 67 3226">
    <p class='ocr_par' dir='ltr' id='par_1_10' title="bbox 36 3075 67 3226">
     <span class='ocr_line' id='line_1_42' title="bbox 36 3075 67 3226; textangle 90"><span class='ocrx_word' id='word_1_339' title='bbox 36 3156 54 3226; x_wconf 47' lang='lat' dir='ltr'><strong>ab</strong></span> <span class='ocrx_word' id='word_1_340' title='bbox 61 3075 67 3079; x_wconf 50' lang='grc'><strong><em>.</em></strong></span> 
     </span>
    </p>
   </div>
  </div>
 </body>
</html>
