2050 3226
790 200 1094 247 AENEmos
1125 199 1190 246 XI
1726 206 1835 259 473

144 342 342 403 pectore
380 341 622 405 gemitum
660 341 828 391 dedit.¹
878 342 1092 406 gemitus
1130 341 1246 390 inde
1279 341 1535 404 veniebat,
1582 343 1700 405 quia
1737 344 1834 392 vim

144 415 333 464 Dranci
359 414 544 464 inferre
567 431 667 463 non
690 419 891 479 poterat
919 415 1260 479 praesentibus
1282 417 1439 464 tantis
1463 418 1514 465 et
1535 432 1663 481 rege.
1707 418 1838 479 quod

143 492 311 538 tamen
349 489 488 538 locus
527 491 579 538 et
606 491 803 553 tempus
837 489 1040 539 admisit
1070 492 1122 539 et
1150 489 1433 553 praesentia
1461 491 1593 539 tanti
1632 506 1837 540 conven-

144 566 248 625 tus,
286 564 339 611 in
375 579 547 613 vocem
583 565 744 627 rupit,
783 580 935 627 quam
973 564 1057 612 diu
1096 565 1291 627 patiens
1332 566 1646 628 oppresserat
1684 565 1836 614 dolor.

145 638 288 699 larya
325 637 516 699 qwidem
561 652 761 698 semper,
808 640 1029 696 Drance,
1077 640 1164 687 tibi
1209 639 1349 699 copia
1385 638 1532 699 fandi
1576 642 1690 688 twnc
1731 654 1839 688 cum

146 712 271 760 bella
298 726 479 760 manus
503 716 713 773 poscunt
736 714 1055 773 patribusque
1091 714 1273 761 vocatis
1296 713 1493 774 primus
1524 713 1665 762 ades:
1698 730 1836 776 prae·
1856 719 1941 760 380

77 800 86 809 ‘
145 788 344 849 postera
394 789 490 848 est,
539 786 729 849 inquit,
779 786 995 848 Drance,
1046 786 1332 850 eloquentia
1379 788 1483 835 tua.
1560 802 1678 836 nam
1729 803 1839 837 cum

30 1006 114 1059 ἰο

70 1397 112 1430 15

69 1767 115 1801 2⁰

70 2137 113 2171 25

143 862 410 909 necessitas
448 862 583 910 viros
621 862 675 909 in
715 876 854 909 arma
892 861 1151 924 conpellit,
1198 864 1259 910 tu
1296 862 1547 910 concurris
1587 862 1652 910 ad
1690 862 1839 911 verba

143 936 195 983 et
231 936 282 983 te
329 935 544 984 delectat
588 935 842 984 rhetorum
886 951 1015 996 mos,
1066 934 1184 998 quia
1229 951 1485 984 murorum
1529 937 1838 986 munimento

145 1024 344 1058 securus
384 1025 451 1058 es.
511 1024 611 1057 non
642 1009 712 1058 sic
742 1011 998 1074 pugnatur
1029 1012 1118 1058 aut
1146 1009 1364 1058 vincitur
1392 1025 1481 1058 nec
1510 1008 1673 1059 verbis
1697 1010 1838 1059 debe·

143 1098 254 1132 mus
293 1082 371 1132 uti
407 1100 498 1146 pro
537 1084 729 1133 iaculis.
790 1083 1004 1146 interea,
1042 1083 1163 1131 dum
1193 1085 1359 1146 patres
1400 1082 1594 1146 aliquid
1622 1086 1839 1133 tractare

144 1157 450 1219 desiderant,
495 1157 687 1221 primus
733 1157 972 1207 adventas
1019 1159 1070 1205 et
1113 1159 1234 1206 tunc
1271 1157 1446 1222 lingua
1483 1158 1678 1220 placere
1725 1173 1838 1208 con-

143 1231 305 1280 tendis
357 1248 470 1280 cum
512 1235 710 1295 tempus
760 1247 860 1280 non
909 1232 1153 1294 loquaciS‚
1204 1231 1289 1280 sed
1338 1234 1557 1281 armatos
1606 1233 1838 1296 exposcit.

143 1306 229 1354 sed
265 1320 364 1354 non
408 1306 643 1366 replenda
688 1309 758 1354 est
802 1307 942 1355 curia
985 1306 1165 1363 verbiS,
1215 1320 1338 1366 quae
1382 1309 1479 1354 tuto
1526 1307 1613 1354 tibi
1656 1322 1838 1367 mayna

142 1380 329 1437 volant,
376 1380 495 1428 dwm
532 1380 727 1428 distinet
763 1380 942 1428 hostem
981 1395 1127 1441 ayyer
1169 1384 1423 1428 murorum
1463 1394 1550 1428 nec
1594 1381 1840 1430 inundant

142 1455 383 1515 sanquine
419 1455 606 1514 fossae:
660 1454 863 1503 doceam
901 1455 972 1515 te,
1010 1454 1197 1516 inquit,
1237 1469 1327 1502 sua
1364 1454 1668 1517 temporibus
1708 1454 1838 1504 dare.

142 1543 316 1592 pacem
355 1529 552 1591 quaerit
581 1529 860 1592 loquacitas
890 1531 1002 1589 tua,
1043 1545 1194 1591 quam
1232 1530 1381 1591 putas
1422 1543 1549 1590 esse,
1589 1544 1701 1577 cum
1739 1545 1839 1578 non

144 1603 223 1652 sit.
298 1603 435 1651 fallit
478 1605 529 1651 te
575 1604 845 1652 conventus
890 1602 985 1652 iste
1034 1602 1302 1664 maiorum,
1351 1602 1537 1651 fallunt
1584 1619 1839 1652 murorum

144 1679 340 1739 saepta,
380 1692 510 1740 quae
551 1694 580 1726 a
618 1677 761 1726 nobis
799 1677 1060 1740 paululum
1100 1679 1335 1740 separant
1371 1676 1550 1726 hostis:
1600 1673 1638 1742 †
1676 1693 1838 1725 nonne

142 1751 280 1800 vides
326 1766 415 1814 per
459 1751 618 1800 fossas
668 1751 964 1816 sanguinem
1010 1750 1187 1799 fundi?
1233 1751 1442 1812 proinde
1480 1753 1595 1799 tona
1633 1751 1840 1811 eloquio:

142 1827 264 1874 tona
307 1823 553 1875 invidiose
592 1827 783 1888 posuit,
830 1827 974 1888 quasi
1021 1826 1230 1874 caeleste
1275 1841 1481 1889 regnum
1524 1826 1748 1888 portaret
1784 1827 1838 1873 in

142 1900 317 1963 lingua
358 1901 409 1948 et
453 1915 551 1948 non
593 1899 695 1948 iam
740 1900 902 1962 loqui,
949 1899 1035 1948 sed
1084 1902 1257 1948 tonare
1305 1899 1570 1947 videretur.
1645 1900 1838 1947 solitum

143 1974 254 2022 tibi:
297 1973 416 2022 talis
455 1989 649 2036 semper
686 1975 850 2035 fuisti,
899 1974 1026 2022 nihil
1063 1974 1156 2022 tibi
1201 1972 1299 2022 nisi
1336 1973 1615 2036 loquacitas
1655 1973 1837 2035 subest,

143 2047 367 2111 loquere,
408 2050 676 2111 antequam
714 2047 809 2096 tibi
845 2050 1011 2097 totum
1049 2048 1240 2096 adimat
1278 2047 1482 2112 clangor
1522 2046 1695 2108 tubae,
1741 2048 1836 2096 for-

142 2122 272 2171 tium
302 2123 522 2171 virorum
564 2121 802 2185 strepitus
841 2124 893 2171 et
926 2123 1096 2186 fragor
1133 2137 1396 2171 armorum.
1448 2124 1615 2182 'meque
1653 2122 1838 2170 timoris

145 2210 295 2258 arque
336 2199 410 2253 tu,
456 2196 678 2253 Drance,
726 2197 920 2280 quando
967 2199 1031 2244 tot
1074 2196 1255 2257 strayis
1300 2210 1496 2244 acervos
1543 2196 1838 2244 Teucrorum
1854 2205 1939 2246 385

144 2273 230 2319 tua
268 2270 438 2319 dextra
477 2270 607 2318 dedit
629 2270 913 2330 passimque
947 2271 1156 2330 tropaeis
1194 2270 1403 2330 insiynis
1441 2284 1609 2331 ayros:
1647 2285 1836 2330 accusa,

142 2344 331 2407 inquit,
369 2344 599 2392 timorem
637 2360 824 2405 meum,
864 2344 949 2392 sed
986 2346 1043 2392 tu
1075 2345 1232 2406 solus,
1270 2343 1488 2393 Drance:
1527 2344 1688 2407 gloria
1725 2359 1837 2391 mea

264 2492 289 2530 2
330 2487 517 2532 draucis
553 2487 671 2541 serre
705 2485 747 2528 V
785 2486 1004 2530 Drancae
1032 2487 1067 2539 f.
1100 2485 1192 2530 ed:
1239 2485 1320 2530 sed
1359 2485 1471 2529 tulit
1508 2484 1600 2528 vim
1640 2484 1837 2528 Drancis

145 2545 348 2600 Turnus,
394 2558 537 2602 quare
579 2546 764 2589 Dranci
805 2545 974 2599 inferre
1016 2545 1278 2599 emendavi,
1327 2544 1393 2588 sic
1444 2546 1491 2587 et
1544 2549 1694 2588 tamen
1743 2543 1833 2586 vim

145 2618 277 2649 suam
318 2604 476 2649 habet.
600 2609 625 2647 5
665 2609 774 2648 tunc
807 2603 849 2646 V
887 2608 983 2648 tum
1022 2604 1092 2648 ed.
1217 2608 1271 2647 10
1303 2618 1397 2648 non
1425 2605 1492 2647 sic
1522 2617 1637 2659 quae
1666 2608 1838 2647 natura

143 2666 401 2709 utuincitua·
440 2678 523 2708 nec
555 2663 597 2707 V
629 2665 804 2707 temere
841 2665 954 2706 mut.
993 2663 1062 2707 ed.
1189 2668 1241 2707 12
1282 2663 1502 2707 adventas
1536 2661 1576 2705 V
1615 2662 1838 2706 adventus

144 2729 251 2768 tuus
281 2724 398 2768 edF.
503 2727 557 2766 13
591 2727 802 2779 exposcat
823 2721 866 2765 V
891 2735 1004 2765 corr.
1030 2723 1102 2766 ed.
1208 2727 1262 2766 16
1294 2722 1454 2766 docebo
1486 2721 1557 2764 ed.
1659 2724 1713 2763 18
1744 2721 1836 2774 fal-

145 2784 248 2827 lunt
275 2782 318 2826 V
355 2783 391 2838 f.
426 2787 467 2827 te
502 2782 573 2826 ed.
697 2785 751 2824 19
793 2794 946 2825 norme
985 2782 1111 2826 vides
1141 2781 1183 2825 V
1214 2781 1285 2826 ed.
1332 2781 1599 2835 corruptum
1636 2779 1835 2830 videtur,

144 2841 340 2886 fortasse
369 2856 427 2886 ne
457 2842 634 2894 videas,
666 2840 749 2883 sed
780 2853 962 2884 crucem
993 2854 1165 2896 ponere
1196 2839 1354 2883 malui.
1486 2843 1540 2881 21
1581 2839 1764 2883 caeleste
1794 2838 1837 2881 V

144 2901 319 2945 sceleste
361 2901 433 2945 ed.
563 2905 618 2943 22
661 2900 740 2944 sed
780 2912 875 2943 non
910 2900 1006 2944 iam
1040 2899 1081 2943 V
1124 2905 1166 2943 et
1202 2914 1246 2942 n.
1288 2901 1318 2942 i.
1359 2903 1452 2942 nos‘
1484 2903 1535 2942 ut
1576 2912 1621 2942 n.
1654 2899 1685 2941 i.
1718 2897 1791 2942 ed.
1828 2898 1831 2952 Ι

46 2966 49 2969 “
143 2961 327 3004 solitum
356 2959 399 3004 V
435 2960 581 3004 solum
617 2958 732 3003 edF.
857 2963 913 3002 24
943 2959 1101 3003 turbae
1124 2958 1166 3002 V
1198 2959 1409 3003 tubarum
1440 2957 1511 3001 ed.
1634 2961 1688 3000 27
1729 2956 1836 3001 dex-

145 3024 242 3063 tera
264 3018 320 3063 V.
443 3022 498 3062 28
530 3019 651 3063 solus
673 3017 715 3061 V
746 3018 891 3062 solum
922 3017 993 3062 ed.
