2050 3226
12 1011 100 1044 '10

59 1382 101 1415 15

750 188 1055 234 AENEmos
1079 188 1187 233 Vm
1493 246 1507 260 ‚
1714 191 1816 244 131

128 329 297 396 gladio
334 330 556 378 munitus
595 328 694 377 fuit
733 331 783 377 et
819 330 874 377 in
910 328 1116 376 ¹tumulo
1163 329 1410 390 constitit,
1457 330 1517 376 ut
1563 329 1821 392 aliquanto

129 404 191 453 ab
229 405 308 453 his
345 405 566 452 remotus
606 406 735 452 esset
773 406 824 452 et
860 402 962 451 illis
1004 403 1156 451 altior
1194 418 1316 465 quos
1347 402 1528 451 habuit
1565 404 1619 450 in
1657 419 1709 451 re
1747 405 1821 451 in·

128 480 263 528 certa
312 480 582 540 suspectos,
681 477 803 540 quid
844 477 975 525 enim
1024 478 1198 525 contra
1245 476 1489 539 plurimos
1539 479 1729 540 posset,
1780 479 1825 527 si

128 553 432 602 contrariam
481 552 782 600 sententiam
831 550 1091 615 gererent?
1180 550 1301 613 quid
1351 566 1519 599 omnes
1566 551 1825 600 timuerint

129 628 217 690 qui
245 626 347 675 fflis
377 626 656 674 intererant
685 625 838 675 sacris
870 625 1076 673 dubium
1107 640 1212 674 esse
1245 641 1346 673 non
1383 626 1584 687 poterit,
1608 625 1652 673 si
1674 641 1827 688 supra

128 701 264 750 dicta
311 701 393 749 vel
442 700 692 762 descripta
739 701 1033 748 tractentur.
1110 700 1300 748 dictum
1349 702 1425 748 est
1473 699 1658 763 quippe
1704 694 1825 767 (55)

129 775 217 837 „hi
254 774 442 823 bellum
480 775 685 823 adsidue
724 775 915 822 ducunt
953 790 1067 822 cum
1105 775 1251 838 gente
1290 772 1518 822 Latina.“
1602 789 1826 837 sperasse

126 849 285 914 igitur
321 849 682 912 intelleguntur
720 849 981 898 observare
1019 849 1178 897 hostis
1216 848 1372 897 Italos
1413 849 1559 910 diem,
1597 851 1657 896 ut
1688 851 1828 897 extra

127 923 301 972 urbem
338 924 392 971 in
430 923 767 972 sollemnitate
807 939 1061 971 sacrorum
1099 922 1401 971 constitutos
1431 922 1652 971 Arcades
1689 924 1828 972 inva-

130 997 318 1059 derent,
355 997 661 1060 perindeque
699 1013 751 1046 se
788 1013 957 1062 regem
995 1013 1054 1046 ac
1090 997 1220 1060 regis
1259 997 1432 1059 filium,
1463 998 1695 1046 senatum
1726 1013 1828 1045 om-

129 1089 244 1120 nem
293 1073 344 1120 et
390 1073 629 1120 iuvenum
676 1073 864 1135 primos
913 1088 1012 1120 uno
1065 1073 1287 1134 tempore
1334 1071 1486 1120 fuisse
1531 1071 1827 1134 perdituros,

130 1162 270 1211 ergo,
309 1147 367 1193 ut
405 1163 430 1194 e
470 1146 665 1194 tumulo
703 1147 1011 1208 loqueretur,
1050 1145 1230 1194 habuit
1267 1145 1716 1195 considerationem
1749 1147 1830 1195 sui

130 1236 221 1268 nec
269 1221 434 1268 totum
480 1236 530 1268 se
569 1220 881 1269 venientibus
921 1219 1126 1282 obtulit3
1165 1219 1266 1267 fuit
1305 1219 1438 1267 enim
1476 1235 1565 1268 cur
1602 1222 1831 1269 venirent

130 1295 378 1343 incertum
427 1295 477 1342 et
520 1294 682 1358 magis
728 1295 1014 1357 suspectum
1061 1310 1215 1357 quam
1261 1309 1505 1342 securum.
1582 1310 1698 1358 ergo
1740 1295 1829 1343 ali-

133 1370 322 1432 quanto
364 1369 563 1432 longius
614 1369 809 1431 positus
860 1369 1058 1417 locutus
1114 1370 1190 1416 est
1238 1369 1384 1417 haec:
1433 1369 1653 1426 iuvenes,
1708 1383 1832 1430 quae

132 1457 286 1492 causa
323 1443 511 1503 subeyit
552 1443 745 1503 iynotas
790 1446 1022 1503 temptare
1067 1443 1209 1491 vias?
1256 1457 1347 1502 quo
1393 1443 1621 1491 tenditis?
1659 1444 1829 1504 inquit,

133 1518 216 1578 qui
265 1518 453 1578 glenus?
505 1516 636 1564 unde
689 1518 861 1566 domo?
908 1531 1144 1576 pacemne
1196 1517 1289 1565 hue
1340 1517 1480 1577 fertis
1534 1532 1603 1565 an
1656 1518 1832 1566 arma?

133 1590 294 1640 oratio
332 1607 434 1639 non
472 1591 734 1654 superfluis
771 1591 826 1639 in
863 1593 1006 1640 tanto
1045 1593 1199 1652 metu,
1237 1591 1323 1639 sed
1361 1591 1649 1640 necessariis
1680 1592 1831 1640 inter-

131 1665 480 1730 rogationibus
511 1666 675 1728 plena.
727 1667 930 1714 iuvenes
960 1665 1129 1728 inquit
1160 1665 1223 1714 ab
1256 1667 1420 1714 aetate
1451 1666 1654 1714 trahens
1686 1681 1831 1728 posse

132 1739 247 1788 illos
278 1740 461 1788 inferre
493 1740 802 1789 violentiam.
857 1755 1001 1803 quae,
1038 1740 1219 1802 inquit,
1259 1755 1410 1789 causa
1440 1738 1670 1804 subegit?
1710 1740 1832 1788 bene

134 1815 305 1878 posuit
335 1815 555 1879 subegit3
592 1814 842 1863 intellexit
872 1815 1005 1862 enim
1034 1830 1272 1878 magnam
1301 1814 1455 1863 fuisse
1486 1815 1834 1863 necessitatem

134 1888 247 1951 ipsa
276 1890 419 1950 parte
449 1888 683 1938 veniendi
714 1905 816 1952 qua
845 1889 973 1937 nulli
1005 1890 1154 1937 antea
1184 1890 1429 1937 transitus
1469 1888 1730 1950 extitisset,
1771 1889 1834 1937 ad

135 1964 330 2011 incerta
368 1963 559 2011 scilicet
597 1964 647 2010 et
684 1963 954 2026 incognita.
1011 1979 1109 2025 quo
1149 1962 1391 2012 tenditis?
1429 1965 1671 2012 venerant
1702 1964 1835 2011 enim

138 2039 189 2085 et
226 2035 291 2085 ad
330 2053 470 2086 oram
506 2036 727 2085 fluminis
766 2037 1066 2086 deflexerant
1104 2054 1163 2085 ex
1202 2053 1258 2086 eo
1299 2037 1612 2087 ostendentes
1652 2054 1703 2086 se
1735 2053 1835 2085 non

137 2111 440 2160 transituros
500 2110 676 2172 fuisse,
738 2112 824 2160 sed
884 2112 1217 2161 descensuros.
1318 2111 1407 2174 qui
1459 2111 1650 2176 genus?
1703 2112 1835 2160 unde

139 2184 320 2234 domo?
403 2186 666 2233 honestum
722 2188 773 2234 et
822 2185 1127 2249 exquisitum
1179 2186 1445 2235 locutionis
1499 2202 1682 2250 genus3
1735 2202 1835 2235 non

139 2259 272 2308 enim
309 2259 437 2308 dixit
475 2275 573 2322 quo
614 2258 731 2308 estis
771 2275 831 2308 ex
868 2276 1044 2324 genere
1083 2261 1166 2310 vel
1197 2277 1256 2308 ex
1287 2277 1388 2323 qua.
1421 2261 1624 2309 civitate
1655 2260 1835 2322 exorti3

140 2334 469 2396 conpendiose
494 2333 625 2382 enim
649 2332 821 2382 audito
852 2335 1051 2382 nomine
1084 2334 1305 2384 civitatis
1339 2337 1428 2383 aut
1451 2336 1613 2399 gentis
1637 2337 1836 2398 poterat

139 2422 284 2456 nosse
339 2423 439 2470 quo
495 2408 659 2456 animo
714 2409 954 2456 venirent.
1023 2410 1074 2457 et
1125 2411 1295 2457 tamen
1350 2409 1547 2457 addidit
1599 2424 1835 2473 pacemne

139 2482 239 2530 huc
288 2482 429 2531 fertis
482 2498 547 2530 an
595 2480 769 2530 arma?
824 2482 1035 2544 bellum,
1083 2482 1273 2545 inquit,
1323 2483 1465 2532 fertis
1517 2499 1582 2532 an
1628 2481 1835 2546 pacem?

141 2559 244 2603 tum
286 2559 434 2616 pater
478 2554 676 2605 Aeneas
722 2557 884 2616 puppi
932 2557 1003 2604 sie
1049 2557 1189 2616 fatur
1234 2558 1296 2606 ab
1343 2558 1446 2606 alta
1493 2558 1837 2617 paciferaeque
1855 2565 1938 2605 115

141 2644 296 2677 manu
332 2644 529 2678 ramwm
565 2631 846 2691 praetendit
888 2630 1067 2679 olivae:
1105 2632 1364 2680 suffecerat
1411 2630 1474 2680 ad
1518 2630 1837 2679 indicandam

143 2704 460 2752 securitatem
481 2721 678 2753 ramum
709 2703 1014 2753 ostendissae
1044 2706 1278 2768 pacificae
1302 2705 1508 2766 frondis,
1532 2706 1653 2767 quia
1675 2705 1837 2753 multa

265 2835 291 2874 6
315 2830 496 2875 dictaV
518 2832 692 2886 scripta
715 2830 786 2874 ed.
858 2835 911 2873 11
929 2831 1124 2886 fuissent
1145 2833 1460 2888 interempturi
1483 2831 1555 2875 ed.
1620 2835 1674 2874 13
1699 2845 1781 2875 eur
1798 2830 1838 2874 V

147 2902 285 2944 quum
317 2889 387 2933 ed.
478 2893 532 2933 19
564 2890 750 2934 tradens
773 2889 815 2933 V
840 2890 911 2933 ed.
949 2890 954 2948 Ι
984 2897 1088 2947 post
1116 2906 1162 2936 se
1185 2891 1228 2935 V
1254 2905 1386 2947 posse
1418 2891 1487 2934 ed.
1582 2894 1636 2933 22
1669 2891 1774 2946 ipsa
1796 2889 1838 2934 V

146 2949 238 2991 ista
260 2947 331 2992 ed.
395 2952 452 2991 24
476 2949 760 3005 defluxerant
783 2949 854 2992 ed.
877 2949 880 3006 1
908 2963 954 2994 se
978 2963 1066 2994 om.
1084 2949 1139 2994 V.
1203 2955 1259 2994 25
1283 2949 1746 2994 descessurochorr.
1765 2950 1838 2994 ed.

150 3010 204 3049 27
237 3006 358 3051 dixit
378 3006 420 3050 V
452 3009 520 3052 ait
550 3007 620 3051 ed.
744 3012 800 3052 28
840 3010 1049 3065 auyentis
1079 3009 1122 3053 V
1154 3023 1267 3053 corr.
1301 3009 1372 3053 ed.
1495 3014 1550 3052 31
1591 3009 1752 3053 adalta
1782 3007 1837 3052 V.

1517 3095 1574 3139 9*
