2050 3226
754 173 1060 219 AENfflDos
1090 173 1155 219 XI
1690 178 1801 233 455

59 354 62 356 v
110 315 174 363 ad
213 312 468 376 Aenean“‚
507 329 606 377 quo
644 315 753 364 loco
793 316 844 364 et
880 330 1085 379 precum
1121 315 1279 378 partis
1319 314 1520 364 videtur
1555 315 1802 380 tetigisse3

60 493 62 495 -
109 464 257 512 simul
287 477 411 524 quae
438 463 558 520 sint,
590 477 677 511 rex
706 465 901 524 optime,
933 465 1062 526 reyis
1092 463 1277 512 audisti
1307 467 1350 511 ct
1380 478 1504 523 quae
1534 465 1597 511 sit
1625 479 1802 525 maqno
1818 473 1905 513 295

107 404 315 438 munera
344 388 476 438 enim
505 390 612 437 sine
642 389 870 452 precibus
895 390 1060 439 offerri
1089 404 1190 438 non
1219 391 1442 452 possunt.
1497 392 1541 437 et
1567 404 1803 451 responsa

110 538 347 586 sententia
396 537 539 585 bello:
591 538 743 586 simul
791 539 1065 587 necessarie
1114 537 1311 601 posuit3
1359 553 1459 586 non
1513 539 1647 586 enim
1696 539 1803 587 sola

107 626 346 674 responsa
379 606 659 659 rettulerat.
738 611 866 660 dixit
902 612 1033 660 enim
1070 612 1265 661 labores
1308 611 1502 661 itineris
1541 615 1802 675 superatos

108 688 159 735 et
196 687 359 734 cetera
397 701 524 749 quae
564 684 789 748 superius
829 686 962 735 dicta
1008 688 1127 735 sunt
1176 688 1227 735 et
1265 701 1391 749 quae
1431 687 1560 735 esset
1598 686 1703 735 eius
1743 687 1803 734 de

109 759 236 809 bello
275 760 537 809 sententia.
615 761 862 808 sententia
906 762 983 809 est
1028 776 1129 824 qua
1166 761 1420 824 profertur
1465 760 1707 824 quicquid
1744 760 1804 808 de

106 849 410 897 unaquaque
447 850 500 882 re
540 834 782 883 sentimus
821 836 871 882 et
907 835 1305 897 pronuntiamus.
1368 850 1476 883 ecce
1515 838 1705 899 quanta
1744 835 1803 882 de

55 931 58 934 ⁴
106 908 305 957 Aeneae
343 907 613 957 virtutibus
644 909 937 957 laudantur:
978 909 1131 958 animi
1169 909 1271 957 eius
1294 909 1427 958 bona
1449 909 1724 958 laudantur
1753 911 1805 958 et

18 995 78 1028 110

18 1368 74 1402 ²15

14 1741 74 1774 2³0

106 982 328 1045 corporis
376 975 428 1031 et
464 983 669 1031 fortuna
705 984 991 1046 prosperior
1034 984 1187 1031 etiam
1229 983 1292 1031 ab
1329 984 1472 1032 hoste
1508 983 1804 1047 praefertur,

106 1057 319 1120 denique
356 1058 409 1105 in
448 1056 623 1106 alienis
661 1057 808 1106 terris
846 1058 1014 1120 potior
1049 1057 1314 1106 invenitur.
1382 1057 1616 1106 turbatur
1651 1057 1805 1106 Italia

106 1133 157 1179 et
185 1132 355 1194 potius
388 1133 645 1180 contracta
675 1131 973 1181 coniuratio:
1007 1131 1269 1180 Diomedes
1301 1147 1402 1180 non
1433 1132 1584 1180 audet
1614 1131 1804 1180 auxilia

105 1205 283 1270 largiri
333 1205 569 1254 adversus
613 1205 782 1268 ipsum
827 1208 878 1254 et
921 1205 1010 1254 ubi
1047 1205 1106 1253 de
1153 1205 1365 1254 victoria
1417 1221 1511 1255 sua
1559 1207 1805 1270 gratulari

105 1279 279 1328 debuit
315 1295 501 1343 poenas
540 1295 592 1328 se
630 1295 688 1328 ac
719 1295 835 1328 suos
868 1278 1060 1329 dedisse
1090 1282 1307 1328 testatus
1338 1282 1435 1342 est,
1473 1280 1650 1329 suadet
1681 1297 1802 1343 quo·

106 1371 203 1418 que
236 1354 551 1403 concordiam
582 1356 633 1402 et
662 1355 716 1402 in
748 1353 911 1402 alieno
936 1354 1155 1418 periculo
1196 1354 1457 1403 consilium
1489 1356 1662 1404 contra
1686 1354 1803 1403 dare

104 1427 364 1491 formidat3
401 1430 456 1476 in
487 1429 593 1477 eius
625 1444 776 1477 causa
806 1428 958 1478 etiam
989 1429 1121 1477 dona
1150 1428 1422 1477 vincuntur
1452 1431 1502 1478 et
1525 1428 1637 1477 auri
1666 1430 1801 1492 cupi-

105 1502 235 1551 ditas
274 1503 514 1551 temnitur
552 1504 640 1551 aut
670 1518 788 1551 sane
825 1504 1167 1567 postponitur,
1208 1519 1305 1565 quo
1343 1502 1487 1564 fides,
1535 1519 1633 1567 quo
1677 1504 1804 1552 solet

105 1576 264 1626 omnis
303 1578 456 1625 etiam
493 1576 808 1625 necessitudo
855 1577 1126 1640 corrumpi3
1182 1577 1354 1626 laudes
1402 1578 1558 1625 animi
1607 1577 1713 1626 eius
1754 1580 1804 1626 et

105 1651 324 1714 corporis
362 1652 685 1714 prosequitur
721 1652 954 1700 inimicus
993 1654 1044 1700 et
1080 1652 1268 1700 fatetur
1305 1653 1492 1700 metum
1533 1652 1620 1714 qui
1657 1654 1802 1715 puta-

102 1725 252 1774 batur
289 1727 511 1774 extitisse
549 1727 789 1789 superior.
856 1725 1183 1789 praeponitur
1221 1726 1426 1775 deorum
1463 1728 1515 1774 et
1551 1725 1716 1774 Fauni
1754 1728 1804 1774 et

102 1798 274 1848 Latini
305 1799 486 1849 iudicio
519 1801 710 1849 cunctis
734 1800 1060 1863 petitionibus
1086 1816 1235 1864 gener
1259 1802 1309 1848 et
1331 1801 1585 1862 praelatus
1610 1800 1801 1849 civibus

103 1875 296 1923 cunctis
333 1875 442 1937 ipse
480 1874 680 1938 dignior
714 1874 981 1923 iudicatur.
1056 1874 1264 1923 Iunonis
1305 1874 1420 1923 odia
1458 1874 1655 1923 devicta
1694 1889 1800 1923 suc-

104 1948 345 1997 cumbunt
373 1948 704 2012 factionisque
735 1946 843 1997 eius
874 1951 1154 1998 commenta
1188 1949 1470 2011 solvuntur,
1510 1944 1680 2014 [nihil]
1722 1965 1801 1997 ex-

104 2023 315 2071 citatum
359 2021 411 2070 in
458 2022 564 2071 eius
610 2023 879 2086 perniciem
923 2039 1082 2084 mare,
1128 2023 1255 2071 nihil
1305 2025 1606 2072 commotum
1655 2038 1801 2086 saepe

102 2096 266 2145 valuit
311 2097 504 2145 caelum
549 2113 639 2146 nec
687 2098 881 2160 profuit
934 2097 995 2145 ab
1050 2097 1223 2145 inferis
1270 2099 1527 2146 evocatam
1572 2097 1801 2146 Furiam:

104 2173 276 2219 contra
315 2171 483 2219 omnia
522 2171 741 2220 obtinuit
778 2172 990 2220 felicitas
1029 2171 1139 2220 viri.
1207 2172 1257 2219 et
1293 2173 1473 2221 virtuti
1511 2172 1614 2220 eius
1654 2173 1801 2220 cessit

104 2245 193 2308 qui
231 2245 488 2308 superavit
516 2245 670 2293 Ilium
709 2247 760 2293 et
796 2261 897 2293 non
935 2247 1041 2294 tam
1078 2245 1341 2294 victoriam
1379 2262 1431 2296 se
1467 2247 1520 2294 in
1560 2262 1617 2294 eo
1651 2262 1800 2309 quae-

103 2321 246 2381 sisse,
286 2319 372 2368 sed
401 2319 659 2382 piaculum
691 2319 949 2368 admisisse
979 2320 1192 2368 testatus
1225 2323 1312 2369 est.
1366 2322 1487 2369 haec
1517 2321 1614 2368 loci
1650 2335 1800 2368 causa

103 2393 238 2442 dicta
277 2395 414 2455 sunt,
453 2396 669 2442 ceterum
699 2410 788 2456 per
818 2394 978 2442 omnis
1002 2393 1154 2443 libros
1181 2410 1332 2456 quam
1354 2396 1616 2443 materiam
1647 2394 1799 2456 scrip·

104 2468 170 2515 sit
207 2470 359 2530 poeta
396 2467 649 2516 evidenter
680 2467 917 2516 ostendit:
955 2469 1118 2516 totum
1156 2469 1288 2517 enim
1318 2485 1537 2530 carmen,
1575 2470 1633 2516 ut
1669 2467 1800 2516 inter

223 2643 248 2681 2
292 2639 412 2683 enim
442 2637 485 2681 V
528 2653 560 2683 e.
601 2639 865 2683 huiusmodi
909 2639 980 2683 ed.
1119 2644 1144 2683 3
1187 2646 1297 2684 sunt
1338 2640 1409 2683 ed.
1461 2639 1465 2697 J
1522 2653 1677 2695 reyum
1724 2639 1796 2682 ed.

103 2703 131 2741 4
161 2699 441 2742 necessariae
463 2697 506 2741 V
538 2699 635 2742 -rio
666 2697 738 2741 ed.
862 2702 886 2742 7
913 2699 1168 2754 proferitur
1197 2699 1252 2744 V.
1378 2702 1432 2741 10
1456 2700 1694 2755 profertur
1724 2699 1796 2742 ed.

106 2761 162 2800 14
186 2770 359 2812 poenas
390 2771 445 2801 ac
467 2756 509 2800 V
534 2771 582 2813 p.
616 2770 661 2801 se
692 2770 747 2801 ac
777 2770 860 2800 nos
891 2772 947 2802 ac
977 2758 1068 2802 del.
1094 2758 1164 2803 ed.
1291 2763 1344 2802 16
1379 2759 1627 2802 vincuntur
1657 2757 1698 2798 V
1729 2771 1797 2802 re-

102 2821 312 2860 nuuntur
342 2815 414 2860 ed.
538 2821 592 2859 17
624 2818 927 2861 contemnitur
956 2817 1028 2862 ed.
1076 2818 1081 2875 Ι
1131 2819 1297 2862 ausoni
1321 2818 1616 2872 postponitur
1642 2816 1684 2858 V
1715 2821 1799 2861 aut

103 2888 212 2918 sane
241 2888 286 2930 p.
318 2888 402 2918 nos
438 2889 526 2919 om.
560 2875 631 2919 ed.
755 2879 811 2918 22
842 2875 1075 2922 iudicatus
1105 2876 1176 2920 cd.
1299 2880 1354 2919 23
1387 2877 1633 2920 excitatum
1657 2874 1699 2918 V
1723 2876 1795 2919 ed.

102 2934 222 2977 nihil
261 2934 469 2989 praefixi.
591 2938 647 2977 25
689 2940 949 2980 revocatam
985 2935 1057 2980 ed.
1188 2940 1242 2979 27
1285 2940 1380 2979 tam
1417 2934 1462 2978 V
1502 2939 1681 2979 tantum
1723 2935 1794 2978 ed.

105 2996 159 3035 29
192 2994 422 3049 scripserit
452 2993 523 3037 ed.
