2050 3226
775 216 1080 262 Annnmos
1111 216 1174 260 1x
1713 221 1820 274 227

132 357 215 420 plo
256 357 608 406 salutationem
647 356 808 405 dicere
854 371 1140 419 possumuS‚
1186 372 1286 405 non
1332 372 1442 404 eam
1486 358 1684 405 tantum
1723 375 1825 420 qua

131 430 394 479 matutinis
432 430 568 478 horis
605 430 683 478 uti
720 431 1064 480 consuevimus
1102 447 1276 479 verum
1314 430 1465 478 etiam
1494 431 1636 479 illam
1676 448 1823 495 quam

133 505 368 553 abeuntes
414 505 741 567 relinquimus
794 504 1107 553 remansuris.
1188 505 1241 552 in
1300 520 1450 553 causa
1506 505 1826 554 lacrimarum

130 579 328 640 matris,
366 579 409 626 si
448 578 599 627 etiam
636 578 836 627 flentem
875 580 1117 640 cerneret,
1154 579 1248 627 hoc
1278 579 1389 627 vult
1419 579 1698 642 ostendere,
1728 580 1824 628 itu-

81 665 100 698 5
130 671 242 701 rum
271 669 323 702 36
355 668 455 700 11011
487 668 614 714 esse,
644 654 838 702 vincere
864 652 996 701 enim
1026 668 1135 701 eam
1166 668 1362 702 necesse
1394 655 1524 702 esset
1558 670 1684 717 quae
1716 670 1824 702 cru-

132 727 291 776 ciatus
331 742 444 775 suos
485 727 652 776 effusis
690 727 888 776 fletibus
921 727 1232 790 adprobaret.
1301 728 1395 776 hoc
1425 743 1602 791 genere
1634 730 1835 790 quanta·

130 801 275 850 factis
308 801 671 850 commendatio
703 803 799 863 est,
832 817 946 850 cum
977 801 1232 850 subtiliter
1257 801 1440 850 dicitur
1476 805 1534 850 ut
1563 804 1623 850 tu
1653 803 1823 851 videas

128 878 322 938 patrem
352 877 517 937 tuum,
556 891 647 940 ego
679 891 791 924 sum
827 878 1040 924 matrem
1077 877 1507 940 religiosissimam
1537 876 1822 925 relicturus!

0 999 10 1010 ,
130 953 180 998 61
217 953 290 1006 tu,
330 964 435 1006 or0‚
474 950 634 998 solare
663 950 856 1010 inopem
886 953 931 998 et
959 965 1186 998 succurre
1215 951 1432 998 relictae:
1469 951 1669 1014 inopem
1701 950 1826 998 dixit
1842 960 1929 1000 290

57 1036 99 1068 10
127 1039 228 1071 11011
258 1023 540 1072 substantia
570 1024 834 1072 familiaris
865 1025 938 1072 rei
969 1025 1276 1085 exhaustam,
1308 1025 1394 1072 sed
1416 1024 1620 1074 minoris
1654 1026 1824 1086 animi,

3 1090 16 1146 Σ
129 1099 366 1161 quoniam
404 1098 666 1147 constabat
702 1099 844 1147 illam
882 1098 1160 1147 absentiam
1198 1098 1271 1146 fili
1309 1114 1469 1160 aequo
1501 1100 1665 1147 animo
1698 1101 1824 1148 ferre

3 1200 13 1222 ι
127 1189 227 1221 11011
273 1188 426 1235 posse.
507 1173 601 1221 hoc
639 1173 709 1221 ita
754 1188 858 1221 esse
906 1173 1046 1221 aliud
1083 1188 1282 1235 quoque
1320 1173 1502 1236 probat
1544 1175 1823 1236 exemplum

0 1249 17 1311 ξ
128 1262 228 1308 quo
260 1246 449 1295 dictum
479 1250 555 1295 est
594 1241 667 1314 (4,
686 1242 818 1313 300)
857 1248 1056 1309 „saevit
1092 1247 1237 1310 inops
1278 1247 1430 1295 animi
1443 1246 1484 1295 “.
1547 1264 1663 1312 ergo
1696 1248 1823 1309 fove,

0 1330 15 1391 3
126 1321 310 1383 inquit,
339 1323 503 1369 mente
534 1322 736 1384 inopem
766 1321 1018 1382 feminam,
1050 1321 1163 1370 fove
1195 1320 1455 1382 desertam,
1485 1322 1668 1370 habeat
1695 1322 1822 1371 sola·

0 1392 13 1447 ἓ
55 1407 96 1440 15
127 1395 258 1443 6111111
287 1397 433 1443 tuum
480 1397 531 1443 et
577 1395 854 1444 absentiam
899 1395 973 1443 fili
1017 1411 1118 1443 11011
1161 1396 1362 1444 sentiat.
1431 1396 1558 1444 hanc
1601 1397 1708 1444 sine
1748 1411 1824 1444 me

0 1446 17 1481 κ
125 1483 260 1528 spem
296 1471 425 1530 ferre
463 1470 555 1526 tui,
597 1470 853 1518 audentior
889 1470 967 1518 ibo
1004 1470 1060 1517 in
1090 1484 1235 1518 casus
1265 1471 1448 1518 omnis:
1485 1485 1714 1518 securum
1744 1487 1823 1518 me

124 1543 274 1591 redde
298 1543 358 1591 de
381 1543 608 1606 partibus
631 1543 823 1605 matris,
855 1559 946 1607 ego
978 1545 1137 1592 omnis
1170 1559 1312 1592 casus
1337 1543 1615 1607 intrepidus
1640 1546 1820 1607 petam.

124 1632 357 1677 percussa
393 1621 549 1666 mente
586 1618 821 1666 dederunt
851 1618 1184 1666 Dardanidae
1222 1619 1474 1675 lacrimas,
1517 1623 1628 1666 ante
1666 1620 1823 1667 omnis

116 1692 322 1752 pulcher
350 1691 516 1748 IuluS,
550 1695 691 1751 atque
722 1693 944 1741 animum
967 1693 1165 1752 patriae
1187 1694 1385 1741 strinxit
1407 1694 1607 1752 pietatis
1636 1694 1822 1754 imaqo:

6 1777 10 1800 ⁶
51 1777 95 1810 20
123 1765 242 1814 116613
271 1765 399 1814 1110131
429 1769 593 1816 essent
624 1782 792 1816 omnes
824 1767 1059 1850 loquente
1083 1766 1319 1830 Euryalo,
1351 1767 1462 1830 plus
1490 1770 1657 1816 tamen
1681 1767 1820 1816 Iulus

5 1847 9 1850 ’
64 1837 72 1857 ”
124 1855 386 1903 percussus
425 1843 521 1903 est3
560 1857 676 1890 nam
714 1840 820 1889 eius
859 1841 1080 1890 animum
1118 1841 1393 1925 exagitavit
1418 1841 1631 1903 Euryali
1661 1857 1819 1889 exem-

3 1915 7 1928 '
125 1914 265 1976 plum
310 1916 361 1962 et
406 1914 640 1963 accedens
686 1916 867 1964 caritas
912 1915 1094 1978 patriS,
1148 1915 1386 1999 quoniam
1433 1915 1611 1965 similis
1657 1916 1822 1964 fuerat

126 2003 275 2037 causa
299 1990 350 2036 et
372 1987 431 2036 de
462 1989 750 2050 parentibus
784 1989 1042 2054 agebatur.
1104 1990 1288 2053 quippe
1321 1991 1535 2038 alterum
1567 1989 1821 2039 cruciabat

125 2063 284 2125 patris
309 2061 549 2123 absentia,
584 2063 795 2112 alterum
818 2063 1050 2112 movebat
1073 2064 1206 2127 quod
1228 2065 1383 2112 talem
1413 2066 1623 2112 matrem
1654 2064 1820 2112 fuerat

51 2146 94 2179 25
123 2136 403 2185 relicturus.
464 2140 566 2184 tum
602 2139 673 2186 sic
712 2139 912 2197 effatur:
950 2137 1208 2188 videamus
1246 2138 1349 2186 Iuli
1385 2154 1700 2201 responsum,
1739 2139 1819 2187 cui
1836 2147 1922 2186 295

126 2211 314 2259 dictum
345 2213 422 2259 est
450 2213 543 2273 „at
564 2213 645 2272 tu,
678 2227 786 2273 oro,
817 2212 977 2260 solare
1007 2212 1207 2275 inopem
1238 2215 1289 2261 et
1320 2228 1547 2261 succurre
1578 2212 1819 2261 relictae“

125 2288 175 2334 et
212 2286 379 2347 „hanc
416 2285 522 2333 sine
560 2302 638 2333 me
677 2301 816 2348 spem
854 2286 981 2334 ferre
1020 2288 1120 2348 tui,
1159 2286 1424 2336 audentior
1459 2287 1543 2335 ibo
1582 2288 1636 2334 in
1675 2302 1818 2336 casus

125 2358 334 2408 omnis“.
394 2359 576 2420 sponde
599 2360 751 2420 diqna
774 2360 871 2408 tuis
892 2361 1167 2421 inqentibus
1190 2362 1357 2410 omnia
1380 2362 1554 2422 coeptis
1563 2379 1581 2420 ‚·
1610 2375 1819 2420 namque

125 2435 214 2481 erit
242 2435 339 2481 ista
367 2434 494 2481 mihi⁴
514 2435 730 2494 qenetrix
760 2448 1025 2494 nomenque
1058 2433 1271 2483 Creusae
1307 2436 1464 2483 solum
1495 2435 1704 2495 defuerit
1732 2448 1819 2483 nec

51 2517 94 2549 8⁰
116 2511 321 2567 partum
354 2509 521 2568 qratia
557 2508 701 2556 talem
726 2523 891 2569 parva
919 2512 1103 2566 manet,
1144 2524 1288 2558 casus
1317 2511 1504 2569 factum
1535 2510 1818 2569 quicumque

123 2585 408 2641 sequentur:
447 2581 684 2645 quicquid
716 2583 834 2643 scis,
874 2583 968 2643 ait,
1007 2583 1267 2632 convenire
1297 2583 1487 2631 meritis
1519 2584 1642 2644 tuis,
1682 2582 1816 2644 quic-

245 2742 266 2780 1
300 2738 447 2782 dicere
469 2737 511 2781 V
536 2737 607 2781 ed.
641 2738 843 2783 discere?
879 2738 884 2796 Ι
918 2751 1055 2794 quam
1078 2738 1120 2783 V
1152 2753 1242 2795 qua
1274 2739 1346 2783 ed.
1440 2745 1464 2782 2
1496 2744 1548 2783 ut
1571 2738 1612 2782 V
1641 2740 1712 2782 uti
1743 2738 1814 2783 ed.

125 2801 152 2846 3
188 2797 398 2841 habentes
434 2797 700 2853 reliquimus
732 2796 772 2840 V
803 2810 916 2842 corr.
946 2797 1018 2841 ed.
1070 2798 1074 2856 Ι
1131 2799 1183 2843 111
1222 2812 1310 2843 om.
1347 2798 1418 2842 ed.
1540 2803 1567 2841 4
1607 2800 1742 2842 etiam
1774 2797 1815 2841 V

125 2869 223 2900 eam
262 2855 332 2900 ed.
457 2861 511 2900 10
544 2857 810 2901 exhaustam
836 2855 878 2900 V
910 2856 981 2900 ed.
1015 2862 1124 2902 -ta?
1247 2862 1302 2901 13
1334 2857 1454 2913 quod
1483 2857 1655 2900 dictum
1687 2861 1751 2901 est
1773 2855 1814 2899 V

125 2928 211 2970 quo
242 2929 275 2959 e.
302 2915 344 2959 d.
378 2915 448 2959 ed.
552 2920 606 2959 14
636 2916 799 2960 habeat
822 2914 864 2959 V
894 2921 947 2960 ut
974 2917 1018 2959 h.
1051 2916 1122 2960 ed.
1229 2921 1283 2960 18
1308 2917 1522 2972 perculsa
1546 2915 1587 2959 V
1612 2915 1700 2970 ed„
1732 2916 1813 2973 sed

116 2987 360 3029 percussus
389 2974 439 3017 in
469 2974 661 3030 interpr.
686 2973 741 3020 V.
865 2979 919 3017 19
952 2981 1085 3031 atque
1121 2989 1208 3020 om.
1236 2975 1289 3019 V.
1412 2979 1468 3019 28
1506 2975 1702 3031 spondeo
1741 2975 1809 3019 ed.

126 3037 178 3075 31
211 3039 418 3088 sequetur
450 3033 521 3076 ed.

1461 3122 1544 3165 15*
