2050 3226
750 156 1055 202 AENEIDOS
1086 156 1150 200 IX
1688 161 1798 214 243

103 298 272 346 tamen
304 297 547 360 angustiis
587 311 687 344 non
719 296 813 345 sibi
852 296 1032 359 defuit3
1072 298 1280 346 conatus
1312 299 1388 346 est
1418 298 1604 361 quippe
1638 300 1799 348 multa

104 387 194 435 pro
233 386 307 432 se,
358 370 442 420 sed
491 372 665 420 contra
714 373 793 419 tot
842 370 1162 420 difficultates
1210 371 1431 420 obtinere
1476 387 1576 420 non
1622 373 1799 421 valuit.

106 445 371 495 Sallustius
420 460 620 508 quoque
672 444 760 493 ubi
808 445 952 508 ponit
1001 448 1207 494 conatus
1257 447 1333 493 est
1385 445 1552 494 nullos
1597 446 1798 496 effectus

105 521 390 569 consecutos
437 519 656 568 ostendit
694 513 824 586 (Iug.
852 521 939 581 46,
974 522 1018 568 l.
1055 522 1139 581 71,
1165 513 1238 587 5).
1314 520 1432 580 quid
1467 520 1656 580 faciat?
1702 534 1800 580 qua

102 595 153 642 vi
189 595 410 642 iuvenem
455 594 630 653 quibus
677 594 858 642 audeat
902 595 1057 642 armis
1096 594 1312 655 eripere?
1373 609 1442 642 an
1478 608 1581 642 sese
1617 595 1800 643 medios
1817 603 1903 643 400

25 663 27 666 ⁴
101 669 368 716 moriturus
396 668 451 715 in
480 667 630 716 hostis
661 668 843 728 inferat
873 671 916 716 et
937 668 1200 728 pulchram
1222 671 1450 728 properet
1474 682 1566 730 per
1594 668 1802 717 vulnera

101 743 332 790 mortem?
395 742 512 805 quia
535 741 688 790 Nisus
712 741 997 805 perdiderat
1028 745 1261 792 eventum
1283 742 1473 805 primae
1494 742 1799 791 inventionis

102 831 242 878 suae,
287 815 340 864 in
387 815 795 865 deliberationem
838 819 1042 879 repente
1087 818 1314 866 mutatus
1362 819 1459 879 est,
1507 817 1593 866 sed
1637 818 1801 880 prima

100 889 191 939 illa
213 906 330 954 pars
354 891 456 939 fuit
479 892 771 952 aestuantis,
794 893 853 939 ut
885 891 1098 940 amicum
1120 891 1421 940 incolumem
1443 892 1497 941 vi
1519 894 1609 940 aut
1633 892 1799 953 armiS‚

102 963 146 1013 si
182 966 372 1028 posset,
412 964 626 1027 eriperet
664 969 776 1027 aut,
818 966 937 1028 quia
966 965 1021 1014 id
1052 968 1225 1014 contra
1262 966 1447 1015 multos
1486 965 1670 1029 inpleri
1700 981 1799 1014 non

100 1041 320 1102 poterat,
382 1039 610 1088 hostibus
665 1055 769 1090 sese
822 1041 930 1103 ipse
985 1055 1184 1103 quoque
1236 1040 1484 1104 ingereret
1543 1040 1799 1089 subiturus

101 1113 370 1177 gloriosam
415 1129 527 1162 cum
572 1113 705 1162 socio
754 1116 967 1163 mortem
1016 1131 1168 1178 quam
1225 1115 1571 1177 captivitatem
1626 1115 1800 1178 poenis

8 1217 17 1255 4„
102 1187 429 1236 deterioribus
475 1189 644 1236 fetam.
721 1189 855 1237 ocius
905 1188 1112 1237 adducto
1151 1192 1377 1248 torquens
1413 1189 1586 1238 hastile
1625 1189 1800 1238 lacerto

6 1270 11 1314 ἓ
100 1263 371 1323 suspiciens
409 1263 562 1311 altam
600 1263 771 1311 limam
817 1266 860 1310 et
903 1263 974 1311 sic
1015 1263 1140 1322 forte
1168 1266 1426 1324 precatur:
1465 1263 1800 1325 deliberantiS‚

29 1347 70 1382 15
100 1336 288 1400 inquit,
326 1337 448 1385 haec
486 1337 586 1384 fuit
621 1336 675 1384 in
706 1337 797 1384 illa
827 1335 1122 1385 necessitate
1155 1337 1424 1386 sententia:
1464 1337 1562 1386 cito
1602 1337 1802 1386 reduxit

8 1459 10 1462 ,
103 1427 216 1459 cum
253 1410 426 1459 hastili
464 1410 739 1472 dexteram,
787 1412 886 1460 cito
924 1411 1059 1473 ideo,
1105 1427 1167 1459 ne
1214 1412 1379 1460 locum
1415 1414 1673 1460 mutarent
1711 1412 1801 1475 qui

102 1485 382 1548 Euryalum
429 1485 734 1534 detinebant.
810 1485 1034 1534 reductio
1082 1487 1253 1534 autem
1288 1502 1466 1535 manus
1504 1486 1689 1535 idcirco
1727 1486 1800 1548 fit,

100 1560 158 1607 ut
202 1560 381 1608 fortius
427 1561 570 1608 exeat
619 1560 755 1623 quod
803 1559 957 1608 fuerit
1010 1559 1328 1609 destinatum.
1423 1561 1580 1610 altam
1627 1561 1799 1609 lunam

99 1634 388 1698 intellegere
438 1649 702 1698 possumus
755 1636 844 1683 aut
892 1634 1065 1698 magni
1113 1635 1318 1684 luminis
1372 1638 1460 1684 aut
1507 1635 1561 1683 in
1607 1635 1799 1684 excelsa

27 1718 70 1752 2⁰
100 1708 226 1756 caeli
270 1711 413 1772 parte
452 1708 797 1771 constitutam3
853 1709 959 1757 alta
997 1708 1128 1758 enim
1166 1725 1268 1758 non
1323 1712 1398 1758 est
1449 1711 1503 1757 in
1554 1711 1667 1758 ortu
1718 1709 1799 1758 vel

99 1782 282 1831 mensis
319 1783 438 1844 fine,
489 1784 608 1846 quia
653 1798 755 1831 non
802 1784 976 1847 magni
1014 1785 1090 1832 est
1127 1783 1330 1833 luminis
1370 1786 1421 1832 et
1458 1783 1620 1832 medio
1660 1784 1797 1832 caelo

100 1872 199 1904 non
252 1856 464 1906 videtur.
539 1857 617 1906 his
668 1874 786 1922 ergo
837 1857 1132 1921 deprecatus
1186 1861 1262 1907 est
1310 1858 1475 1907 verbis
1526 1858 1797 1921 suspiciens

101 1946 231 1992 eam,
282 1931 555 1995 suspiciens
606 1934 694 1980 aut
741 1934 1008 1981 veneratus
1054 1934 1112 1980 ut
1158 1933 1302 1981 deam
1348 1935 1438 1981 aut
1482 1933 1535 1981 in
1584 1947 1799 1996 superna

101 2004 344 2068 aspiciens
383 2007 443 2054 ut
478 2005 531 2053 in
574 2006 762 2055 excelso
803 2006 1150 2055 constitutam:
1197 2011 1270 2064 tu,
1322 2007 1436 2064 dea,
1476 2010 1529 2055 tu
1557 2021 1799 2067 praesens

26 2088 70 2122 2⁵
99 2082 262 2128 nostro
293 2094 520 2128 succurre
551 2080 728 2137 labori,
770 2084 1015 2129 astrorum
1050 2081 1195 2130 decus
1225 2085 1269 2130 et
1297 2095 1548 2130 nemorum
1580 2081 1798 2131 Latonia
1815 2088 1902 2128 405

101 2157 282 2202 custos:
319 2153 525 2216 idcirco,
562 2153 754 2217 inquit,
793 2157 844 2203 te
882 2171 1027 2220 rogo,
1068 2156 1189 2218 quia
1221 2155 1315 2204 dea
1347 2157 1398 2204 et
1429 2156 1537 2204 sola
1568 2170 1618 2204 es
1658 2172 1797 2218 prae-

100 2243 225 2277 sens.
311 2243 538 2277 succurre
602 2228 765 2277 labori
819 2231 1012 2278 nostro:
1085 2231 1330 2294 generalis
1387 2230 1589 2294 petitio,
1647 2246 1798 2293 quam

101 2302 421 2365 sequentibus
468 2303 810 2365 patefacturus
858 2306 955 2365 est3
1004 2303 1145 2367 prius
1192 2305 1324 2352 enim
1362 2305 1474 2354 vult
1511 2320 1796 2353 enumerare

102 2375 338 2438 obsequia
383 2378 526 2424 iuxta
573 2392 683 2424 eam
731 2378 811 2425 sui
855 2378 1015 2440 patris
1055 2380 1107 2427 et
1144 2393 1257 2441 sua,
1307 2378 1581 2442 praemissa
1618 2378 1795 2426 nihilo·

28 2460 72 2494 so
100 2451 266 2500 minus
303 2451 473 2513 laude3
522 2453 695 2499 amant
733 2452 863 2499 enim
902 2453 1108 2501 numina
1146 2453 1346 2502 laudari
1384 2469 1496 2502 cum
1533 2454 1794 2517 rogantur:

99 2526 159 2572 tu
190 2540 263 2586 es,
303 2526 396 2587 ait,
437 2527 684 2574 astrorum
716 2528 1066 2575 ornamentum
1097 2528 1148 2575 et
1179 2528 1326 2576 decus
1359 2527 1506 2590 caeli,
1545 2530 1601 2576 tu
1632 2542 1797 2575 nemo-

220 2685 245 2724 3
286 2681 344 2725 de
383 2681 625 2737 Sallustio,
663 2684 719 2726 ut
747 2682 952 2737 videtur,
983 2683 1035 2727 in
1064 2683 1277 2741 margine
1309 2682 1490 2739 aliquid
1521 2682 1795 2726 adnotatum

102 2741 173 2783 cst
203 2754 344 2783 manu
375 2741 572 2795 recenti,
606 2741 731 2798 quod
763 2741 918 2798 legere
949 2756 1043 2787 non
1072 2743 1220 2799 potui.
1340 2748 1394 2786 12
1427 2757 1631 2799 quam—
1653 2745 1705 2784 13
1729 2742 1794 2795 fe-

102 2804 195 2843 tam
225 2813 314 2844 om.
340 2800 411 2844 ed.
535 2805 590 2845 13
616 2806 771 2858 petam
797 2800 836 2844 V
866 2801 1006 2856 fetam
1036 2816 1120 2846 nos
1153 2802 1210 2846 cf.
1235 2806 1335 2846 405.
1460 2806 1515 2844 14
1553 2802 1696 2845 altam
1733 2801 1796 2845 ad

103 2858 261 2902 lunam
291 2860 358 2904 sic
387 2873 490 2904 voce
520 2860 591 2904 ed.
705 2864 760 2903 20
792 2861 958 2905 alta—
979 2865 1035 2904 24
1058 2863 1350 2906 constitutam
1382 2874 1470 2904 om.
1497 2860 1567 2904 ed.
1685 2864 1739 2903 21
1773 2874 1796 2904 e

102 2917 247 2962 medio
270 2917 313 2961 V
343 2923 385 2963 et
414 2934 470 2963 m.
503 2933 601 2964 nos.
709 2923 764 2963 28
797 2933 1121 2965 connumerare
1152 2920 1224 2965 ed.
1327 2923 1382 2963 29
1415 2934 1513 2964 eam
1537 2919 1579 2962 V
1608 2933 1794 2964 causam

104 2975 174 3019 ed.
220 2976 224 3034 Ι
266 2979 588 3033 praemissa—
608 2982 663 3022 30
690 2979 824 3024 laude
850 2977 884 3022 V
916 2979 1124 3035 corrupit
1155 2979 1227 3024 ed.

1441 3066 1525 3110 16*
