2050 3226
771 163 1076 210 AENEmos
1107 162 1171 208 1x
1708 168 1815 222 261

129 306 173 353 si
203 304 429 367 plurimis
461 302 782 367 loqueretur?
829 305 1061 367 apparet,
1094 302 1283 368 inquit,
1312 306 1363 353 te
1395 319 1498 354 esse
1531 304 1822 367 dementem,

129 378 327 442 quando
374 377 588 442 sperasti
631 380 683 427 te
727 393 864 427 meas
909 393 1088 426 manus
1134 393 1416 428 evasurum.
1492 379 1692 441 quando
1730 380 1823 428 hoc

127 452 222 500 tibi
260 451 521 516 provenire
559 454 749 516 posset,
795 454 854 501 ut
890 452 1104 514 vivereS‚
1150 451 1238 515 qui
1275 455 1562 515 sequentem
1601 453 1823 501 Turnum

37 523 39 534 ²
127 529 269 575 ratus
300 541 350 576 es
381 527 555 590 fugam
584 528 725 575 tuam
756 526 1046 590 praevenire
1086 541 1185 574 non
1223 525 1402 590 posse?
1458 527 1607 575 simul
1646 527 1824 587 arripit

43 640 58 669 ᾗ,
126 602 290 661 ipsum
325 601 617 661 pendentem
655 603 699 649 et
733 615 917 662 mayna
962 602 1094 648 muri
1139 615 1246 649 ewm
1276 603 1424 660 parte
1462 601 1668 649 revellit:
1715 616 1822 650 ecce

129 677 374 738 quantum
424 674 622 738 proficit
669 674 939 737 pernicitas
989 673 1168 723 Turni:
1217 675 1320 723 iam
1369 677 1596 724 evaserat
1644 674 1824 738 LycuS,

126 750 229 798 iam
259 748 463 798 tenebat
492 750 627 810 tuta,
667 748 905 811 denique,
943 764 1058 797 cum
1088 765 1201 797 eum
1230 748 1531 812 pendentem
1560 749 1824 812 rapuisset,

127 839 240 872 cum
277 822 409 871 muri
446 826 588 886 parte
629 839 783 885 quam
830 823 1036 872 tenebat
1083 824 1289 873 avulsus
1329 825 1417 873 est.
1493 823 1586 872 hoc
1635 823 1824 872 factum

127 900 203 946 est
241 897 408 946 Turno
446 897 702 960 loquente,
741 912 803 945 ne
843 897 1072 946 effectum
1109 897 1336 961 perderet
1371 896 1662 961 increpatio,
1730 898 1823 946 hoc

32 1015 42 1039 r
127 973 204 1021 est
242 971 375 1035 quod
413 972 488 1020 ait
525 971 675 1020 simu]
714 971 894 1035 arripit
929 971 1094 1036 ipsum
1139 971 1457 1035 pendentem,
1501 973 1562 1019 ut
1599 972 1824 1020 Turnum

31 1090 46 1102 ,,
128 1050 178 1096 et
232 1046 458 1095 locutum
514 1061 619 1095 esse
678 1048 728 1094 et
784 1045 947 1095 verbis
1000 1046 1189 1094 factum
1242 1045 1455 1095 sociasse
1508 1047 1822 1095 monstraret.

128 1120 289 1180 qualis
318 1121 404 1169 ubi
435 1124 522 1168 aut
552 1120 758 1180 leporem
790 1123 877 1168 aut
906 1120 1133 1168 candenti
1163 1134 1358 1180 corpore
1390 1135 1590 1182 cycnum
1627 1121 1824 1168 sustulit

129 1195 231 1243 alta
264 1198 431 1255 petens
466 1194 679 1254 pedibus
715 1194 854 1242 Iovis
899 1195 1112 1255 armiger
1154 1195 1319 1242 uncis:
1366 1194 1655 1258 conparatio
1702 1210 1821 1257 quo·

127 1268 274 1318 modo
314 1268 510 1317 Turnus
548 1267 720 1331 rapuit
747 1267 960 1330 Lycum:
1000 1268 1418 1331 quemadmodum
1457 1269 1604 1329 solet,
1641 1267 1822 1332 inquit,

36 1382 42 1406 3
130 1342 302 1406 aquila
347 1342 598 1407 unguibus
644 1343 862 1405 leporem
907 1344 1075 1391 tenere
1119 1342 1199 1391 vel
1250 1358 1476 1405 cycnum.
1551 1344 1823 1402 quaesitum
1840 1351 1924 1391 565

130 1421 216 1466 aut
244 1418 393 1465 matri
421 1417 588 1465 multis
620 1417 865 1465 balatibus
896 1431 1079 1478 aynum
1102 1417 1326 1465 Martius
1357 1432 1390 1465 a
1419 1417 1627 1466 stabulis
1656 1418 1825 1476 rapuit

130 1493 299 1552 lupus:
345 1493 436 1540 aut
481 1491 728 1553 quomodo
782 1490 910 1539 solet
946 1491 1094 1554 lupus
1142 1507 1327 1555 agnum
1364 1490 1516 1540 matri
1554 1490 1822 1554 subripere.

128 1566 299 1630 aquila
351 1568 402 1614 et
453 1566 625 1629 lupus,
687 1565 868 1628 quibus
922 1565 1148 1613 Turnum
1205 1565 1520 1628 conparavit,
1582 1565 1822 1614 animalia

130 1642 246 1689 sunt
291 1641 414 1688 satis
461 1642 627 1689 astuta
665 1642 715 1688 et
753 1640 818 1688 ad
855 1639 1149 1702 rapiendum
1188 1641 1470 1703 aptissima,
1516 1639 1658 1702 lepus
1703 1650 1822 1688 vero

127 1717 178 1763 et
216 1729 397 1778 cycnus
436 1729 629 1778 semper
666 1714 880 1777 praedae
919 1714 1131 1763 subiecti
1170 1717 1222 1763 et
1259 1729 1382 1777 quos
1421 1730 1613 1776 semper
1649 1713 1822 1763 feritas

128 1779 272 1837 tanta
326 1788 582 1852 despiciat.
671 1789 765 1837 hoc
817 1789 976 1853 igitur
1035 1788 1225 1837 factum
1281 1804 1392 1837 cum
1446 1788 1642 1837 Turnus
1696 1788 1823 1835 mira

129 1864 380 1912 celeritate
427 1864 725 1926 conplesset‚
774 1863 989 1923 undique
1039 1863 1222 1911 clamor
1270 1863 1472 1922 tollitur;
1530 1863 1641 1926 quis
1692 1863 1824 1910 enim

128 1954 228 1986 non
267 1935 498 1986 laudaret
526 1936 763 1986 virtutem
793 1939 989 1986 tantam
1028 1939 1079 1986 et
1115 1937 1396 1986 velocitatis
1435 1935 1703 1986 eventum?
1749 1938 1823 1983 in-

129 2012 317 2060 vadunt
377 2015 421 2059 et
470 2014 635 2072 fossas
696 2026 867 2072 ayyere
921 2012 1164 2072 conplent:
1225 2012 1415 2060 occasio
1470 2027 1640 2059 eorum
1694 2026 1823 2073 quae

20 2123 29 2149 5,
56 2097 98 2130 25
131 2086 359 2135 Troianis
414 2085 699 2134 acciderant
753 2086 891 2134 dedit
943 2085 1147 2134 Rutulis
1201 2085 1472 2134 invadendi
1526 2086 1721 2148 copiam
1774 2088 1824 2133 et

130 2161 446 2224 congestione
486 2162 647 2208 terrae
685 2160 843 2209 fossas
883 2159 1122 2223 inplendi.
1184 2160 1402 2208 ardentis
1434 2160 1604 2208 taedas
1636 2160 1726 2208 alii
1758 2159 1824 2206 ad

128 2235 332 2296 fastiyia
362 2234 570 2282 iactant:
609 2233 782 2283 evictis
821 2234 953 2282 enim
990 2235 1135 2283 fossis
1174 2234 1321 2284 facile
1359 2249 1519 2297 usque
1559 2234 1622 2283 ad
1659 2233 1822 2296 ipsam

129 2310 306 2358 turrim
345 2308 514 2372 potuit
551 2307 821 2371 perveniri,
861 2323 958 2371 quo
998 2308 1187 2357 factum
1223 2312 1299 2358 est
1334 2311 1392 2357 ut
1421 2323 1578 2370 usque
1610 2307 1675 2356 ad
1712 2309 1823 2369 ipsa

131 2383 336 2448 fastigia
383 2384 692 2431 iactarentur
739 2383 895 2444 faces,
943 2384 1002 2430 ut
1047 2398 1078 2431 a
1116 2397 1309 2431 summo
1361 2383 1538 2432 ardens
1587 2382 1823 2429 inferiora

6 2491 37 2522 (ᾗ
58 2470 100 2502 3ο
130 2457 342 2507 flammis
390 2459 440 2506 et
484 2456 630 2505 ruina
677 2456 937 2519 deciperet.
1013 2457 1234 2505 Ilioneus
1283 2472 1403 2505 saxo
1454 2459 1594 2517 atque
1642 2455 1822 2516 inyenti

130 2532 374 2593 fraqmine
402 2532 579 2579 montis
609 2531 865 2579 Lucetium
897 2534 1070 2591 portae
1100 2532 1380 2580 subeuntem
1409 2532 1629 2591 iynisque
1665 2530 1822 2589 feren-
1839 2535 1924 2575 570

131 2611 243 2662 tem,
294 2606 594 2654 Emathiona
639 2605 809 2666 Liber,
865 2603 1170 2666 Corynaeum
1214 2606 1385 2653 sternit
1428 2604 1624 2652 Asilas:
1674 2603 1823 2650 semel

131 2681 352 2743 positum
398 2680 576 2728 sternit
619 2681 698 2727 ter
744 2678 1107 2742 accipiendum,
1158 2680 1396 2742 quoniam
1445 2678 1536 2726 tris
1586 2693 1615 2725 a
1661 2676 1821 2725 tribus

0 2898 13 2937 ,
253 2869 278 2908 6
311 2866 496 2921 proficit
524 2864 567 2908 V
598 2865 782 2922 profuit
818 2863 889 2908 ed.
1012 2868 1067 2908 23
1100 2865 1370 2909 laudaretur
1400 2869 1546 2907 autem
1580 2867 1757 2906 tantam
1780 2861 1821 2904 V

135 2925 162 2967 l.
188 2930 377 2980 propter
406 2930 586 2969 tantum
618 2924 688 2968 ed.
723 2923 936 2968 laudaret
964 2924 1174 2968 virtutem
1206 2929 1381 2968 tantam
1417 2927 1457 2966 et
1493 2936 1589 2965 nos.
1641 2924 1645 2978 Ι
1696 2935 1820 2965 even-

134 2988 229 3027 tum
252 2982 294 3026 V
326 2984 528 3038 effectum
560 2983 630 3028 ed.
755 2987 811 3027 30
843 2983 1063 3041 deciperet
1085 2982 1126 3026 V
1159 2983 1347 3027 deiceret
1379 2981 1450 3025 ed.
