2050 3226
809 224 1113 270 AENEmos
1143 224 1208 269 1x
1750 229 1854 282 189

164 365 352 414 stellas:
390 381 479 414 cur
515 364 814 414 rescinditur
850 365 956 414 sine
993 363 1209 414 nubibus
1242 364 1468 414 caelmn‘z>
1522 380 1610 414 cur
1638 366 1853 415 reductis

163 438 385 488 hiatibus
426 438 683 503 aperitur?
737 455 825 487 cur
873 439 1047 488 stellae
1096 439 1250 488 radiis
1301 439 1420 488 solis
1467 456 1527 487 ex
1571 455 1708 487 more
1755 456 1855 488 non

165 513 346 562 cedunt
383 516 434 562 et
469 517 621 577 rupta
658 514 767 577 lege
805 515 1016 561 naturae
1056 513 1233 562 alienis
1272 513 1580 576 temporibus
1611 515 1665 562 in
1695 515 1854 562 lucem

164 588 332 636 venire
363 604 464 637 non
496 586 758 636 dubitant?
797 603 910 636 cum
941 587 1063 636 haec
1093 589 1354 649 tractaret,
1394 588 1600 637 collecto
1633 604 1689 636 eo
1723 588 1856 651 quod

162 663 242 711 tot
271 662 416 726 signa
445 662 793 711 monstrabant
821 661 1001 724 incipit
1029 661 1248 710 iudicare
1283 662 1342 710 de
1373 662 1615 711 omnibus.
1668 677 1854 722 sequor,

162 737 345 800 inquit,
383 738 550 785 omina
580 739 732 792 tanta,
766 737 985 796 quisquis
1015 736 1070 783 in
1101 751 1245 784 arma
1273 751 1442 785 vocas:
1480 738 1533 784 in
1563 736 1665 784 illis
1698 736 1854 800 signis

163 810 311 859 facile
349 810 447 859 fuit
484 811 783 860 sententiam
822 810 1005 872 dicere,
1046 810 1166 872 quia
1195 810 1381 859 bellum
1410 810 1514 859 iam
1543 811 1596 858 in
1625 810 1855 859 manibus

163 884 276 933 fuit.
344 886 395 933 et
422 887 591 933 tamen
620 886 715 934 iste
747 900 847 932 non
878 886 983 932 tam
1014 884 1243 932 futurum
1272 884 1458 933 bellum
1489 885 1616 934 dixit
1646 884 1858 946 ostendi,

164 959 251 1008 sed
302 961 507 1008 eventus
562 959 666 1008 eius
719 974 980 1022 prosperos
1032 959 1374 1007 demonstrari.
1450 959 1623 1022 itaque
1679 959 1752 1007 ait
1803 960 1857 1007 in

164 1048 394 1096 campum
432 1049 604 1095 vocor,
652 1049 834 1096 sequor
871 1035 1243 1095 provocantem,
1285 1033 1522 1095 quoniam
1558 1035 1694 1082 laeta
1732 1050 1855 1081 nun·

163 1108 359 1155 fiantur
397 1108 446 1155 et
483 1105 733 1171 prospera.
799 1107 918 1155 fecit
955 1107 1078 1155 haec
1115 1107 1195 1156 vel
1225 1108 1393 1170 potius
1433 1107 1561 1155 dixit
1597 1107 1857 1156 hominum

163 1197 321 1243 more,
371 1183 430 1230 ut
474 1198 564 1244 pro
605 1198 655 1230 86
692 1181 1007 1245 intellegeret
1044 1181 1179 1244 quod
1217 1198 1383 1229 rerum
1422 1182 1582 1230 exitus
1621 1182 1858 1245 probavit

165 1255 450 1318 adversum3
490 1258 635 1320 signa
668 1255 853 1318 quippe
890 1255 982 1304 illa
1020 1255 1282 1304 constabat
1321 1271 1425 1304 esse
1466 1258 1731 1317 contraria,
1770 1255 1856 1304 sed

165 1330 390 1378 Turnum
419 1332 642 1394 gratiosa
674 1329 958 1378 coniectura
988 1328 1197 1378 fallebat
1220 1346 1323 1392 qua
1353 1330 1568 1392 putabat
1596 1330 1857 1379 interitum

163 1404 412 1465 hostibus,
453 1421 552 1453 non
593 1404 688 1453 sibi
725 1403 957 1466 portendi
995 1407 1045 1452 et
1082 1406 1378 1466 provocanti
1414 1404 1656 1453 inminere
1695 1405 1857 1467 perni-

164 1479 310 1540 ciem,
365 1478 484 1541 quia
522 1478 649 1526 dixit
686 1493 866 1541 sequor
912 1477 1080 1526 omina
1125 1479 1292 1540 tanta,
1346 1479 1570 1541 quisquis
1617 1480 1670 1526 in
1718 1495 1858 1527 arma

163 1567 332 1613 vocas,
384 1568 495 1600 cum
532 1553 699 1616 ipsum
737 1554 989 1601 constaret
1024 1551 1242 1615 priorem
1280 1569 1416 1601 arma
1455 1554 1739 1615 sumpsisse.
1817 1556 1860 1600 et

162 1627 234 1674 sic
271 1628 447 1686 effatus
478 1627 545 1675 ad
581 1627 771 1675 undam
799 1628 1038 1687 processit
1074 1641 1353 1688 summoque
1390 1627 1556 1676 hausit
1585 1628 1643 1675 de
1669 1628 1858 1688 yuryite

164 1701 385 1762 lymphas
421 1701 577 1749 multa
615 1701 727 1749 deos
765 1715 916 1749 orans
954 1702 1264 1760 oneravitque
1302 1702 1497 1750 aethera
1540 1702 1686 1749 votis:
1738 1702 1859 1749 fecit

90 1787 134 1820 20
164 1775 361 1823 Turnus
401 1791 527 1837 quae
566 1775 728 1824 solent
764 1775 927 1823 facere
968 1776 1056 1837 qui
1094 1775 1246 1823 dubia
1285 1775 1501 1824 subituri
1547 1778 1684 1838 sunt3
1737 1777 1858 1823 tunc

166 1849 295 1896 enim
339 1848 539 1898 uberius
585 1850 787 1914 rogant,
841 1851 963 1898 tunc
1004 1849 1291 1898 numinibus
1331 1851 1530 1912 potiora
1569 1850 1859 1912 persolvunt

166 1925 216 1971 et
259 1922 497 1971 maiorem
543 1922 639 1971 sibi
677 1923 900 1972 favorem
939 1939 1171 1986 superum
1209 1924 1531 1986 promerendo
1572 1923 1856 1972 conciliant.

283 1996 490 2056 Iamque
546 1998 704 2045 omnis
761 1998 947 2058 campis
1009 1999 1243 2046 exereitus
1302 1999 1406 2046 ibat
1465 1999 1668 2058 apeme,
1724 1998 1858 2046 dives
1874 2007 1930 2046 25

166 2084 360 2131 equum,
416 2071 549 2118 dives
592 2072 750 2131 pictai
801 2073 946 2120 vestis
996 2076 1038 2119 et
1099 2073 1236 2119 auri:
1293 2072 1493 2135 iamque
1555 2071 1857 2120 celeritatem

92 2157 134 2189 25
166 2144 417 2208 significat
456 2145 782 2207 executionis,
824 2147 941 2209 quia
980 2145 1202 2194 dicturus
1242 2146 1409 2195 fuerat
1446 2146 1716 2195 exercitum
1756 2162 1856 2194 om-

165 2235 279 2266 nem
329 2219 481 2267 semel
531 2219 760 2282 effusum,
809 2220 1048 2269 maiorem
1094 2220 1278 2283 quippe
1316 2221 1689 2269 multitudinem
1729 2236 1857 2268 cam·

165 2308 345 2355 porum
375 2293 535 2341 maior
572 2295 741 2356 potuit
778 2294 1027 2357 capacitas
1066 2294 1206 2342 ferre.
1278 2296 1465 2358 campis
1506 2296 1692 2357 apertis
1732 2294 1860 2342 dixit

165 2367 217 2414 in
254 2383 491 2431 magnam
528 2367 846 2415 latitudinem
882 2367 1181 2430 iacentibus,
1219 2369 1357 2417 nullo
1397 2370 1732 2431 inpedimento
1765 2368 1858 2431 lig-

165 2456 342 2489 norum
392 2443 481 2489 aut
528 2441 711 2504 speciei
761 2442 979 2490 alterius.
1066 2442 1203 2491 dives
1259 2458 1461 2505 equum,
1516 2443 1651 2491 dives
1705 2442 1860 2504 pictai

93 2527 136 2558 30
168 2514 318 2564 vestis
358 2517 407 2562 et
446 2516 578 2578 auri3
616 2515 834 2578 pretium
874 2515 1006 2564 enim
1043 2518 1093 2565 et
1129 2517 1401 2565 multitudo
1442 2517 1605 2565 cultus
1645 2518 1695 2564 in
1727 2515 1856 2564 bello

288 2630 314 2668 3
345 2631 517 2670 natwra
540 2625 583 2669 V
614 2640 728 2671 corr.
761 2626 833 2670 ed.
954 2633 982 2671 4
1014 2633 1266 2673 tractarent
1295 2628 1337 2672 V
1369 2628 1440 2672 ed.
1478 2642 1591 2672 corr.
1628 2626 1700 2671 ed.
1735 2627 1856 2682 post.

170 2689 194 2728 7
226 2685 322 2729 iam
353 2699 441 2729 om.
468 2685 584 2729 edF.
670 2690 696 2729 8
718 2686 984 2741 futurorum
1007 2686 1049 2731 V
1074 2688 1145 2732 6(1.
1172 2701 1284 2731 corr.
1312 2688 1382 2731 ed.
1406 2690 1526 2743 post.
1607 2692 1658 2729 11
1684 2687 1794 2729 haec
1816 2684 1859 2727 V

167 2744 248 2788 hoc
287 2743 358 2787 ed.
403 2744 407 2802 l
450 2746 531 2800 qui
560 2744 602 2788 V
634 2745 704 2789 ed.
742 2746 852 2801 quia
886 2745 959 2790 ed.
990 2749 1111 2802 post.
1142 2747 1211 2791 vel
1241 2761 1325 2790 nos
1363 2750 1443 2803 (an
1474 2747 1586 2802 quin
1611 2746 1768 2800 potius
1799 2744 1856 2787 cf.

167 2817 208 2846 v.
236 2807 321 2846 73?
353 2803 435 2848 sed
466 2803 646 2847 nullum
679 2806 750 2848 est
782 2807 1085 2861 augmentum
1117 2806 1407 2860 sententiae).
1506 2809 1559 2847 13
1592 2804 1859 2848 constabant

170 2861 241 2906 cd.
355 2867 410 2906 14
441 2877 532 2918 qua
552 2862 595 2906 V
626 2865 736 2919 quia
767 2863 838 2907 ed.
950 2869 1004 2908 21
1038 2870 1146 2909 twnc
1175 2865 1443 2909 numinibus
1464 2863 1505 2907 V
1537 2878 1675 2919 quum
1705 2877 1751 2907 n.
1785 2862 1855 2906 ed.

171 2925 227 2963 24
257 2923 402 2966 ventis
430 2935 514 2977 pro
545 2923 678 2966 vestis
700 2921 755 2966 V.
799 2922 805 2980 Ι
848 2923 1090 2968 celeritatis
1120 2924 1191 2968 ed.
1284 2928 1339 2967 25
1372 2923 1572 2967 executio
1595 2921 1637 2965 V
1669 2923 1858 2966 -tionem

171 2979 240 3022 ed.
285 2979 289 3034 1
333 2981 413 3036 qui
435 2980 477 3024 V
508 2982 618 3036 quia
647 2995 731 3025 noe
762 2983 859 3026 eius
890 2983 970 3038 qui
1000 2983 1070 3027 ed.
1116 2983 1120 3040 Ι
1168 2983 1387 3027 ducturus
1419 2982 1489 3026 ed.
1583 2985 1638 3025 28
1670 2982 1858 3026 iacenti-

171 3038 252 3082 bus
274 3037 317 3081 V
341 3039 411 3082 ed.
438 3040 737 3095 patentibus?
