2078 3260
69 1027 111 1059 10

69 1397 109 1428 15

66 1767 110 1799 20

66 2138 109 2170 25

66 2508 109 2540 80

780 201 1085 249 AENEIDOS
1116 202 1202 246 XII
1304 152 1320 164 ⁶
1731 205 1839 259 615

147 346 198 392 et
242 344 323 392 hic
363 342 593 392 Oreteum
639 343 762 392 dicit
803 343 1173 406 interemptum.
1240 342 1486 406 quomodo
1535 341 1693 407 igitur
1733 344 1842 392 fieri

145 418 315 480 potuit
349 420 408 466 ut
446 418 593 466 homo
632 434 759 467 unus
799 418 1006 468 diversis
1045 417 1350 481 temporibus
1389 417 1464 465 bis
1503 417 1841 466 occideretur?

145 509 205 540 ne
245 492 391 555 quasi
428 493 714 540 inmemoris
753 495 930 556 poetae
968 492 1147 541 vitium
1194 490 1395 552 existat,
1440 491 1620 539 melius
1658 494 1734 540 est
1771 494 1842 540 sic

143 566 443 630 intellegere,
474 569 534 614 ut
565 567 693 614 alter
714 567 801 614 ille
833 566 986 615 fuerit
1008 567 1068 615 de
1093 582 1190 629 quo
1215 566 1343 614 dixit
1372 558 1447 632 (9,
1473 559 1605 633 775)
1636 565 1842 627 „Oretea

144 640 399 688 Musarum
438 641 690 702 comitem,
738 642 818 689 cui
861 642 1081 689 carmina
1127 656 1320 702 semper
1357 641 1408 688 et
1444 639 1667 688 citharae
1705 639 1843 689 cordi

143 729 470 777 numerosque
507 715 762 763 intendere
801 714 1014 763 nervis“.
1064 715 1298 776 denique,
1330 714 1374 762 si
1401 714 1534 762 idem
1564 715 1718 762 etiam
1747 714 1842 762 hoc

142 789 251 837 loco
282 789 474 849 fuisset,
514 791 637 838 artis
668 789 774 838 eius
806 791 857 837 et
887 790 1121 852 peritiam
1150 789 1368 837 musicae
1392 787 1627 837 scientiae
1657 789 1841 837 iterum

141 864 473 924 praetulisset.
534 878 621 912 nec
659 863 730 911 dii
767 867 921 911 texere
962 862 1241 923 Cupencum
1278 861 1450 911 Aenea
1485 863 1701 911 veniente
1737 863 1842 911 sui:
1858 874 1944 914 540

140 936 311 985 Aenea
361 938 590 986 veniente
638 953 739 986 non
788 939 1058 1000 potuerunt
1110 935 1395 999 Cupencum
1448 937 1519 984 dii
1567 939 1645 986 sui
1692 938 1840 985 tueri.

141 1010 272 1059 dedu
319 1013 462 1059 obvia
509 1012 641 1071 ferro
684 1016 884 1071 pectora
927 1026 1015 1060 nec
1061 1013 1237 1060 misero
1288 1011 1428 1072 clipei
1470 1026 1612 1059 mora
1649 1012 1844 1071 profuit

142 1087 297 1133 aeris:
343 1087 538 1134 tantum
578 1088 851 1148 oportunus
890 1086 989 1134 fuit
1026 1086 1091 1133 ad
1129 1085 1466 1148 excipiendam
1503 1087 1735 1146 mortem,
1782 1088 1843 1134 ut

140 1160 284 1208 illum
321 1176 411 1208 nec
449 1159 521 1207 dii
551 1160 629 1208 sui
667 1176 757 1208 nec
794 1161 1103 1208 munimenta
1137 1160 1358 1222 corporis
1389 1161 1644 1223 potuerint
1674 1159 1842 1208 defen-

142 1248 263 1282 sare.
319 1234 430 1296 quis
469 1235 601 1282 enim
640 1235 758 1283 deus
798 1234 948 1283 inerti
978 1236 1147 1296 posset
1177 1233 1418 1282 auxilium
1452 1234 1600 1295 ferre,
1640 1234 1840 1296 quando

142 1307 407 1357 adversum
445 1311 619 1370 pectus
665 1309 798 1357 ultro
838 1308 1022 1356 obtulit
1067 1309 1197 1356 ferro
1242 1310 1542 1370 tantumque
1593 1323 1645 1356 se
1696 1323 1839 1371 opor·

140 1385 317 1430 tunum
360 1383 612 1446 praebuit,
650 1385 711 1431 ut
747 1398 838 1431 nec
877 1383 1072 1431 obiectu
1112 1382 1260 1445 clipei
1295 1383 1492 1444 aliquas
1530 1383 1683 1431 morti
1721 1397 1839 1431 suae

140 1472 304 1506 moras
337 1456 586 1505 adferret?
639 1460 681 1505 te
704 1471 887 1518 quoque
909 1457 1185 1505 Laurentes
1214 1457 1460 1512 viderunt,
1484 1455 1654 1513 Aeole,
1679 1458 1841 1516 campi

140 1535 357 1591 oppetere
395 1535 438 1580 et
477 1532 571 1580 late
608 1535 788 1580 terram
828 1535 1127 1579 consternere
1165 1534 1316 1591 teryo:
1367 1530 1492 1578 dixit
1538 1534 1588 1579 et
1629 1530 1840 1580 Aeolum

140 1605 377 1667 occisum,
426 1605 510 1653 sed
556 1606 703 1654 huius
742 1607 892 1668 poeta
931 1605 1139 1653 exitium
1176 1621 1276 1653 non
1316 1605 1420 1653 sine
1460 1605 1659 1653 adfectu
1695 1606 1838 1653 mise·

138 1679 348 1728 rationis
390 1679 624 1740 inseruit,
671 1679 883 1742 denique
922 1680 1099 1728 occidis
1138 1680 1231 1741 ait3
1281 1679 1374 1727 hoe
1412 1679 1616 1728 verbum
1656 1679 1838 1728 occidis

138 1753 386 1802 maiorum
422 1755 646 1816 personis
679 1757 904 1817 aptatur,
936 1755 1044 1815 sed,
1077 1754 1311 1817 quoniam
1342 1752 1474 1801 hunc
1506 1753 1565 1800 de
1596 1753 1840 1801 nobilium

138 1843 342 1876 numero
373 1829 484 1876 vult
514 1844 618 1877 esse
641 1828 909 1892 Vergilius,
936 1827 1171 1877 occidisse
1195 1843 1306 1875 eum
1331 1827 1471 1888 dixit,
1501 1843 1601 1875 non
1626 1827 1839 1876 occisum

139 1918 258 1951 esse.
290 1901 507 1963 Aryivae
526 1917 666 1962 quem
687 1918 787 1951 non
800 1906 1003 1962 potuere
1018 1903 1292 1962 phalanyes
1313 1904 1524 1949 sternere
1545 1915 1633 1950 nec
1646 1902 1840 1950 Pm‘afmi
1855 1909 1940 1950 545

137 1990 397 2037 reynerum
435 1991 625 2024 eversor
662 1975 900 2025 Achilles:
946 1978 1135 2037 texisti,
1176 1977 1270 2037 ait,
1309 1991 1512 2037 corpore
1550 1978 1639 2025 tuo
1677 1978 1837 2025 terras

139 2050 340 2111 Italiae,
395 2052 483 2113 qui
538 2051 968 2115 congredientibus
1022 2049 1319 2099 exercitibus
1371 2048 1570 2099 Graecis
1625 2052 1677 2098 et
1727 2051 1837 2113 ipso

140 2124 356 2186 Achille,
406 2141 629 2174 eversore
668 2126 826 2173 totius
872 2125 1034 2188 regni,
1080 2140 1179 2173 non
1227 2123 1516 2172 occubuisti.
1585 2140 1675 2187 per
1721 2140 1837 2187 apo-

140 2199 396 2260 stropham
426 2199 694 2248 formosam
726 2198 1131 2283 conparationem
1161 2198 1359 2246 induxit
1389 2199 1668 2262 exprimens
1698 2198 1751 2246 in
1779 2214 1838 2247 ea

141 2273 354 2322 dolentis
387 2273 660 2334 adfectum,
700 2274 840 2335 quasi
882 2274 924 2321 si
957 2272 1141 2321 diceret
1170 2272 1383 2335 potuisti
1413 2272 1585 2321 cadere
1615 2273 1669 2320 in
1700 2272 1836 2336 geni-

138 2347 324 2396 talibus
362 2347 508 2395 terris
547 2350 598 2396 et
637 2363 666 2395 a
704 2347 989 2395 melioribus
1028 2348 1242 2409 percuti,
1279 2362 1419 2395 nunc
1463 2347 1514 2394 in
1562 2346 1836 2410 peregrinis

138 2422 270 2470 iaces
309 2424 360 2470 et
397 2423 446 2470 te
484 2422 757 2484 prostravit
793 2420 1011 2468 inferior.
1065 2422 1142 2470 hic
1178 2421 1266 2469 tibi
1301 2422 1470 2469 mortis
1501 2424 1641 2468 erant
1667 2423 1835 2476 metae,

140 2496 312 2543 domus
335 2495 438 2543 alta
461 2497 551 2543 sub
574 2496 698 2543 Ida:
728 2511 827 2543 non
857 2495 954 2543 tibi
977 2495 1139 2544 defuit
1166 2496 1327 2544 virtus
1359 2496 1470 2556 tua,
1501 2494 1586 2542 sed
1617 2494 1835 2543 fatorum

139 2569 331 2618 ratione
362 2569 638 2631 perfectum
677 2571 753 2617 est
788 2571 847 2617 ut
883 2571 1031 2618 natus
1068 2570 1122 2617 in
1162 2569 1273 2618 aliis
1312 2570 1457 2617 terris
1489 2568 1690 2617 vivendi
1723 2568 1836 2616 finis

140 2659 198 2692 ac
228 2643 465 2691 terminos
500 2643 553 2690 in
586 2643 758 2691 alienis
789 2643 1077 2707 regionibus
1106 2643 1367 2692 invenires.
1421 2643 1634 2703 Lyrnesi
1665 2642 1836 2691 domus

261 2789 284 2827 7
317 2785 485 2829 musice
507 2783 550 2826 V
580 2786 778 2829 musicae
809 2789 851 2829 et
882 2785 953 2829 ed.
1074 2789 1101 2828 8
1135 2785 1388 2840 Cupentum
1424 2783 1494 2827 ed.
1618 2786 1643 2825 9
1674 2783 1835 2827 ‘Aenea

139 2845 341 2888 veniente
379 2843 429 2886 in
467 2844 658 2899 interpr.
692 2857 779 2887 om.
814 2843 886 2888 ed.
1009 2849 1062 2888 11
1096 2845 1217 2888 aeris
1242 2843 1284 2886 V
1315 2844 1436 2886 aerei
1466 2841 1537 2885 ed.
1662 2845 1715 2884 12
1750 2855 1833 2897 po-

140 2908 326 2947 tuerwnt
352 2902 394 2946 V
420 2904 655 2958 potuerint
683 2916 767 2946 nos
793 2903 1047 2959 potuissent
1077 2902 1148 2946 ed.
1273 2906 1327 2944 13
1358 2902 1497 2946 inerti
1523 2899 1564 2943 V
1595 2901 1732 2945 morti
1760 2901 1830 2945 ed.

142 2961 201 3004 cf.
241 2965 282 3016 9,
314 2965 414 3006 586.
543 2966 595 3005 17
639 2962 807 3006 occidis
847 2961 1058 3006 lemmati
1105 2961 1213 3004 add.
1253 2961 1325 3005 ed.
1449 2963 1504 3003 18
1546 2960 1717 3004 exitum
1759 2960 1831 3003 ed.

143 3025 196 3063 21
231 3021 373 3065 cisum
397 3019 439 3062 V
470 3034 648 3065 caesum
679 3021 752 3065 ed.
874 3025 928 3065 27
961 3022 1003 3066 si
1034 3035 1122 3065 om.
1148 3019 1219 3065 ed.
1343 3023 1398 3062 32
1431 3020 1654 3077 Lyrnessi
1684 3018 1755 3063 ed.
