2050 3226
50 989 93 1021 10

52 1359 94 1392 15

54 1730 97 1762 20

53 2099 96 2132 25

55 2469 98 2502 30

762 163 1067 212 Annnmos
1090 163 1177 209 vn
1745 169 1813 222 73

123 301 199 373 (5,
226 297 358 371 348)
405 304 493 367 qui
535 303 739 353 iuvenes
785 303 988 352 fuerunt
1033 303 1156 352 dicti
1193 305 1295 352 sint
1331 306 1478 367 pueri
1513 306 1607 354 hoc
1644 306 1814 355 modo:

123 381 340 442 ‚,vestra,
378 377 566 442 inquit,
603 393 811 427 munera
840 377 982 427 vobis
1013 379 1149 427 certa
1177 380 1404 440 manent,
1441 378 1636 442 pueri“.
1698 397 1815 444 ergo

124 468 297 502 cervus
358 469 448 515 per
508 451 783 514 Tyrrhidae
843 467 1024 515 pueros
1085 452 1313 516 pervenit
1374 453 1574 501 domum
1636 453 1818 516 Tyrrhi

122 528 326 576 maioris
371 526 542 590 ibique
586 526 901 575 nutriebatur
948 526 1080 575 inter
1130 527 1260 575 filios
1314 527 1442 588 eius,
1499 544 1598 576 non
1654 528 1817 576 solum

124 603 294 650 autem
331 601 463 650 natis
511 600 701 648 domini
745 600 975 649 amabilis
1022 601 1209 663 factus,
1254 617 1427 650 verum
1466 603 1516 650 et
1552 601 1653 664 ipsi
1690 601 1817 664 seni3

123 676 286 725 solent
316 675 502 738 quippe
526 677 757 737 parentes
783 675 989 739 diligere
1021 691 1150 738 quae
1182 691 1349 724 amare
1380 675 1598 725 viderint
1634 675 1817 725 liberos

123 765 252 800 suos,
329 751 409 798 eui
455 750 593 810 reyia
629 752 814 809 parent
861 753 1083 798 armenta
1132 753 1178 797 et
1225 750 1319 798 late
1368 751 1588 798 custodia
1637 751 1819 798 credita

124 825 308 884 campi:
339 823 709 872 commendatus
734 824 810 871 est
833 839 1004 873 cervus
1027 826 1223 872 retenta
1245 824 1447 872 interim
1469 827 1614 887 parte
1638 824 1819 886 laudis,

123 915 275 961 quam
333 899 450 961 post
510 898 849 946 demonstrata
906 898 1088 961 Tyrrhi
1146 898 1327 946 merita
1386 900 1568 961 posuit.
1645 899 1820 947 debuit

123 972 256 1021 enim
284 971 391 1036 ipse
424 971 619 1020 ostendi
649 973 729 1020 vel
758 973 972 1020 maxime
1002 972 1056 1020 in
1088 988 1186 1034 quo
1219 973 1353 1036 apud
1382 989 1551 1037 regem
1580 972 1820 1022 Latinum

122 1047 298 1095 merito
339 1047 538 1107 fuisset,
591 1047 678 1108 qui
722 1046 986 1095 videbatur
1033 1047 1086 1094 in
1134 1048 1267 1096 cervi
1312 1047 1658 1096 vulneratione
1705 1063 1817 1096 con·

122 1123 358 1184 temptus.
437 1121 639 1184 dignus,
681 1119 870 1183 inquit,
918 1122 1152 1170 inventus
1203 1123 1279 1170 est
1328 1122 1410 1169 cui
1458 1137 1544 1170 rex
1594 1124 1819 1170 armenta

124 1211 217 1244 sua
248 1210 545 1258 camposque
577 1195 921 1243 committeret.
984 1195 1163 1258 quanti
1191 1194 1350 1259 igitur
1382 1195 1551 1244 meriti
1579 1196 1678 1244 fuit
1706 1211 1818 1258 pro-

125 1270 325 1317 curator
360 1269 514 1333 regis!
569 1268 710 1317 cuius
741 1269 962 1317 satiandi
992 1285 1144 1318 causa
1166 1269 1421 1334 Vergilius
1452 1286 1543 1318 nec
1575 1272 1819 1318 armento-

124 1361 235 1391 rum
282 1359 542 1391 numerum
592 1359 680 1391 nec
733 1359 1023 1405 camporum
1075 1343 1279 1391 modum
1330 1343 1493 1392 voluit
1546 1344 1820 1408 designare,

124 1419 182 1465 ut
218 1419 459 1466 rectorem
495 1417 642 1465 illum
678 1417 882 1466 maioris
923 1433 1097 1466 census
1145 1417 1235 1466 sub
1282 1418 1610 1482 generalitate
1658 1421 1819 1466 osten-

126 1491 276 1539 deret.
326 1491 506 1539 melius
532 1493 698 1539 autem
722 1493 798 1540 est
820 1493 1026 1555 propter
1049 1492 1400 1541 cumulandam
1423 1493 1624 1541 laudem
1640 1493 1822 1555 Tyrrhi

126 1563 299 1627 „late“
338 1565 662 1628 pronuntiare
695 1582 848 1628 quam
878 1567 966 1628 „la
994 1565 1067 1613 ’“:
1106 1567 1160 1614 in
1191 1566 1460 1615 latitudine
1496 1568 1629 1615 enim
1658 1568 1821 1616 multa

126 1639 362 1702 specialia
391 1639 617 1704 intellegi
639 1642 863 1702 possunt,
894 1657 955 1688 ne
985 1656 1114 1689 unus
1146 1656 1348 1703 campus
1372 1641 1568 1690 minuat
1598 1641 1822 1690 studium

126 1714 464 1777 praeferentis.
539 1716 593 1762 in
633 1715 970 1777 appellatione
1010 1715 1174 1777 campi
1215 1715 1526 1764 continuatio
1572 1715 1820 1780 intellegi-

126 1791 212 1836 tur
265 1790 316 1836 et
361 1805 462 1836 una
510 1788 769 1851 planities3
809 1789 850 1837 si
897 1789 1029 1837 enim
1079 1805 1369 1852 camporum
1419 1790 1623 1852 diceret,
1668 1790 1820 1838 inter·

128 1863 317 1924 positos
358 1862 662 1927 significaret
698 1864 882 1912 montis
931 1866 1019 1912 aut
1063 1864 1308 1925 tumuIOS‚
1355 1864 1444 1927 qui
1481 1864 1596 1912 inde
1634 1865 1820 1912 multos

129 1952 328 1998 campos
369 1937 631 1985 efficerent.
706 1938 858 1986 rediit
903 1938 968 1986 ad
1014 1938 1167 1986 aliam
1216 1939 1411 2001 partem
1455 1939 1622 1986 laudis
1666 1940 1822 2001 cervi3

127 2027 244 2058 nam
269 2010 331 2059 ab
362 2010 440 2058 his
472 2027 600 2073 quae
633 2013 914 2060 communia
946 2014 1066 2061 sunt
1096 2013 1317 2060 omnium
1351 2027 1609 2061 cervorum
1639 2013 1824 2061 transit

129 2085 193 2132 ad
247 2101 305 2132 ea
360 2101 486 2147 quae
539 2086 744 2148 propria
796 2087 956 2148 ipsius
1007 2087 1233 2148 fuerunte,
1292 2087 1477 2149 quippe
1530 2088 1679 2135 multi
1734 2088 1822 2135 alii

126 2159 334 2221 reperiri
371 2163 643 2222 potuerunt
685 2162 736 2208 et
781 2161 992 2224 grandes
1033 2163 1084 2209 et
1129 2160 1358 2209 cornibus
1405 2162 1529 2209 satis
1576 2177 1821 2223 superque

127 2232 377 2282 sublimes.
443 2234 699 2281 adsuetum
735 2235 954 2295 impe-riis
991 2249 1130 2283 soror
1160 2236 1293 2283 omni
1322 2234 1480 2283 Silvia
1519 2250 1639 2283 eura
1668 2236 1822 2283 molli-

128 2308 217 2355 bus
254 2308 473 2355 intexens
511 2309 719 2355 ornabat
756 2323 941 2356 cornua
978 2310 1119 2357 sertis
1150 2310 1458 2369 pectebatque
1487 2311 1649 2369 ferum
1674 2324 1822 2370 paro-

128 2395 217 2440 que
247 2382 302 2429 in
330 2383 461 2441 fonte
493 2382 714 2430 lavabat:
746 2381 891 2430 facile
921 2382 1007 2430 ille
1039 2386 1236 2432 secutus
1269 2385 1345 2431 est
1373 2383 1632 2431 hominum
1662 2399 1821 2431 mores

127 2471 218 2503 nec
255 2455 506 2504 feritatem
545 2455 850 2518 perdiderat,
899 2457 1018 2519 quia
1062 2458 1192 2506 hanc
1236 2457 1459 2505 nondum
1504 2457 1671 2505 fuerat
1710 2473 1822 2505 con-

130 2531 325 2578 secutus
370 2531 424 2577 in
471 2530 609 2578 silvis
656 2532 830 2592 utpote
876 2533 1053 2593 raptus
1102 2532 1163 2580 ab
1209 2530 1444 2579 uberibus
1490 2533 1688 2591 matris,
1737 2530 1821 2578 sed

252 2690 274 2728 1
308 2691 416 2730 sunt
445 2685 487 2728 V
518 2687 613 2730 sint
641 2686 711 2729 ed.
811 2690 835 2729 3
868 2687 1123 2743 tyrrhidaes
1152 2687 1195 2730 V
1227 2688 1338 2732 -das
1371 2688 1443 2731 ed.
1541 2692 1566 2730 5
1598 2687 1749 2740 faetus
1780 2685 1822 2729 V

130 2745 163 2798 f.
189 2750 289 2789 erat
319 2745 390 2788 ed.
490 2749 517 2788 8
541 2750 723 2801 partem
746 2744 788 2787 V
813 2759 927 2789 corr.
954 2746 1026 2790 ed.
1120 2751 1176 2790 14
1206 2747 1422 2791 studendi
1444 2745 1486 2788 V
1509 2746 1716 2790 satiandi
1738 2759 1821 2788 nos

130 2804 357 2847 scribendi
387 2804 457 2848 ed.
576 2809 630 2847 16
661 2805 855 2849 maiores
885 2804 927 2847 V
957 2807 1145 2850 maioris
1175 2820 1259 2849 nos
1290 2807 1483 2850 maiores
1513 2806 1674 2848 habere
1703 2804 1774 2848 ed.

131 2863 467 2918 yeneralitateni
498 2862 540 2906 V
572 2877 686 2907 corr.
719 2863 791 2907 ed.
914 2867 970 2908 18
1009 2879 1145 2920 quam
1177 2866 1262 2909 lati
1290 2864 1333 2908 V
1371 2879 1442 2920 qu.
1475 2865 1666 2907 strictim
1704 2863 1774 2907 ed.

131 2923 276 2965 multa
318 2923 471 2977 specia
512 2921 556 2965 V
606 2937 664 2966 m.
711 2923 931 2978 specialia
982 2937 1066 2967 nos
1118 2925 1288 2968 multae
1340 2924 1507 2978 species
1560 2921 1701 2966 HOU
1749 2922 1821 2966 ed.

134 2983 188 3022 22
222 2985 305 3024 aut
336 2994 423 3024 om.
450 2981 522 3024 ed.
576 2981 580 3038 ἱ
630 2983 710 3037 qui
739 2983 790 3025 in
821 2981 863 3024 V
896 2996 935 3037 q.
958 2983 1066 3026 inde
1096 2997 1180 3026 nos
1212 2984 1291 3038 qui
1322 2982 1394 3026 ed.
