2050 3226
0 0 49 303 ι
771 204 1076 251 AENEIDOS
1106 204 1171 250 XI
1709 208 1819 262 435

0 303 21 355 ν.

5 373 18 406 t

127 348 216 396 est.
277 345 528 407 sparyitur
566 349 610 394 et
645 346 786 395 tellus
826 346 1064 403 lacrimis,
1103 347 1407 407 sparyuntur
1444 348 1488 393 et
1525 359 1668 393 arma
1676 363 1692 393 .·
1729 346 1822 394 hoc

124 420 344 470 faciebat
367 418 551 469 doloris
573 419 867 483 inmanitas;
900 419 1011 483 quis
1042 420 1175 468 enim
1203 435 1304 468 non
1326 420 1608 468 moveretur
1631 419 1821 469 amissi-

0 495 11 558 5‘
128 511 221 543 one
258 493 449 543 inflicta
478 493 770 542 tantorum?
807 495 846 542 it
877 495 1007 543 caelo
1039 494 1312 554 clamorque
1340 494 1504 541 virum
1535 493 1823 554 clanyorque

0 625 6 631 ,
127 570 382 618 tubarum:
419 569 633 616 alterum
665 568 948 631 pertinebat
977 567 1043 616 ad
1066 568 1278 632 gemitus
1303 568 1482 629 animi,
1514 567 1728 616 alterum
1760 566 1825 615 ad

78 659 96 691 5
128 642 358 705 exequias
396 642 710 691 bellatorum.
762 643 840 690 hic
878 643 968 691 alii
1004 643 1164 703 spolia
1201 643 1370 690 occisis
1400 642 1598 701 derepta
1623 641 1825 689 Latinis

0 714 4 717 ’
128 718 371 766 coniciunt
405 717 533 778 iqui:
584 716 852 765 tradebant
887 716 996 781 igni
1032 732 1162 779 quae
1199 718 1471 780 rapuerant
1507 715 1736 764 hostibus
1776 717 1826 762 et

129 791 251 839 dicit
289 805 440 853 quae:
482 790 673 852 yaleaS,
712 789 902 853 inquit,
948 805 1175 850 ensesque
1220 791 1416 838 decoros
1455 791 1692 851 frenaque
1728 790 1824 849 fer-
1846 800 1929 840 195

126 866 375 924 ventisque
410 868 545 913 rotas
554 882 572 923 ,·
604 879 730 926 pars
766 879 975 913 munera
1012 868 1149 922 nota,
1190 864 1332 914 addit
1368 864 1523 912 etiam
1558 863 1614 912 in
1646 863 1826 927 quibus

13 990 17 994 ,
128 939 382 1002 speciebus
421 939 653 1000 fuissent,
702 939 943 1000 ipsorum,
990 939 1178 1001 inquit,
1218 939 1394 999 clipeos
1442 941 1486 986 et
1525 952 1624 986 non
1660 938 1827 998 felicia

4 1055 5 1058 ,
56 1029 98 1064 ιο
128 1014 247 1062 tela:
295 1005 408 1062 ideo
448 1029 549 1061 non
587 1013 775 1074 felicia,
816 1013 936 1076 quia
974 1012 1287 1061 dominorum
1325 1013 1484 1062 vitam
1521 1027 1621 1060 non
1660 1012 1825 1060 defen-

129 1089 320 1136 derant.
371 1088 607 1136 ferventis
646 1090 780 1136 rotas
814 1087 1034 1150 accipere
1065 1102 1328 1149 possumus
1362 1088 1449 1135 aut
1479 1086 1664 1135 velocis
1703 1085 1826 1134 satis

130 1164 220 1210 aut
251 1162 411 1210 adhuc
434 1162 670 1210 ferventis
703 1178 763 1209 ex
793 1177 964 1223 cursu3
1002 1177 1061 1209 ex
1091 1162 1275 1209 tritura
1306 1160 1438 1209 enim
1469 1160 1575 1208 axis
1607 1162 1658 1208 et
1685 1161 1827 1208 rotae

128 1251 342 1300 magnus
366 1236 533 1285 fervor
560 1235 794 1284 exoritur.
849 1236 901 1283 in
931 1236 1010 1284 his
1035 1235 1290 1297 speciebus
1313 1235 1430 1283 licet
1453 1235 1619 1284 essent
1639 1234 1828 1282 multae

4 1323 19 1369 j
130 1311 192 1360 ob
222 1310 647 1373 pulchritudinem
670 1309 964 1370 servandae,
987 1311 1156 1358 tamen
1187 1310 1430 1372 promisce
1463 1323 1630 1357 omnes
1661 1309 1827 1356 mitte·

5 1410 16 1450 :¹
56 1400 99 1434 15
129 1384 313 1433 bantur
334 1385 388 1432 in
404 1383 671 1433 flammam.
687 1385 781 1433 hoc
805 1385 938 1432 enim
954 1383 1185 1448 exigebat
1206 1384 1446 1432 memoria
1462 1382 1828 1443 defunctorum,

13 1454 17 1468 ¹
129 1461 189 1506 ut
234 1473 364 1521 quae
411 1458 586 1507 occisis
631 1457 826 1507 Latinis
874 1457 1191 1506 detraxerant
1241 1473 1353 1505 cum
1397 1457 1522 1520 ipsis
1568 1456 1827 1505 funeribus

129 1534 440 1582 verterentur
476 1534 530 1580 in
569 1533 795 1580 cinerem.
869 1532 1026 1580 multa
1065 1533 1208 1580 boum
1246 1532 1376 1580 circa
1413 1534 1691 1579 mactantur
1729 1545 1830 1579 cor·

120 1621 252 1667 pora
282 1607 461 1655 Morti:
500 1608 631 1655 circa
661 1607 824 1654 multa
855 1606 1116 1654 hominum
1147 1606 1323 1654 funera
1353 1606 1514 1653 multa
1542 1605 1696 1654 boum
1727 1620 1830 1654 cor·

129 1696 253 1744 pora
290 1683 593 1730 mactantur.
650 1682 1001 1742 saetiyerosque
1038 1694 1150 1728 sues
1198 1684 1463 1740 raptasque
1508 1693 1565 1727 ex
1606 1679 1831 1727 amnibus

58 1771 100 1803 20
131 1756 265 1816 ayris
294 1756 350 1803 in
379 1756 634 1814 flammam
663 1755 891 1816 iuyulant
916 1755 1148 1816 pecudes:
1187 1754 1321 1816 quod
1360 1754 1419 1802 de
1448 1753 1608 1802 bubus
1641 1753 1831 1801 dictum

16 1830 17 1833 ’
131 1831 207 1878 est
244 1829 467 1892 separari
505 1830 756 1890 convenit,
802 1845 863 1876 ne
910 1829 1001 1877 fiat
1037 1829 1244 1890 vitium,
1290 1828 1334 1876 si
1377 1827 1540 1890 porcis
1589 1829 1640 1876 et
1684 1843 1830 1890 pecu-

132 1903 277 1951 dibus
314 1904 612 1967 iungantur3
651 1919 751 1951 non
783 1904 915 1951 enim
947 1903 1178 1951 cohaeret
1200 1903 1486 1950 mactantur
1506 1901 1659 1950 Morti
1682 1901 1831 1949 boum

132 1993 339 2040 corpora
378 1980 428 2025 et
457 1979 745 2026 mactantur
776 1977 1049 2041 saetigeros
1082 1992 1192 2026 sues
1232 1979 1282 2025 et
1315 1975 1542 2040 pecudes.
1597 1977 1831 2038 quocirca

131 2051 538 2115 distinguendum
587 2053 663 2100 est
709 2052 870 2100 multa
914 2052 1067 2099 boum
1116 2052 1248 2099 circa
1292 2052 1577 2099 mactantur
1623 2065 1831 2112 corpora

58 2138 101 2174 25
131 2125 284 2174 Morti
322 2128 372 2174 et
410 2127 680 2188 separatim
710 2126 1136 2189 pronuntiandum
1167 2126 1535 2189 saetigerosque
1574 2139 1685 2173 sues
1716 2140 1829 2186 rap-

131 2202 311 2263 tasque
362 2216 420 2246 ex
467 2199 698 2248 omnibus
746 2201 880 2264 agris
926 2199 980 2247 in
1018 2200 1271 2247 flammam
1314 2198 1552 2263 iugulant
1603 2198 1830 2261 pecudes,

131 2276 190 2323 ut
228 2273 429 2338 singula
475 2273 680 2322 diversis
729 2273 1022 2322 animalium
1070 2273 1331 2337 generibus
1379 2275 1616 2336 aptentur
1662 2275 1711 2320 et
1750 2273 1830 2332 sit,

133 2350 263 2397 sicut
300 2350 397 2409 est,
443 2349 593 2411 plena
634 2348 902 2396 locutionis
947 2347 1233 2412 integritas:
1279 2347 1429 2396 boves
1477 2347 1828 2410 intellegamus

134 2438 238 2471 esse
276 2424 544 2484 mactatos,
583 2422 863 2486 iugulatam
899 2437 1015 2471 vero
1048 2437 1312 2485 porcorum
1350 2424 1400 2470 et
1437 2437 1673 2484 pecorum
1705 2420 1829 2467 mul-

61 2511 104 2543 so
132 2496 414 2545 titudinem.
482 2496 535 2544 in
581 2496 832 2543 flammam
872 2511 972 2543 non
1010 2498 1206 2544 tantum
1247 2496 1311 2544 ad
1349 2510 1522 2558 porcos
1563 2497 1614 2543 et
1651 2509 1830 2556 pecora

133 2586 307 2619 verum
353 2572 506 2620 etiam
552 2570 615 2618 ad
653 2570 803 2618 boves
849 2569 1085 2632 pertinet,
1131 2572 1189 2618 ut
1235 2571 1304 2618 sit
1352 2569 1500 2618 boves
1547 2570 1830 2616 mactantur

134 2644 186 2692 in
224 2645 476 2694 flammam
521 2647 571 2693 et
616 2645 755 2707 porci
801 2659 859 2692 ac
908 2659 1087 2707 pecora
1132 2644 1430 2708 iugulantur
1474 2643 1526 2691 in
1564 2643 1828 2690 flammam.

0 2483 26 2770 Ἀἶ-ἔὶνυυνυ-ιψἊ
9 2404 25 2468 ‚17⁴
11 2340 22 2391 2-1-
14 2318 15 2322 Α
10 2227 21 2265 ''n-
15 2174 21 2187 x
15 2119 18 2134 -

254 2791 280 2829 2
312 2787 364 2829 iu
395 2787 638 2830 amissione
669 2785 785 2828 edF.
910 2788 934 2827 7
966 2786 1120 2842 inquit
1149 2799 1237 2830 om.
1268 2784 1339 2829 ed.
1469 2788 1495 2827 8
1535 2783 1719 2827 addidit
1757 2782 1827 2826 ed.

137 2849 161 2887 9
194 2845 347 2901 iuquit
376 2858 465 2889 om.
491 2845 561 2889 ed.
671 2848 726 2887 10
758 2844 859 2888 ideo
888 2857 983 2888 non
1011 2845 1168 2899 felicia
1199 2859 1287 2888 om.
1314 2843 1385 2887 ed.
1492 2847 1547 2885 14
1578 2843 1830 2898 promiscue

136 2903 209 2947 ed.
313 2908 367 2947 19
399 2909 603 2949 mactant
633 2903 704 2947 ed.
810 2906 866 2946 20
897 2904 1018 2959 quod
1029 2929 1084 2937 —
1104 2908 1159 2948 23
1184 2904 1379 2960 pecudes
1410 2915 1497 2945 om.
1524 2901 1596 2945 ed.
1701 2905 1756 2944 25
1789 2906 1831 2945 et

13 3000 21 3021 Α
135 2968 295 3019 raptas
325 2963 397 3007 ed.
433 3022 462 3065 d
520 2967 576 3006 29
601 2962 830 3019 pecudum
862 2962 933 3006 ed.
1056 2967 1112 3007 30
1142 2977 1235 3007 nou
1265 2961 1512 3007 tantum—
1531 2965 1587 3004 32
1618 2961 1670 3004 in
1699 2962 1828 3016 flam-

46 3036 49 3038 ·
137 3036 258 3066 mam
289 3035 376 3065 om.
404 3035 428 3066 e
468 3057 475 3065 .

1476 3108 1561 3151 28*
