2078 3260
267 177 376 230 612
738 174 972 219 DONATI
1002 174 1068 218 IN
1070 174 1284 218 TERPR.
1309 173 1489 218 VERG.

265 316 513 378 tegremus
538 314 671 376 quod
692 314 991 376 interposita
1014 313 1310 363 diviserunt:
1349 313 1544 362 Aeneas
1567 314 1814 363 Rutulum
1842 313 1960 363 Suc-

264 404 437 436 ronem
474 389 601 437 haut
636 389 798 437 multa
835 390 1111 436 morantem
1149 387 1331 450 excipit
1367 389 1421 436 in
1455 389 1588 437 latus
1625 391 1676 437 et
1715 405 1816 451 qua
1854 389 1962 438 fata

266 463 520 511 celerrima
545 462 752 511 crudum
774 461 1077 526 transadigit
1108 463 1270 510 costas
1296 463 1347 510 et
1369 462 1518 511 cratis
1542 463 1757 524 pectoris
1781 478 1960 511 ensem.

265 537 347 585 hic
392 538 699 601 iungendum
741 539 817 584 est
862 551 921 584 ea
965 537 1130 598 prima
1175 537 1365 584 ruentis
1410 552 1581 600 pugna
1625 537 1733 585 loco
1782 538 1963 586 statuit

267 611 481 660 Teucros
521 613 571 659 et
609 610 705 659 erit
742 610 1019 673 conpositio
1056 610 1244 658 directa
1282 610 1558 659 verborum.
1613 612 1813 659 Turnus
1845 625 1962 670 equo

164 695 249 735 510
266 685 497 733 deiectum
526 683 766 745 Amycum
803 686 1100 744 fratremque
1128 684 1317 732 Dioren
1351 698 1632 745 eonyressus
1654 685 1806 746 pedes
1835 685 1964 733 hunc

184 790 188 794 ι
265 760 528 807 venientem
568 759 765 818 cuspide
804 759 967 819 lonya,
1014 759 1143 807 hune
1178 773 1406 806 mucrone
1441 759 1557 818 ferit
1601 773 1840 818 curruque
1878 760 1963 807 ab·

265 835 395 881 seisa
432 833 640 880 duorum
677 833 931 892 suspendit
967 834 1130 893 capita
1169 836 1212 880 et
1247 833 1472 881 rorantia
1508 833 1747 894 sanquine
1774 836 1963 894 portat:

265 907 426 955 multa
471 907 550 954 hic
598 907 748 955 semel
797 906 932 955 dicta
978 909 1118 968 sunt,
1169 907 1254 955 sed
1302 923 1402 956 non
1453 907 1604 955 semel
1653 906 1962 969 accipienda3

267 981 449 1044 quippe
474 981 671 1029 Turnus
697 997 823 1044 equo
849 981 1034 1029 deiecit*
1044 980 1305 1043 Amycum,
1329 997 1455 1044 equo
1472 980 1661 1040 ,deiecit
1683 983 1733 1028 et
1756 981 1962 1030 fiatrem

266 1055 373 1104 eius
416 1055 624 1117 Dioren3
678 1072 796 1103 nam
841 1071 952 1103 cum
998 1055 1141 1103 addit
1185 1057 1488 1117 fratremque
1533 1054 1718 1103 Dioren
1765 1057 1815 1103 et
1863 1071 1963 1104 non

266 1129 516 1192 significat
545 1132 712 1178 utrum
736 1130 884 1191 pedes
909 1146 974 1177 an
998 1145 1146 1192 eques
1171 1130 1337 1191 fuerit,
1362 1131 1515 1177 etiam
1537 1129 1723 1178 Dioren
1747 1129 1965 1178 ostendit

266 1205 464 1252 vectum
502 1203 670 1252 fuisse.
731 1219 847 1267 ergo
888 1219 1016 1266 equo
1057 1206 1108 1251 et
1146 1204 1394 1251 deiectum
1430 1203 1508 1251 bis
1554 1203 1773 1266 accipere
1821 1203 1962 1251 debe-

265 1293 397 1339 mus,
430 1277 676 1326 deiectum
707 1293 833 1340 equo
857 1277 1120 1340 Amycum,
1152 1277 1399 1326 deiectum
1430 1277 1617 1326 Dioren
1649 1293 1791 1341 equo.
1845 1278 1965 1326 ferit

266 1352 420 1400 etiam
453 1352 529 1401 bis
567 1351 978 1415 intellegendum,
1020 1354 1075 1400 ut
1114 1353 1180 1400 sit
1217 1353 1364 1399 illum
1401 1352 1519 1400 ferit
1555 1352 1707 1416 longa
1746 1351 1964 1414 cuspide,

264 1426 410 1474 illum
447 1427 566 1474 ferit
595 1442 840 1474 mucrone.
896 1426 1245 1475 ostentationis
1279 1429 1448 1474 autem
1479 1427 1578 1474 fuit
1609 1428 1659 1474 et
1688 1426 1964 1474 incutiendi

265 1499 469 1549 terroris
511 1500 644 1562 quod
675 1516 929 1548 caesorum
965 1500 1131 1563 capita
1170 1501 1330 1549 adhuc
1360 1500 1642 1548 emittentia
1674 1501 1965 1564 sanguinem

267 1590 435 1623 secum
466 1575 662 1623 Turnus
694 1574 906 1624 vehebat
936 1575 988 1622 in
1021 1590 1179 1623 curru.
1234 1575 1315 1622 ille
1348 1575 1506 1622 Talon
1538 1575 1830 1633 Tanainque
1860 1575 1965 1622 neci

265 1651 527 1710 fortemque
567 1647 840 1710 Cetheyum,
882 1649 970 1696 tris
1007 1663 1106 1697 uno
1146 1662 1422 1709 conyressu,
1471 1652 1515 1696 et
1548 1652 1786 1696 maestum
1822 1649 1966 1695 mittit

165 1731 250 1770 515
270 1722 443 1771 Oniten
481 1724 674 1771 nomine
716 1722 973 1771 Chionium
1009 1723 1274 1783 matrisque
1301 1737 1455 1782 yenus
1485 1723 1736 1770 Peridiae:
1773 1722 1857 1769 ille
1889 1723 1962 1769 in-

268 1798 380 1858 quit
410 1799 460 1845 et
488 1797 733 1845 incertum
757 1799 968 1859 putatur
997 1796 1259 1858 reliquisse
1289 1799 1459 1845 utrum
1492 1797 1550 1844 de
1576 1796 1745 1844 Aenea
1776 1797 1964 1844 dictum

266 1871 497 1920 videatur
535 1887 599 1919 an
639 1872 697 1919 de
737 1872 928 1932 Turno,
979 1871 1066 1919 sed
1110 1887 1210 1918 non
1256 1873 1332 1919 est
1376 1870 1558 1919 vitium
1595 1871 1793 1933 poetae3
1846 1886 1963 1918 nam

269 1961 326 1992 ex
361 1944 566 2008 Cethegi
595 1945 807 2006 nomine,
840 1962 987 2007 quem
1020 1944 1281 1993 constabat
1310 1945 1462 1993 fuisse
1492 1944 1764 1992 Troianum
1796 1960 1962 2006 quern-

270 2035 366 2080 que
398 2019 509 2067 aliis
542 2021 734 2079 nexuit,
767 2020 984 2068 ostendit
1014 2035 1114 2067 non
1136 2018 1341 2067 Aenean
1373 2035 1423 2067 se
1456 2019 1651 2080 dixisse,
1683 2018 1769 2067 sed
1798 2018 1963 2080 ipsum

269 2093 505 2140 Turnum.
582 2094 672 2141 tris
710 2094 867 2157 igitur
914 2109 1013 2141 uno
1060 2108 1348 2157 congreSSU,
1399 2094 1451 2141 in
1499 2094 1678 2155 quibus
1720 2091 1962 2156 Cethegus

268 2167 392 2227 fuit,
433 2167 702 2215 adsistente
733 2169 918 2216 virtute
951 2167 1149 2228 deiecit,
1187 2166 1369 2215 Oniten
1400 2183 1538 2228 vero,
1577 2168 1669 2215 hoc
1702 2169 1776 2214 est
1801 2165 1963 2214 Onitis

269 2243 320 2289 et
349 2240 575 2289 Peridiae
606 2242 785 2302 filium,
820 2243 905 2304 qui
930 2241 1138 2290 Chionio
1170 2243 1367 2290 nomine
1401 2241 1657 2301 diceretur,
1692 2241 1963 2303 separatim

270 2315 461 2363 stravit.
512 2317 758 2363 maestum
789 2315 935 2376 dixit,
968 2315 1087 2378 quia
1117 2317 1395 2364 incurrerat
1423 2316 1581 2364 hostis
1613 2330 1812 2375 manus,
1838 2329 1961 2376 quas

269 2405 368 2436 non
399 2389 565 2450 potuit
597 2390 823 2437 evasisse.
881 2389 1012 2451 quod
1045 2391 1118 2438 ait
1147 2389 1326 2450 mittit,
1358 2405 1458 2437 non
1487 2383 1556 2437 ad'
1575 2388 1756 2455 Oniten
1787 2388 1963 2448 solum,

270 2463 356 2511 sed
395 2464 458 2510 ad
497 2465 655 2511 omnis
695 2463 923 2524 pertinet.
977 2465 1054 2511 hie
1090 2466 1271 2523 fratres
1309 2464 1467 2524 Lycia
1503 2464 1696 2518 missos,
1737 2461 1881 2524 Lycii
1915 2463 1964 2510 et

269 2537 518 2585 Menoetes
565 2554 623 2584 ex
668 2537 894 2599 partibus
934 2537 1129 2585 Aeneae
1176 2538 1394 2598 fuerant,
1442 2540 1484 2584 et
1521 2536 1767 2598 Apollinis
1806 2537 1964 2596 ayris:

390 2698 415 2736 3
447 2694 721 2738 transadieit
751 2695 909 2750 (supra
941 2695 1082 2747 recte)
1112 2693 1165 2737 V.
1290 2698 1317 2736 4
1348 2694 1453 2737 hinc
1484 2693 1555 2736 ed.
1680 2696 1703 2735 7
1735 2691 1962 2746 suscipide

270 2766 353 2807 pro
393 2753 578 2808 cuspide
612 2752 666 2796 V.
791 2757 844 2796 10
885 2766 993 2807 equo
1028 2753 1186 2799 deiecit
1215 2757 1257 2796 et
1287 2752 1329 2795 V
1363 2766 1449 2808 quo
1480 2753 1524 2796 d.
1557 2757 1599 2795 et
1628 2751 1698 2794 ed.
1823 2755 1876 2792 13
1921 2756 1964 2795 et

271 2812 489 2855 deiectum
524 2811 564 2853 V
602 2817 644 2856 et
681 2813 846 2856 deiecto
887 2811 956 2854 ed.
1082 2816 1136 2854 14
1168 2813 1253 2855 erit
1284 2813 1420 2856 etiam
1451 2812 1519 2855 bis
1547 2810 1587 2854 V
1615 2811 1724 2864 ferit
1753 2810 1820 2853 bis
1852 2823 1961 2865 quo-

272 2884 354 2925 que
393 2870 462 2913 ed.
595 2876 647 2914 16
679 2872 774 2924 fuit
795 2870 837 2914 V
862 2870 933 2914 ed.
965 2871 1000 2923 f.
1031 2875 1073 2913 et
1103 2884 1198 2913 nos.
1329 2875 1385 2913 20
1423 2871 1604 2914 nomine
1642 2869 1871 2912 chionium
1915 2870 1961 2911 et

271 2928 394 2972 infra
424 2930 601 2973 chionio
625 2930 666 2971 V
691 2931 892 2974 echionio
918 2928 1167 2984 utrobique
1196 2929 1267 2973 ed.
1361 2933 1416 2972 30
1449 2934 1489 2973 et
1512 2929 1740 2972 Menoetes
1772 2941 1859 2971 om.
1887 2927 1957 2972 ed.

275 2992 326 3030 31
362 2989 583 3045 appolyni
611 2990 756 3033 saeris
780 2988 834 3032 V.

1995 998 2038 1030 10

1995 1367 2037 1399 15

1996 1738 2039 1769 20

1995 2106 2039 2138 25

1995 2476 2038 2508 30
