2078 3260
268 192 374 245 618
737 189 970 234 DONATI
1000 189 1067 234 IN
1069 188 1282 233 TERPR.
1307 189 1487 234 VERG.

264 330 469 393 propria
497 329 801 392 professione
833 329 1155 393 signaverint.
1208 330 1260 376 in
1292 345 1521 391 campum
1550 328 1820 395 redigenda
1849 331 1959 379 uni—

263 419 434 452 versae
473 403 609 453 urbis
649 403 926 466 amplitudo
959 405 1011 451 et
1039 403 1268 451 inimicae
1299 403 1450 452 facies
1486 403 1654 453 ardere
1687 405 1833 452 debet
1871 408 1962 454 aut

265 478 459 539 cadere,
511 477 553 526 si
591 478 868 540 superiores
913 492 1011 524 non
1059 478 1357 542 agnoverint
1395 478 1605 527 Teucros
1646 481 1734 528 aut
1771 479 1831 528 de
1869 494 1960 527 sua

129 561 247 602 .570
264 551 549 601 condicione
595 551 743 600 fateri
791 551 1059 599 noluerint.
1120 552 1298 600 scilicet
1346 555 1600 611 expectem,
1648 553 1794 601 libeat
1841 554 1960 601 dwm

252 627 446 686 proelia
480 627 647 674 Tarne
677 629 847 674 nostra
869 627 982 686 pati
1011 640 1278 686 rwrsasqne
1313 626 1427 673 velit
1463 640 1743 675 concurrere
1772 627 1959 676 victas?
2012 643 2032 676 5

263 717 326 748 an
374 717 465 765 ego
516 715 615 747 non
660 700 951 763 provideam
1000 700 1269 749 commodis
1315 699 1522 761 nostriS,
1572 701 1725 750 donec
1763 701 1959 750 Turnus

183 798 188 801 ⁷
261 791 483 839 pugnare
508 774 632 822 velit
656 776 747 822 aut
768 773 930 822 nolit?
969 774 1011 822 si
1035 790 1185 838 cogor
1208 773 1432 837 superati
1453 774 1667 823 hominis
1695 775 1959 823 arbitrium

175 887 178 897 ,
262 850 422 911 sequi,
473 864 562 896 cur
598 864 698 897 non
741 847 842 910 ipsi
887 848 1107 896 sentiant
1152 849 1255 897 vim
1299 848 1674 912 potentiamque
1722 848 1956 898 victoris?

260 924 345 971 hoc
382 926 547 982 caput,
595 937 622 970 o
663 923 808 979 cicae,
855 923 972 970 haec
1011 923 1122 971 belli
1166 938 1360 971 samma
1405 923 1634 982 nefandi:
1682 923 1959 972 feriendum

262 998 336 1045 est
357 995 603 1045 malorum
627 999 911 1045 nostrorum
945 999 1118 1060 caput,
1148 997 1345 1060 reliqua
1375 998 1490 1060 post
1521 996 1626 1046 eius
1659 997 1959 1061 supplicium
1991 1013 2034 1044 10

259 1087 430 1134 parem
460 1072 733 1120 sortientur
754 1071 1036 1133 interitum3
1066 1072 1286 1120 radenda
1309 1074 1384 1120 est
1406 1071 1588 1119 nefarii
1607 1071 1728 1120 belli
1751 1088 1960 1134 summa,

258 1148 319 1194 ut
356 1146 675 1207 conquiescat
705 1146 901 1208 penitus
934 1146 1067 1208 quod
1106 1163 1165 1194 ex
1202 1147 1315 1209 ipsa
1351 1162 1438 1210 per
1476 1146 1632 1194 scelus
1671 1147 1880 1210 emergit
1909 1148 1961 1195 et

258 1220 492 1284 pullulat.
558 1220 679 1280 ferte
725 1221 860 1280 faces
891 1234 1099 1281 propere
1142 1220 1404 1281 foedasque
1447 1220 1677 1280 reposcite
1722 1222 1960 1279 flannnis:

261 1310 360 1358 qua
397 1293 643 1343 brevitate
682 1293 847 1356 coepit
883 1296 996 1358 ipsa
1033 1295 1299 1343 conclusit:
1337 1294 1533 1355 urbem,
1571 1294 1758 1356 inquit,
1796 1294 1960 1356 hodie,

259 1384 460 1417 causam
498 1367 638 1416 belli:
689 1368 812 1431 quid
858 1369 1009 1418 vellet
1054 1369 1215 1417 delere
1265 1371 1315 1417 et
1362 1368 1560 1431 quando
1607 1371 1658 1416 et
1706 1385 1854 1432 quam
1896 1369 1957 1416 ob
1990 1382 2032 1415 15

260 1458 460 1491 causam
490 1442 543 1490 id
574 1444 737 1491 facere
769 1442 1052 1506 disponeret
1081 1443 1298 1492 breviter
1329 1443 1475 1505 dixit,
1507 1443 1586 1491 hic
1619 1445 1786 1491 autem
1817 1443 1960 1491 docet

256 1516 505 1580 quomodo
544 1518 637 1565 hoc
674 1517 839 1579 ipsum
878 1519 1048 1580 posset
1095 1517 1298 1580 inpleri,
1351 1533 1462 1566 cum
1501 1518 1623 1566 dicit
1660 1518 1784 1566 ferte
1824 1518 1957 1566 faces

257 1607 480 1654 propere,
504 1593 562 1639 ut
583 1591 942 1639 incendendam
966 1593 1162 1653 scirent,
1186 1591 1458 1654 foedusque
1473 1591 1716 1654 reposcite
1730 1591 1955 1653 fiammis,

258 1667 314 1713 ut
351 1667 677 1728 procurarent
713 1681 886 1728 pacem
923 1665 1175 1727 incendia,
1222 1682 1373 1729 quam
1412 1665 1553 1714 dolus
1594 1668 1644 1714 et
1681 1666 1956 1713 humanum

256 1739 574 1802 perturbarat
595 1739 884 1788 inventum.
953 1741 1164 1797 dixerat,
1214 1745 1354 1801 atque
1405 1740 1586 1788 animis
1627 1741 1820 1800 pariter
1858 1754 1954 1787 cer·
1987 1753 2030 1784 20

258 1814 492 1870 tantibas,
534 1831 769 1878 magnam
807 1815 938 1862 enim
975 1814 1128 1863 habet
1165 1814 1267 1863 vim
1307 1815 1439 1876 quod
1476 1813 1587 1877 pari
1625 1828 1866 1863 consensu
1906 1815 1958 1861 et

155 1893 240 1933 575
257 1887 558 1936 unanimiter
611 1889 825 1952 geritur,
879 1903 1043 1936 omnes
1092 1889 1213 1937 dant
1263 1903 1479 1937 cuneum.
1556 1888 1818 1936 suffecerat
1862 1889 1955 1936 hoc

258 1961 467 2023 dictum,
515 1961 708 2011 addidit
754 1964 907 2025 atque
954 1962 1132 2011 animis
1170 1963 1356 2025 pariter
1394 1962 1711 2011 certantibus.
1790 1963 1954 2025 atque,

257 2039 314 2084 ut
345 2036 477 2099 quod
510 2036 703 2085 dixerat
733 2038 960 2099 satiaret,
1001 2038 1230 2086 conexuit
1268 2038 1511 2098 densaque
1542 2036 1609 2084 ad
1637 2050 1803 2084 maros
1832 2036 1955 2083 mole

255 2112 507 2170 feruntur:
538 2126 645 2158 ecce
671 2113 916 2173 quantum
938 2112 1100 2160 valuit
1121 2111 1338 2160 iubentis
1365 2111 1657 2159 auctoritas!
1697 2112 1747 2158 et
1768 2109 1956 2157 fiebant
1986 2122 2028 2156 25

258 2185 392 2232 iussa
431 2199 670 2232 consensu
717 2186 937 2233 omnium
985 2187 1035 2234 et
1073 2186 1296 2234 celeriter
1334 2186 1648 2249 gerebantur.
1709 2185 1954 2244 feruntur,

257 2258 442 2321 inquit,
480 2260 540 2306 ut
570 2259 703 2306 ultra
733 2259 935 2307 modum
965 2262 1310 2323 properantes,
1351 2274 1473 2321 quos
1506 2258 1793 2323 exagitabat
1823 2257 1954 2306 tanti

256 2333 387 2396 regis
426 2335 745 2395 praeceptum
785 2336 834 2380 et
872 2333 1066 2382 utilitas
1106 2349 1209 2382 sua.
1263 2334 1425 2382 scalae
1461 2334 1708 2393 inproviso
1744 2333 1952 2380 subitas-

258 2420 346 2467 que
384 2408 619 2467 apparuit
654 2407 806 2467 tynis:
846 2408 1097 2469 quaesitas
1137 2408 1294 2456 scalas
1335 2410 1386 2455 et
1424 2406 1656 2455 advectas
1686 2406 1952 2470 ignemque

259 2480 484 2528 adlatum
514 2496 613 2528 non
644 2480 771 2528 dixit
801 2482 967 2529 studio
991 2482 1288 2530 breviandae
1311 2482 1635 2542 narrationis3
1668 2480 1788 2543 quid
1820 2481 1951 2527 enim
1983 2492 2026 2524 30

258 2556 463 2616 poneret
486 2554 618 2616 quod
650 2571 708 2603 ex
732 2556 1147 2617 consequentibus
1179 2557 1501 2618 procuratum
1525 2556 1692 2618 posset
1724 2551 1951 2602 ostendi?

258 2644 373 2691 ergo
429 2628 632 2692 agendis
686 2629 832 2678 rebus
883 2645 1066 2693 magna
1119 2632 1194 2678 est
1250 2629 1474 2678 celeritas
1526 2628 1772 2676 adhibita:
1833 2643 1950 2674 nam

377 2775 402 2813 5
446 2772 577 2814 victis
611 2770 665 2813 V.
790 2774 844 2813 13
889 2775 931 2814 et
966 2770 1212 2826 foedusque
1245 2770 1299 2814 V.
1425 2775 1478 2813 15
1518 2769 1630 2825 qaid
1667 2769 1795 2812 vellet
1825 2767 1865 2809 V
1903 2781 1950 2812 se

257 2830 365 2873 velle
411 2829 482 2872 ed.
613 2833 668 2872 20
707 2835 986 2885 procurarat
1023 2829 1064 2872 V
1110 2831 1323 2874 turbarat
1368 2829 1470 2872 edF
1511 2828 1806 2884 pertwrbarat
1850 2840 1947 2870 nos.

259 2891 313 2930 22
345 2889 518 2945 φερέτην
541 2887 583 2930 V
613 2890 786 2945 yeritwr
817 2887 875 2931 ed
884 2887 932 2932 F.
1056 2892 1110 2931 23
1144 2894 1344 2944 atqae—
1359 2888 1636 2932 certantibus
1667 2900 1754 2929 om.
1788 2885 1949 2930 densa-

258 2960 341 3046 gllue
362 2972 416 2979 -
437 2947 649 3001 ferantur
697 2961 781 3003 pro
832 2947 1051 2990 lemmate
1099 2946 1343 2991 substituit
1389 2947 1476 3000 ed„
1524 2945 1648 3001 quod
1695 2944 1818 2988 infra
1863 2957 1947 3000 pro

280 3008 480 3050 emmate
513 3020 596 3049 scr.
623 3005 677 3048 V.
