2050 3226
234 183 343 238 456
705 182 939 228 DONATI
968 183 1249 229 INTERPR.
1277 184 1458 230 VERG.

231 322 379 371 initia
403 322 633 386 diximus,
661 323 975 372 laudativum
1000 325 1089 385 est,
1120 325 1178 372 ut
1206 323 1292 372 ille
1324 324 1384 374 de
1416 342 1513 389 quo
1546 325 1671 374 dixit
1701 319 1776 392 (1,
1796 320 1927 395 286)

233 399 494 459 „nascetur
531 398 739 461 pulchra
770 397 1016 446 Troianus
1056 396 1246 462 origine
1281 397 1496 448 Gaesar“
1535 399 1686 464 digno
1727 402 1928 450 auctore

231 470 485 520 videretur
523 487 626 520 esse
665 472 954 535 progenitus
995 473 1046 519 et
1082 472 1165 534 pio
1206 487 1264 521 ac
1301 472 1421 522 forti
1458 476 1508 522 et
1538 474 1675 523 felici
1704 474 1927 538 principe

235 546 516 594 Romanum
552 544 817 608 imperium
855 546 1106 594 constaret
1143 547 1384 595 exortum,

360 621 453 669 Vix
485 635 542 667 ea
573 619 735 680 leyati,
769 634 884 667 mox
913 622 972 667 ut
1003 635 1061 668 ea
1087 620 1244 684 legati
1275 620 1524 683 dixerunt,
1555 622 1819 682 variusque
1837 637 1928 682 per
1981 635 2001 668 5

230 708 320 742 ora
369 694 582 742 cucurrit
627 691 941 741 Ausonidum
989 694 1186 742 turbata
1229 697 1426 755 fremor,
1474 696 1525 744 et
1571 696 1766 744 turbati
1811 698 1927 746 sunt

231 783 398 816 omnes
439 769 527 830 qui
574 766 782 816 aderant
827 766 968 817 varia
1013 768 1296 818 sentientes.
1373 783 1458 818 ceu
1501 784 1628 818 saxa
1671 774 1928 818 morantur

167 833 170 835 ⁵
230 856 338 890 cum
375 842 576 902 rapidos
622 842 805 898 amniS,
851 843 910 900 fit
954 842 1119 890 clauso
1153 843 1342 904 yuryite
1385 858 1611 891 murmur
1646 845 1927 905 vicinaeque

227 916 442 975 fremunt
485 916 625 975 ripae
671 916 1017 976 crepitantibus
1062 917 1236 965 undis:
1281 916 1372 978 sic,
1418 917 1606 980 inquit,
1652 918 1928 966 fremebant

227 989 448 1040 universi
486 1005 608 1052 quos
649 993 964 1054 congesserat
1003 990 1201 1039 concilii
1230 991 1502 1055 peragendi
1538 992 1829 1053 necessitas,
1869 994 1928 1041 ut
1958 1005 2002 1038 ιο

228 1063 416 1112 fractus
450 1063 650 1112 obiectu
688 1079 919 1112 saxorum
956 1064 1247 1128 rapidorum
1287 1066 1510 1114 amnium
1547 1081 1720 1114 cursus
1759 1067 1810 1114 et
1848 1082 1925 1115 ar-

227 1139 364 1186 tatus
403 1139 457 1186 in
495 1137 746 1202 gurgitem
785 1139 912 1187 solet
949 1155 1037 1201 per
1081 1139 1391 1188 vicinitatem
1435 1140 1662 1202 riparum
1700 1141 1926 1189 emittere

125 1220 210 1260 300
228 1212 439 1276 fragoris
491 1211 770 1275 strepitum.
846 1216 900 1260 ut
936 1213 1158 1273 primum
1197 1214 1386 1273 placati
1435 1214 1591 1262 animi
1641 1217 1684 1262 et
1735 1215 1927 1274 trepida

227 1300 316 1334 ora
369 1286 613 1346 quierunt,
673 1288 1000 1349 posteaquam
1054 1286 1299 1336 siluerunt
1355 1303 1522 1336 omnes
1578 1287 1666 1351 qui
1719 1287 1924 1338 diversis

228 1361 508 1408 animorum
532 1360 749 1409 motibus
773 1361 974 1409 fuerant
1005 1361 1222 1423 excitati,
1247 1363 1511 1422 praefatus
1542 1362 1693 1419 divos,
1725 1362 1818 1411 hoc
1850 1365 1927 1412 est
1957 1374 2000 1408 15

225 1434 443 1497 primum
481 1435 546 1483 ad
584 1450 665 1484 eos
705 1436 924 1497 locutuS‚
973 1436 1092 1483 solio
1131 1450 1215 1484 rex
1253 1437 1366 1495 infit
1403 1437 1465 1484 ab
1505 1436 1626 1484 alto:
1670 1436 1924 1485 locuturus

227 1509 291 1556 ad
329 1509 570 1572 populum
617 1509 891 1558 orationem
937 1509 1161 1558 futuram
1208 1509 1303 1558 diis
1351 1509 1511 1572 primo
1559 1510 1925 1560 commendavit

226 1585 276 1631 et
315 1583 418 1630 alto
444 1583 567 1632 solio
600 1582 819 1632 insidens
852 1583 921 1631 sic
950 1584 1173 1632 instituit
1202 1584 1363 1647 loqui3
1402 1584 1495 1632 hoc
1531 1584 1663 1632 enim
1693 1584 1923 1648 exigebat

225 1656 458 1721 longaevi
494 1657 725 1721 regisque
763 1673 996 1720 persona,
1035 1660 1094 1707 ut
1131 1658 1304 1707 sedens
1335 1658 1645 1721 loqueretur,
1685 1659 1834 1721 quale
1873 1661 1924 1707 et

224 1730 351 1778 illud
402 1730 530 1780 dixit
579 1748 638 1778 ex
687 1731 858 1780 Latini
908 1731 1128 1780 eiusdem
1173 1747 1386 1795 persona
1434 1732 1487 1779 in
1534 1731 1661 1779 libro
1709 1734 1922 1795 septimo
1954 1745 1998 1778 πο

226 1799 383 1871 (259)
423 1806 533 1867 „dii
570 1808 742 1854 nostra
780 1807 980 1869 incepta
1019 1804 1348 1868 secundent;“
1386 1807 1665 1855 necessaria
1703 1806 1835 1855 enim
1873 1809 1924 1856 et

224 1879 276 1925 in
325 1880 514 1928 incerto
565 1882 744 1928 eventu
795 1881 1070 1929 constituta
1115 1881 1370 1929 locuturus
1419 1879 1514 1928 diis
1561 1881 1722 1943 primo
1771 1881 1924 1929 etiam

223 1952 328 2000 illic
367 1954 732 2003 commendavit
779 1970 838 2002 ex
875 1970 1032 2017 more3
1082 1971 1199 2003 nam
1239 1955 1366 2003 dixit
1410 1954 1570 2017 primo
1603 1954 1713 2016 „dii
1750 1957 1923 2003 nostra

222 2025 423 2089 incepta
476 2029 747 2077 secundent
800 2030 1162 2093 auguriumque
1213 2027 1394 2077 suum“
1450 2030 1500 2076 et
1557 2029 1628 2077 sic
1680 2029 1922 2092 legationi

223 2100 480 2163 respondit
526 2139 552 2163 „
563 2101 786 2165 dabitur,
834 2103 1069 2163 Troiane,
1116 2103 1253 2166 quod
1299 2105 1443 2166 optas
1454 2101 1496 2150 “.
1573 2105 1684 2150 ante
1729 2103 1921 2162 quidem
1952 2114 1994 2147 25

223 2189 416 2223 summa
455 2175 513 2223 de
550 2191 602 2222 re
640 2178 886 2233 statuisse,
927 2177 1123 2234 Latini,
1164 2181 1208 2226 et
1243 2178 1434 2226 vellem:
1471 2176 1656 2240 legitur
1694 2179 1744 2225 et
1779 2177 1920 2239 velle,

225 2248 460 2310 quoniam
499 2250 636 2311 prius
678 2250 750 2298 ait
799 2252 1057 2313 statuisse,
1103 2254 1162 2300 ut
1208 2252 1273 2299 ad
1318 2250 1611 2300 audientum
1656 2265 1920 2312 personam

222 2325 386 2372 totum
423 2321 634 2371 Latinus
674 2325 999 2387 revocaverit,
1038 2341 1138 2373 non
1176 2326 1238 2374 ad
1269 2341 1411 2374 suam
1434 2327 1484 2374 et
1522 2325 1589 2373 sit
1612 2325 1728 2372 ante
1769 2324 1918 2372 debu-

343 2469 367 2507 2
401 2465 634 2522 aboriyine
657 2463 711 2508 V.
835 2470 860 2508 3
893 2471 935 2510 et
960 2468 1041 2522 pio
1073 2481 1127 2511 ac
1150 2466 1194 2509 V
1223 2481 1362 2523 quum
1384 2467 1468 2522 pio
1500 2465 1571 2509 ed.
1615 2464 1620 2523 Ι
1660 2466 1918 2520 principem

223 2522 265 2566 V
297 2537 410 2566 corr.
445 2523 515 2568 ed.
651 2528 706 2567 10
750 2538 858 2580 quos
896 2531 1172 2571 concesserat
1206 2525 1248 2569 V
1286 2540 1325 2582 q.
1362 2529 1642 2582 conyesserat
1682 2537 1765 2567 nos
1809 2537 1918 2579 quos

225 2596 312 2626 om.
339 2583 410 2626 ed.
443 2584 606 2638 quibus
628 2589 902 2628 concesserat
933 2585 1003 2628 ed.
1029 2587 1148 2640 post.
1243 2590 1297 2628 12
1323 2599 1408 2640 per
1437 2585 1546 2640 post
1575 2582 1915 2627 emittereVed.

222 2642 512 2697 transposuit
536 2642 607 2687 ed.
632 2644 752 2698 poet.
834 2647 888 2686 13
911 2643 1118 2701 fremores
1139 2645 1378 2700 strepitum
1395 2643 1435 2688 V
1457 2643 1517 2698 fr.
1543 2647 1583 2686 et
1604 2643 1820 2697 strepitus
1844 2642 1914 2686 ed.

221 2700 423 2758 fragoris
459 2707 537 2746 str.
578 2715 674 2745 nos,
805 2706 860 2745 16
891 2703 954 2746 ad
984 2716 1054 2747 eos
1078 2702 1119 2747 V
1144 2703 1215 2747 ed.
1248 2704 1311 2747 ad
1340 2703 1444 2747 deos
1476 2701 1512 2746 O
1546 2701 1745 2744 fortasse
1775 2702 1914 2744 recte.

226 2763 279 2802 19
312 2761 444 2815 quale
467 2760 509 2804 V
540 2775 679 2816 quare
710 2761 780 2804 ed.
911 2766 964 2804 21
998 2764 1325 2808 necessaria—
1349 2767 1405 2806 24
1435 2761 1681 2806 secundent
1720 2773 1807 2803 om.
1842 2759 1911 2804 ed.

225 2822 278 2861 23
326 2819 399 2863 illi
436 2819 478 2863 V
522 2821 619 2864 illic
665 2833 761 2864 nos.
907 2825 961 2863 25
1009 2822 1186 2876 quidem
1224 2821 1267 2865 V
1313 2821 1516 2877 equidem
1562 2818 1633 2862 ed.
1682 2819 1729 2861 et
1774 2818 1913 2874 Verg.

223 2877 344 2921 libri.
468 2883 522 2922 27
555 2881 769 2934 quoniam
805 2878 847 2922 V
885 2893 1022 2935 quum
1058 2881 1128 2924 ed.
1178 2881 1182 2939 Ι
1232 2885 1285 2925 ut
1314 2880 1356 2923 V
1388 2880 1459 2924 ed.
1498 2883 1552 2926 ut
1587 2877 1650 2921 ad
1688 2877 1760 2921 ed.
1792 2880 1912 2932 post.

225 2940 279 2979 28
314 2942 576 3038 pei-Ptotum
611 2938 653 2982 V
689 2938 759 2982 ed.
796 2952 882 2994 per
921 2938 1082 2983 delevi.
1136 2940 1140 2998 Ι
1199 2945 1240 2984 et
1276 2941 1338 2984 sit
1367 2939 1409 2983 V
1447 2943 1488 2983 et
1516 2938 1557 2982 si
1593 2936 1663 2980 ed.
1715 2936 1720 2994 Ι
1779 2937 1914 2980 debu-

223 2996 301 3039 isti
332 3008 356 3038 e
440 3032 449 3040 .
