2050 3226
265 189 374 243 452
737 188 971 234 DONATI
1002 187 1285 234 INTERPR.
1310 188 1488 234 VERG.

265 327 512 390 debuisse,
559 327 695 392 quod
732 345 833 377 non
873 327 935 376 ab
974 343 1030 376 eo
1073 329 1160 391 qui
1199 329 1327 376 esset
1362 327 1586 393 integrae
1624 330 1825 392 mentis,
1876 328 1961 379 sed

265 402 550 452 dominante
603 403 851 451 dementia
905 403 1156 450 constaret
1208 401 1490 452 admissum.
1567 405 1778 465 possunt
1830 403 1962 452 enim

262 477 436 525 haberi
473 493 564 541 pro
602 476 945 524 innocentibus
987 475 1074 538 qui
1100 470 1269 525 >furore
1303 476 1491 540 inpulsi
1529 477 1634 526 sine
1667 493 1756 526 sua
1786 479 1960 526 volun-

261 552 367 600 tate
405 551 734 615 peccaverint.
794 566 853 598 ex
891 550 979 598 illo
1018 549 1143 597 mihi
1180 549 1283 598 iam
1321 551 1565 613 speranda
1603 552 1804 600 fuerunt
1839 554 1961 600 tem·

261 641 404 689 pore:
444 625 691 688 speranda
731 623 936 687 quidam
984 623 1129 686 quasi
1169 625 1435 674 metuenda
1478 626 1799 690 intellegunt,
1848 642 1962 674 cum
2014 640 2020 671 ι

261 716 375 748 vere
415 698 661 762 speranda
695 697 945 762 Vergilius
987 698 1168 747 dixisse
1198 698 1448 762 videatur3
1487 716 1604 748 nam
1643 699 1729 762 qui
1769 699 1960 764 aliquid

263 773 482 822 criminis
522 773 603 822 vel
642 772 839 821 sceleris
880 771 1135 820 admiserit
1182 772 1572 822 consideratione
1618 774 1793 823 habita
1838 774 1960 823 facti

261 849 431 911 sperat
469 846 574 895 sine
606 846 919 895 dubitatione
953 845 1266 910 supplicium.
1322 847 1454 910 quod
1486 848 1586 897 fuit
1614 865 1698 898 reo
1728 847 1960 897 Diomedi

259 920 745 983 manifestissimum,
785 921 864 969 vel
902 921 1116 968 maxime
1155 921 1207 968 in
1239 937 1298 969 ea
1338 937 1488 971 causa
1525 923 1579 970 in
1611 939 1710 985 qua
1735 922 1959 971 divinum

260 1011 439 1060 corpus
478 994 681 1043 mortali
717 1011 872 1043 manu
910 995 1200 1044 violaverat.
1277 1010 1337 1043 ue
1365 1010 1499 1053 vero,
1540 1010 1599 1044 ne
1635 1010 1711 1044 lme
1750 997 1816 1045 acl
1846 997 1960 1045 talis
1991 1010 2009 1041 1

258 1070 471 1131 impellite
500 1084 727 1131 pumicis:
765 1085 879 1118 cum
912 1068 1034 1117 dicit
1073 1069 1135 1117 ad
1173 1070 1292 1118 talis
1327 1085 1545 1134 pugnaS,
1586 1070 1804 1119 ostendit
1842 1070 1959 1119 dare

259 1159 310 1192 se
350 1144 592 1192 auxilium
629 1144 872 1206 potuisse,
920 1143 964 1192 si
1001 1159 1102 1191 non
1141 1146 1314 1192 contra
1353 1144 1615 1207 Troianos,
1663 1144 1748 1197 sed
1788 1146 1959 1194 contra

261 1217 385 1268 alios
424 1219 774 1282 postulassent.
825 1232 911 1266 nee
947 1218 1068 1265 mihi
1106 1232 1215 1265 eum
1246 1219 1447 1266 Teucris
1483 1219 1641 1266 ullum
1670 1222 1785 1279 post
1821 1222 1960 1267 eruta

155 1297 242 1337 280
260 1293 436 1341 bellum
459 1293 727 1354 Perqama:
758 1291 891 1354 quod
923 1291 1153 1340 arbitrati
1177 1294 1295 1340 sunt
1315 1291 1488 1342 Latini
1516 1292 1758 1341 mansisse
1789 1292 1959 1342 odium

258 1369 402 1416 vetus
452 1367 506 1415 in
557 1367 723 1414 animo
774 1365 1054 1427 Diomedis,
1107 1367 1200 1414 hoc
1261 1367 1368 1429 ipse
1420 1366 1607 1416 adserit
1656 1383 1851 1416 erasum
1900 1383 1959 1414 ex
1990 1379 2025 1411 ιε

259 1440 483 1490 sensibus
523 1440 625 1489 suis
651 1442 766 1503 post
805 1440 1051 1489 excidium
1082 1441 1274 1489 Troiae.
1337 1457 1396 1489 ex
1427 1458 1548 1504 quo,
1586 1441 1774 1504 inquit,
1814 1457 1957 1504 supe-

257 1516 478 1564 ravimus
512 1515 714 1563 Troiam
752 1515 803 1563 et
841 1530 957 1577 opes
998 1514 1101 1563 eius
1142 1515 1429 1576 evertimus,
1469 1516 1629 1564 omnis
1667 1514 1957 1563 inimicitias

259 1605 371 1638 cum
410 1589 609 1638 adfectu
648 1588 907 1653 pugnandi
947 1588 1177 1651 deposui,
1223 1590 1276 1636 in
1315 1591 1515 1638 tantum
1559 1591 1618 1637 ut
1665 1589 1812 1637 malis
1853 1589 1956 1638 eius

258 1663 505 1727 gratulari
543 1679 643 1711 non
682 1663 906 1711 audeam.
982 1663 1076 1711 hoc
1115 1665 1190 1711 est
1222 1663 1354 1725 quod
1393 1665 1466 1711 ait
1503 1677 1590 1711 nee
1620 1667 1832 1711 veterum
1861 1677 1957 1711 me-

256 1738 381 1786 mini
419 1738 626 1786 laetorve
661 1738 929 1786 malorum:
972 1739 1031 1785 ut
1075 1753 1188 1785 vere
1235 1737 1470 1800 probaret
1515 1753 1614 1785 non
1662 1753 1711 1785 se
1763 1737 1956 1799 laetari,
1987 1749 2006 1783 s

259 1812 478 1860 ostendit
515 1828 576 1860 ne
608 1811 899 1859 memoriam
933 1810 1134 1874 quidem
1164 1811 1287 1859 facti
1315 1811 1474 1874 ipsius
1511 1812 1563 1859 in
1596 1811 1699 1860 suis
1731 1811 1956 1860 sensibus

257 1887 563 1935 remansisse.
640 1900 847 1934 munera
894 1899 1016 1944 quae
1045 1886 1230 1945 patriis
1270 1886 1337 1934 acl
1380 1899 1455 1933 me
1494 1886 1701 1946 portatis
1747 1887 1810 1934 ab
1857 1886 1956 1934 oris

257 1961 421 2007 vertite
460 1961 526 2008 ad
554 1957 785 2008 Aenean:
825 1960 911 2023 qui
943 1958 1182 2007 auxilium
1215 1975 1315 2007 non
1347 1958 1499 2008 dabat
1527 1960 1735 2008 instruit
1763 1961 1955 2024 legatos

259 2034 491 2095 consilio,
532 2035 591 2082 ut
628 2032 830 2082 meliore
858 2033 940 2082 via
980 2034 1290 2082 consulerent
1320 2035 1521 2097 negotio
1562 2033 1692 2095 quod
1732 2049 1954 2096 suscepe-

257 2109 394 2169 rant,
434 2109 504 2169 et,
535 2125 596 2156 ne
628 2109 871 2170 sprevisse
902 2123 992 2170 pro
1017 2107 1197 2156 vilibus
1228 2124 1435 2156 munera
1465 2107 1738 2169 videretur,
1771 2107 1957 2156 adserit
1986 2121 2026 2153 25

257 2182 380 2230 haec
417 2181 542 2230 talia
581 2197 684 2230 esse
725 2182 904 2244 quibus
937 2182 1128 2244 placari
1165 2183 1325 2244 possit
1362 2181 1519 2231 hostis
1561 2184 1610 2229 et
1647 2197 1825 2230 nomen
1866 2183 1951 2230 ho-

260 2256 372 2304 stile
415 2255 679 2318 deponerc3
730 2256 876 2304 facile
926 2272 1038 2303 eum
1085 2255 1155 2304 sic
1193 2257 1419 2319 superari
1457 2271 1622 2318 posse,
1662 2256 1704 2304 si
1745 2271 1857 2303 cum
1897 2271 1953 2304 eo

259 2331 330 2379 sic
369 2331 619 2393 ageretur,
662 2346 813 2391 quam
852 2331 895 2378 si
933 2331 1286 2392 provocaretur
1322 2330 1375 2377 in
1418 2346 1659 2392 campum.
1737 2330 1953 2377 stetimus

258 2404 353 2452 tela
392 2417 570 2464 aspera
617 2407 784 2452 eontra
831 2405 1210 2463 contulimusque
1246 2418 1449 2452 manus:
1493 2402 1811 2452 metuendum
1851 2419 1951 2451 cer-

258 2480 426 2526 tamen
465 2478 570 2526 eius
609 2477 852 2540 probabat
898 2495 955 2526 ex
994 2493 1112 2528 sese.
1191 2478 1377 2540 qualis,
1427 2477 1613 2539 inquit,
1665 2477 1750 2525 ille
1798 2477 1864 2526 sit
1901 2478 1951 2525 in
1983 2489 2024 2521 so

1599 2600 1625 2635 Q

379 2654 402 2691 1
438 2650 579 2693 habeo
611 2648 652 2692 V
688 2648 744 2692 ab
777 2661 824 2692 eo
865 2662 977 2693 corr.
1012 2649 1082 2692 ed.
1207 2653 1231 2693 3
1263 2650 1316 2693 in
1345 2662 1432 2693 sua
1455 2646 1497 2690 V
1521 2646 1591 2691 ed.
1623 2648 1721 2691 sine
1750 2659 1836 2691 sua
1868 2661 1950 2690 nos

260 2707 316 2752 cf.
352 2712 391 2762 1,
417 2711 516 2751 348.
641 2711 665 2750 6
698 2707 867 2751 dixisse
890 2707 932 2750 V
964 2709 1237 2753 intellexisse
1268 2707 1339 2752 ed.
1463 2711 1516 2750 12
1549 2707 1591 2750 si
1618 2707 1725 2761 post
1750 2707 1951 2761 potuisse

259 2780 346 2811 om.
379 2768 486 2822 post
516 2767 595 2811 secl
625 2766 731 2811 add.
764 2766 834 2809 ed.
958 2771 1012 2810 13
1045 2768 1144 2811 ulla
1167 2766 1221 2811 V.
1338 2770 1392 2809 14
1425 2765 1587 2809 bellum
1618 2770 1702 2819 est,
1734 2770 1798 2809 est
1828 2766 1950 2807 atra-

258 2827 414 2869 mento
447 2827 729 2881 expunctum
753 2824 809 2869 V.
905 2829 958 2869 18
982 2828 1033 2869 in
1058 2831 1236 2871 tautum
1255 2825 1297 2869 V
1320 2838 1460 2881 usque
1484 2824 1595 2868 adeo
1619 2824 1690 2866 ed.
1784 2827 1837 2867 21
1870 2837 1951 2868 nee

258 2884 300 2927 V
324 2884 395 2928 ed.
428 2899 484 2929 ue
514 2898 610 2928 nos.
735 2889 791 2927 24
822 2886 1067 2941 ueyotio—
1087 2889 1140 2928 25
1168 2891 1210 2930 et
1237 2885 1412 2929 temere
1443 2884 1556 2926 mut.
1588 2882 1658 2925 ed.
1783 2887 1836 2926 27
1877 2883 1950 2926 de-

253 2945 369 2998 poni
400 2943 471 2987 ed.
509 2943 514 3002 1
548 2944 738 2998 facilius
763 2943 834 2986 ed.
928 2947 982 2986 29
1012 2945 1097 2988 illa
1122 2958 1207 3000 pro
1235 2944 1326 2988 tela
1349 2942 1402 2986 V.
1497 2945 1551 2985 30
1579 2940 1947 2998 probabatVed.

254 3003 419 3058 probat
450 3002 494 3045 H
525 3001 720 3046 fortasse
751 3003 890 3047 recte.
