2050 3226
807 163 1112 209 AENEIDOS
1143 163 1186 207 X
1731 166 1839 220 317

152 307 399 367 tissimuS,
448 307 755 368 praeteream
806 305 1023 359 carmine
1071 319 1194 352 meo.
1283 319 1438 367 genus
1489 304 1564 352 est
1601 303 1839 352 transitus

152 381 357 443 propter
402 378 625 427 odiosam
669 379 926 427 nominum
966 377 1412 438 continuationem,
1451 393 1580 439 quae
1618 379 1672 425 in
1710 382 1840 426 cata·

152 454 280 519 logis
329 469 523 516 semper
564 454 652 501 est.
739 453 871 501 hunc
922 454 1090 500 autem
1138 451 1316 499 merito
1366 466 1476 512 suo,
1528 468 1627 500 non
1673 467 1843 500 eorum

153 544 276 591 quos
323 527 535 576 ducebat
579 527 744 575 voluit
789 525 1090 575 carminibus
1130 527 1232 575 suis
1273 541 1384 574 cum
1422 525 1569 574 laude
1606 527 1843 587 inserere3

16 620 51 680 ’ᾗ
101 614 121 647 5
152 603 295 651 erant
343 603 475 650 enim
524 601 686 664 pauci.
773 601 855 649 hic
902 601 1060 665 igitur
1111 599 1410 648 fortissimus
1464 599 1562 647 fuit
1622 601 1844 648 omnium

41 682 48 744 ἦ
150 675 415 740 Ligurum,
455 676 589 738 quod
627 690 740 724 cum
778 674 982 736 dicitur,
1021 675 1352 724 ostenduntur
1390 673 1543 722 etiam
1580 673 1660 722 illi
1689 674 1843 722 fortes

16 757 46 840 J
152 750 330 812 quibus
378 750 632 812 praelatus
684 764 788 798 esse
839 748 1114 798 videbatur.
1201 749 1294 797 hoc
1345 750 1398 796 in
1450 747 1562 796 istis
1616 747 1846 796 laudavit

15 811 33 885 Ῑ,
151 824 286 887 quod
325 824 424 873 alio
463 824 572 873 loco
612 817 688 890 (5,
715 818 846 887 754)
886 823 1091 887 „exigui
1128 838 1355 883 numere,
1395 821 1479 871 sed
1510 821 1641 870 bello
1673 821 1844 871 vivida

14 873 45 1131 p
150 898 311 947 virtus
321 896 363 946 “.
416 897 554 947 venit
590 898 694 946 iam
733 897 795 947 ad
834 897 991 960 ipsius
1031 897 1168 946 ducis
1201 898 1404 945 cultum.
1459 897 1598 944 cuius
1628 897 1845 944 olorinae

78 985 120 1017 ιο
149 975 358 1033 surqunt
394 972 452 1020 de
488 973 662 1020 vertice
691 972 905 1031 pinnae:
944 972 1161 1020 olorinas
1201 971 1378 1034 pinnas
1426 970 1553 1019 dixit
1591 970 1746 1020 fuisse
1791 970 1845 1017 in

149 1045 253 1095 eius
303 1046 470 1111 galea,
518 1047 612 1094 hoc
662 1047 738 1094 est
783 1045 938 1108 cycni.
1013 1061 1150 1094 more
1201 1061 1289 1094 suo
1328 1045 1579 1110 Vergilius
1616 1045 1727 1094 vult
1770 1043 1844 1092 in-

15 1133 24 1164 t
150 1121 326 1169 ducere
365 1121 588 1170 fabulam
628 1119 804 1183 Cycni,
842 1122 902 1168 ut
938 1121 991 1167 in
1031 1120 1261 1183 catalogo
1301 1118 1500 1182 septimi
1537 1118 1654 1167 libri
1685 1112 1844 1186 (765)

150 1194 209 1242 de
233 1194 511 1258 Hippolyto
534 1195 674 1257 fecit3
696 1194 829 1243 inter
850 1194 1021 1242 taedia
1052 1193 1238 1257 quippe
1268 1196 1347 1242 tot
1376 1192 1634 1242 nominum
1666 1193 1844 1255 quibus

23 1325 26 1329 ¹
148 1269 393 1330 homineS‚
438 1271 654 1330 monteS‚
701 1268 952 1329 civitates,
998 1268 1110 1316 loca
1148 1269 1198 1316 et
1242 1268 1451 1316 flumina
1500 1267 1846 1331 significantur

23 1359 30 1408 ς
77 1354 119 1388 15
150 1345 240 1391 aut
277 1344 440 1392 fontes
481 1345 570 1391 aut
609 1344 772 1391 cetera
808 1342 1018 1391 inmissa
1054 1342 1277 1391 narratio
1308 1342 1555 1406 legentem
1587 1341 1845 1390 sublevare

18 1418 41 1471 3.ae
150 1417 295 1465 debet
344 1419 395 1466 et
443 1418 631 1481 erigere
682 1416 981 1465 audientem.
1070 1417 1251 1464 crimen
1301 1431 1439 1464 amor
1487 1419 1700 1464 vestrum
1743 1416 1843 1475 for-

19 1479 40 1533 s
147 1506 347 1552 maeque
406 1492 597 1553 insiqne
646 1494 912 1552 paternae:
967 1490 1460 1554 transfigurationem
1513 1490 1700 1538 factam
1753 1506 1843 1552 pro

20 1571 23 1574 ⁴
147 1581 308 1629 poena
354 1565 542 1629 posuit,
588 1581 748 1628 poena
788 1567 957 1613 autem
995 1565 1100 1613 sine
1140 1566 1345 1613 crimine
1384 1580 1487 1613 esse
1526 1580 1625 1612 non
1664 1564 1843 1626 potuit.

150 1639 283 1702 quod
333 1642 501 1688 autem
554 1638 749 1702 Cycnus
803 1654 969 1688 amore
1018 1639 1343 1701 praecedente
1394 1639 1557 1688 factus
1608 1640 1684 1687 est
1723 1638 1845 1699 avis,

73 1725 117 1758 so
147 1714 254 1777 ipse
295 1730 434 1762 amor
472 1714 570 1762 fuit
608 1713 807 1763 crimen.
886 1713 1019 1777 quod
1057 1729 1174 1762 vero
1212 1713 1297 1762 ille
1337 1712 1516 1776 pinnas
1562 1712 1742 1760 habuit
1787 1728 1846 1760 ex

148 1803 323 1850 cycn0,
369 1789 463 1837 hoc
506 1787 664 1851 ipsius
704 1788 869 1836 fuerat
907 1790 1253 1836 ornamentum
1299 1789 1349 1836 et
1394 1787 1593 1852 signum
1638 1786 1844 1851 originis

149 1878 279 1911 suae.
371 1877 580 1923 namque
635 1863 803 1924 ferunt
855 1862 986 1910 luctu
1039 1860 1256 1923 Cycnum
1302 1862 1614 1910 Phaethontis
1675 1862 1842 1917 amati,

144 1937 381 1997 populeas
430 1938 556 1984 inter
602 1937 802 1997 frondes
851 1938 1169 1995 umbramque
1217 1950 1440 1984 sororum
1478 1937 1596 1983 dum
1634 1936 1765 1984 canit
1804 1938 1847 1982 ct
1863 1943 1948 1984 190

147 2014 384 2058 maestum
433 2025 578 2058 musa
633 2011 820 2059 solatur
877 2025 1111 2067 amorem,
1171 2013 1418 2058 canentem
1477 2010 1612 2058 molli
1670 2010 1844 2069 pluma

22 2116 24 2121 ,
75 2095 118 2128 25
149 2085 346 2133 &amisse
368 2087 608 2132 senectam
632 2085 923 2144 linquentem
953 2088 1110 2132 terras
1143 2087 1187 2132 et
1215 2085 1381 2132 sidera
1410 2099 1521 2132 voce
1550 2087 1821 2144 sequentem
1829 2101 1844 2131 .-

148 2158 435 2207 fabularum
472 2160 695 2207 veterum
732 2158 1035 2222 perindeque
1073 2159 1375 2207 incertarum
1413 2160 1603 2206 certum
1642 2174 1692 2206 se
1732 2173 1843 2205 auc-

147 2235 308 2282 torem
360 2249 460 2281 non
513 2233 624 2281 vult
675 2234 825 2295 poeta
879 2232 1199 2281 constituere:
1256 2233 1368 2281 ideo
1423 2232 1494 2281 sic
1549 2233 1732 2294 coepit,
1786 2234 1845 2278 ut

270 2394 292 2432 1
313 2389 574 2445 praeteribo
597 2388 670 2433 ed.
754 2393 779 2431 2
805 2389 1058 2446 catalonqis
1080 2389 1134 2433 R.
1222 2393 1274 2433 11
1301 2389 1433 2447 cycni
1447 2388 1544 2432 VR.
1632 2392 1685 2431 12
1709 2388 1844 2443 fabu-

150 2449 242 2493 lam
265 2450 398 2505 cycni
419 2448 461 2491 R
486 2449 522 2503 f.
547 2448 679 2505 cycni
702 2446 743 2490 V
769 2447 804 2502 f.
830 2461 1047 2504 cyqneam
1071 2448 1142 2492 ed.
1183 2449 1186 2507 Ι
1220 2454 1320 2493 cato
1344 2449 1440 2492 loco
1462 2447 1560 2491 VR.
1655 2451 1708 2491 13
1742 2447 1842 2501 effe-

25 2516 31 2570 ,ᾗ
150 2509 212 2552 cit
233 2507 319 2551 VR
349 2521 462 2551 corr.
489 2507 560 2552 ed.
655 2511 710 2549 14
741 2507 942 2551 homines
963 2507 1049 2550 VR
1078 2509 1171 2563 ipsi
1199 2509 1241 2551 h.
1274 2507 1345 2551 ed.
1383 2507 1387 2565 Ι
1422 2508 1625 2552 civitates
1656 2520 1743 2549 om.
1770 2505 1842 2550 ed.

26 2571 31 2623 ξ
152 2571 206 2611 15
239 2573 322 2612 aut
349 2568 487 2622 fortes
510 2566 552 2609 V
583 2571 625 2610 et
652 2566 686 2619 f.
721 2565 763 2608 R
793 2571 876 2610 aut
905 2572 1043 2611 sortes
1074 2567 1145 2611 ed.
1179 2572 1263 2612 aut
1290 2567 1438 2621 fontes
1468 2580 1551 2609 nos
1585 2564 1642 2609 cf.
1675 2569 1716 2619 3,
1743 2569 1841 2608 706.

27 2627 30 2648 '
152 2631 193 2680 7,
233 2630 333 2670 645.
386 2627 389 2683 Ι
447 2630 531 2670 aut
575 2630 722 2669 cetera
760 2624 845 2668 VR
891 2625 962 2669 ed.
1006 2631 1047 2670 et
1092 2631 1159 2671 c.‘?
1305 2630 1358 2670 16
1406 2626 1706 2670 criminamur
1747 2622 1841 2668 VR.

152 2689 206 2728 19
242 2686 362 2741 quod
391 2690 541 2729 autem
572 2697 741 2742 cycnus
772 2682 856 2727 VR
888 2690 1023 2740 pater
1052 2691 1202 2730 autem
1232 2699 1288 2729 ex
1316 2686 1510 2739 ferventi
1545 2683 1615 2727 ed.
1660 2683 1665 2741 Ι
1712 2684 1844 2727 cuius

149 2746 264 2798 facti
297 2746 405 2800 post
439 2745 539 2788 avis
572 2742 788 2799 interpol.
823 2743 895 2787 ed.
1018 2749 1073 2788 20
1105 2758 1248 2789 causa
1278 2750 1320 2788 et
1348 2745 1414 2788 sic
1445 2743 1614 2787 amoris
1643 2747 1707 2786 est
1736 2743 1844 2798 post

149 2804 245 2857 fuit
280 2803 494 2859 intel-pol.
528 2803 620 2846 ed.:
662 2802 711 2845 in
746 2802 819 2845 his
851 2802 1066 2846 omnibus
1097 2802 1240 2848 HOU
1272 2818 1376 2847 cum
1408 2801 1493 2844 VR
1524 2800 1840 2845 consentiunt:

153 2861 268 2906 Don.
301 2876 500 2906 amorem
534 2876 627 2905 non
660 2862 797 2905 deum
828 2861 1065 2919 intellegit
1096 2865 1144 2907 et
1169 2867 1365 2907 vestrum
1387 2861 1457 2904 ita
1482 2860 1693 2916 accipere
1715 2860 1843 2904 vide-

151 2922 249 2975 tur,
287 2924 341 2965 ut
379 2921 527 2965 filium
565 2934 649 2976 per
686 2920 870 2977 insigne
907 2923 1154 2977 paternum
1194 2921 1401 2965 criminis
1431 2919 1711 2976 participem
1743 2932 1842 2963 esse

151 2979 276 3026 velit.
378 2982 586 3025 habuerit
624 2980 694 3024 ed.
820 2984 876 3023 24
914 2982 1117 3026 solvatur
1147 2980 1243 3024 VR.
1367 2984 1422 3023 26
1454 2984 1623 3024 certum
1654 2992 1742 3023 om.
1769 2978 1840 3022 ed.
