2050 3226
206 176 238 228 2
243 175 314 229 52
677 172 910 217 DONATI
939 171 1220 216 INTERPR.
1246 172 1424 217 VERG.

204 313 515 376 triumphum
552 313 871 376 praebentem
907 312 1134 361 hostibus
1176 311 1348 361 duris?
1413 316 1526 362 tune
1563 313 1644 362 ille
1681 316 1896 363 senectae

203 386 345 449 [sera
392 402 527 436 meae
574 388 794 449 requies?
790 386 824 449 ]
872 387 966 434 hoc
1016 388 1092 435 est
1141 401 1241 448 quo
1292 389 1515 436 senectae
1564 404 1702 437 meae
1753 387 1897 438 fuisti

206 460 424 510 solacio?
465 461 597 524 quod
622 461 694 510 ait
717 477 824 510 sero
849 459 1049 522 solacio,
1074 460 1316 523 probatur
1339 475 1427 510 cur
1450 477 1583 524 ser03
1622 462 1898 525 apparebat

206 534 337 584 enim
380 534 527 583 illum
570 535 623 583 in
661 535 971 598 provectiore
1009 533 1185 583 matris
1225 536 1390 584 aetate
1429 538 1734 599 susceptum,
1785 552 1899 585 cum

204 610 294 657 illa
326 625 449 658 anus
481 612 631 671 esset,
662 609 913 672 Euryalus
945 609 1146 671 „prima
1177 607 1379 672 signans
1410 611 1611 659 intonsa
1641 608 1898 660 iuventa“.

205 699 321 748 ergo
379 685 509 732 recte
567 684 728 732 dictus
783 685 858 732 est
911 698 1047 731 serus
1102 683 1364 732 accessisse
1416 687 1643 732 materno
1698 683 1898 733 solaci0.

196 758 402 818 potuisti
441 758 654 818 linquere
691 758 869 814 solam,
910 757 1152 805 erudelis?
1204 757 1354 820 plena
1393 759 1644 807 accusatio
1683 759 1737 806 in
1775 774 1898 822 pau-

205 831 413 880 cissimis
452 831 631 880 verbis.
706 847 824 879 nam
862 831 1039 894 quanti
1085 833 1160 879 est
1197 831 1394 880 sceleris
1432 835 1643 881 matrem
1679 832 1734 881 in
1771 832 1899 896 peri-

154 944 158 947 .
205 905 330 954 culis
384 906 628 968 linquere!
707 905 886 969 quanti
940 907 1015 954 est
1067 905 1266 954 sceleris
1328 905 1549 955 deserere
1602 922 1709 954 eam
1771 923 1898 970 quae

205 978 410 1029 alterius
450 979 693 1028 solacium
729 995 829 1028 non
859 979 1086 1028 haberet!
1149 979 1361 1028 crudelis
1394 979 1549 1029 animi
1578 981 1672 1030 hoc
1702 981 1900 1045 signum

205 1057 300 1116 est,
341 1054 474 1116 quod
511 1056 617 1103 tam
657 1053 929 1102 execrabile
967 1053 1158 1101 malum
1196 1055 1250 1101 in
1287 1053 1390 1101 filio
1431 1069 1535 1103 esse
1574 1070 1674 1103 non
1714 1055 1898 1103 debuit.

204 1130 408 1191 possent
453 1129 518 1176 ad
554 1129 677 1177 haec
716 1128 815 1177 dici
852 1143 911 1176 ex
949 1143 1160 1190 persona
1206 1127 1301 1175 fili:
1350 1129 1531 1178 missus
1578 1144 1689 1177 sum
1725 1131 1900 1192 utpote

203 1201 370 1263 miles,
410 1203 498 1264 qui
535 1218 634 1250 non
665 1202 739 1250 fui
777 1203 829 1250 in
863 1203 1114 1264 potestate
1152 1219 1284 1264 mea,
1322 1218 1501 1251 munus
1540 1203 1633 1251 hoc
1670 1202 1901 1267 militiae,

202 1292 303 1324 non
348 1277 690 1326 voluntarium
735 1277 848 1325 fuit.
925 1276 989 1325 ad
1034 1276 1128 1325 hoc
1173 1275 1264 1324 illa
1310 1277 1384 1324 ait
1421 1291 1508 1325 nec
1552 1280 1595 1325 te
1632 1279 1723 1326 sub
1762 1280 1901 1326 tanta

196 1351 420 1411 pericula
449 1352 656 1399 ‘missum
680 1351 851 1411 adfari
882 1353 1145 1398 extremum
1166 1351 1375 1399 miserae
1398 1351 1518 1399 data
1549 1352 1689 1411 copia
1718 1352 1900 1400 matri?

203 1441 324 1486 non,
370 1424 558 1487 inquit,
606 1441 781 1474 accuso
830 1424 1114 1473 abscessum
1158 1427 1327 1486 tuum,
1376 1424 1558 1474 missus
1606 1441 1655 1474 es
1695 1441 1784 1474 nec
1822 1425 1900 1473 tui

202 1498 374 1547 iudicii
423 1499 524 1548 fuit
569 1499 702 1562 quod
747 1500 996 1548 maiorum
1041 1500 1244 1546 tuorum
1290 1499 1623 1561 inponebatur
1668 1499 1900 1548 arbitrio:

204 1573 390 1622 faceres
429 1575 597 1621 tamen
636 1574 771 1636 quod
808 1574 973 1622 fuerat
1010 1572 1273 1636 potestatis
1311 1575 1451 1635 tuae,
1498 1573 1631 1636 quod
1669 1573 1899 1636 publicae

203 1663 303 1695 non
357 1647 577 1696 officeret
631 1663 830 1710 causae3
892 1647 1079 1695 faceres
1135 1646 1269 1710 quod
1322 1648 1677 1710 reprehendere
1731 1648 1898 1696 nullus

205 1722 430 1782 auderet,
470 1721 718 1770 subiectus
758 1721 976 1783 casibus,
1022 1720 1214 1770 videres
1262 1721 1497 1784 primitus
1542 1723 1755 1770 matrem
1800 1738 1899 1771 non

203 1797 311 1845 leve
345 1795 600 1845 subiturus
639 1797 907 1857 incertum,
947 1794 1138 1845 videres
1169 1797 1382 1843 matrem
1412 1797 1557 1844 tanta
1594 1795 1647 1843 in
1678 1795 1900 1859 pericula

205 1871 477 1932 coniectus,
518 1870 660 1919 dares
700 1868 939 1933 loquendi
976 1869 1188 1918 liberum
1227 1869 1414 1931 locum,
1452 1869 1770 1919 misceremus
1820 1887 1899 1918 ex-

204 1947 362 1992 trema
402 1943 682 2008 conloquia.
745 1944 912 1993 omnia
943 1945 1065 1992 haec
1097 1944 1309 1992 dolentis
1342 1946 1483 2005 sunt,
1515 1946 1741 1992 'ceterum
1780 1944 1900 2007 quid

203 2017 460 2080 prodesset
507 2018 666 2068 occiso
708 2021 796 2067 aut
835 2019 938 2067 eius
977 2019 1150 2080 matri,
1201 2019 1244 2067 si
1282 2018 1403 2066 haec
1443 2034 1569 2080 quae
1610 2019 1745 2067 dicta
1783 2021 1901 2067 sunt

205 2091 516 2140 extitissent?
579 2094 787 2141 missum
833 2092 926 2141 sub
972 2094 1117 2140 tanta
1165 2091 1388 2154 pericula
1433 2108 1695 2155 possumus
1748 2093 1900 2141 etiam

206 2166 276 2215 sic
314 2167 623 2230 intellegere,
669 2169 730 2215 ut
776 2166 1101 2230 subiugatum
1146 2167 1379 2229 periculis
1416 2167 1737 2229 accipiamus.
1814 2166 1900 2215 sed

204 2240 332 2288 illud
378 2242 453 2288 est
496 2241 673 2289 melius
722 2240 855 2302 quod
901 2241 1129 2303 superius
1177 2240 1365 2288 dictum
1412 2243 1507 2302 est,
1557 2242 1615 2289 ut
1659 2256 1759 2289 non
1803 2241 1899 2290 isse

205 2315 487 2375 voluntate,
534 2315 620 2362 sed
665 2314 893 2377 inpulsus
942 2330 1046 2364 esse
1085 2314 1358 2376 videretur3
1405 2331 1505 2363 non
1544 2315 1675 2362 enim
1713 2313 1900 2364 sciebat

102 2393 187 2434 485
205 2390 365 2437 mater
411 2387 544 2451 quod
589 2389 838 2451 Euryalus
887 2404 990 2437 sese
1038 2391 1213 2451 sponte
1250 2388 1538 2452 ingesserat.
1613 2389 1727 2446 heu,
1768 2392 1900 2437 terra

204 2463 389 2523 iynota,
454 2463 658 2511 canibus
718 2463 837 2511 data
886 2463 1082 2522 praeda
1134 2463 1334 2511 Latinis
1397 2463 1686 2522 alitibusque
1745 2463 1900 2511 iaces.-

205 2536 407 2585 transiit
446 2536 510 2585 ad
548 2536 731 2584 doloris
773 2540 1119 2602 augmentum3
1166 2539 1364 2599 praeter
1410 2536 1675 2585 orbitatem
1715 2538 1898 2600 quippe

327 2698 349 2736 1
374 2694 450 2737 ille
468 2691 507 2735 V
531 2694 616 2736 illa
640 2692 711 2736 ed.
731 2691 929 2747 interpr.
955 2692 1016 2735 ad
1040 2693 1124 2736 illa
1147 2692 1373 2736 inclinare
1397 2691 1593 2736 videtur.
1681 2697 1706 2735 2
1730 2706 1897 2736 sera—-

205 2753 379 2807 requies
410 2752 541 2795 deest
571 2751 621 2795 in
645 2750 700 2806 V,
733 2751 815 2794 sed
847 2751 1119 2806 explicatur.
1169 2752 1174 2810 Ι
1224 2764 1310 2807 quo
1333 2750 1375 2793 V
1406 2751 1524 2806 quod
1555 2751 1627 2795 ed.
1743 2755 1768 2794 3
1800 2764 1898 2795 sero

206 2811 373 2854 solacio
397 2810 439 2853 V
470 2825 594 2855 serae
625 2810 696 2855 ed.
730 2812 777 2854 et
808 2810 991 2854 iterum.
1098 2815 1126 2854 4
1152 2811 1437 2866 provectione
1460 2809 1513 2854 V.
1623 2814 1648 2853 5
1682 2810 1899 2867 euryalus

203 2871 358 2925 prima
392 2869 433 2913 V
471 2883 573 2914 vero
611 2884 693 2914 ora
731 2869 952 2924 interpos.
989 2869 1059 2913 ed.
1185 2873 1239 2913 10
1274 2869 1493 2914 solacium
1517 2868 1558 2911 V
1588 2869 1756 2914 solatia
1787 2868 1858 2912 ed.
1887 2868 1893 2927 Ι

205 2929 286 2972 hoe
317 2943 405 2972 om.
432 2928 503 2972 ed.
613 2934 667 2972 14
697 2929 778 2973 hoc
802 2928 844 2972 V
874 2929 982 2972 haec
1014 2928 1085 2972 ed.
1195 2932 1248 2972 19
1281 2929 1481 2984 offiyeret
1502 2927 1558 2971 V.
1665 2932 1719 2970 21
1753 2928 1898 2973 incer-

207 2993 302 3031 tum
333 2987 374 3030 V
413 2989 647 3033 interitum
687 2987 802 3031 edF.
926 2992 980 3031 27
1013 2989 1100 3032 isse
1125 2986 1166 3030 V
1196 2988 1291 3043 ipse
1323 2987 1394 3030 ed.
1517 2991 1569 3030 31
1611 2987 1798 3031 transiit
1835 2986 1899 3031 ad

1931 991 1974 1023 10

1932 1360 1974 1394 15

1931 1733 1976 1765 20

1931 2101 1974 2134 25

1931 2472 1973 2504 30
