2050 3226
134 815 219 856 215

239 146 349 199 320
711 143 944 188 DONATI
973 143 1040 188 IN
1042 143 1255 188 TERPR.
1280 143 1459 188 VERG.

237 285 447 332 navibus
496 284 633 332 ibant
680 285 896 332 subsidio
947 285 1123 331 Troiae
1171 282 1244 344 [et
1289 297 1483 344 campos
1531 285 1654 332 salis
1703 299 1814 332 aere
1858 299 1928 333 se-

238 356 466 420 cabantJ:
489 373 679 419 omnes,
709 357 896 420 inquit,
926 357 1229 420 populorum
1252 360 1650 407 enumeratorum
1680 359 1927 422 principes

236 432 446 496 triginta
494 432 706 480 navibus
755 431 1051 496 pergebant,
1100 433 1159 478 ut
1209 431 1386 480 Troiae
1436 432 1675 480 auxilium
1727 433 1928 480 ferrent.

237 521 337 554 non
377 505 500 554 dixit
539 506 789 567 Troianis,
829 506 914 554 sed
946 505 1146 566 Troiae,
1180 505 1415 567 quoniam
1443 506 1497 554 in
1527 506 1785 554 hominum
1816 522 1927 555 con-

238 581 514 628 servatione
561 580 728 643 patria
773 580 883 642 ipsa
929 579 1195 627 videbatur
1240 579 1480 628 auxilium
1527 595 1738 641 sumere,
1779 596 1929 643 quam
1983 595 2003 628 ε

238 654 442 702 Troiani
478 669 708 716 reparare
747 652 1051 701 nitebantur.
1112 655 1374 716 propterea
1410 655 1544 702 tanti
1582 670 1639 703 ac
1675 655 1802 702 tales
1841 671 1931 717 per

235 728 462 776 inmensa
501 729 666 790 spatia
703 727 854 775 maris
895 727 1130 775 secabant
1165 727 1345 776 fluctus
1383 729 1591 776 navium
1627 728 1816 777 rostris.

354 802 560 861 Iamque
598 802 701 849 dies
739 802 868 849 eaelo
901 805 1196 849 concesserat
1234 802 1457 861 almaque
1495 817 1644 850 curra
1680 804 1929 863 noctivaqo

151 889 173 905 *
236 876 419 923 Phoebe
464 875 676 923 mediam
717 876 954 935 pulsabat
993 874 1273 935 Olympum·
1329 875 1498 938 posuit
1541 876 1738 924 finitum
1785 876 1929 937 diem,

236 949 404 1012 posuit
441 950 599 998 noctis
638 951 832 1012 tempus
866 949 999 1011 quod
1029 949 1378 998 illustrabatur
1407 949 1561 1000 radiis
1592 951 1762 1011 lunae,
1803 967 1929 1014 quae
1962 965 2005 998 ιο

235 1025 466 1071 tenuerat
513 1023 731 1071 medium
780 1024 986 1071 caelum.
1076 1039 1227 1086 supra
1267 1017 1423 1091 (146)
1476 1024 1602 1072 dixit
1649 1024 1764 1085 „illi
1799 1024 1931 1073 inter

237 1113 341 1146 sese
381 1098 493 1145 duri
531 1099 804 1146 certamina
844 1097 962 1145 belli
1001 1098 1336 1159 contulerant,
1374 1098 1539 1146 media
1568 1098 1761 1146 Aeneas
1801 1099 1931 1146 freta

236 1173 377 1219 nocte
429 1170 681 1233 secabat“,
730 1172 811 1220 hic
861 1171 984 1219 dicit
1030 1173 1231 1234 iamque
1282 1171 1385 1221 dies
1433 1173 1568 1220 caelo
1609 1175 1930 1233 concesserat,

237 1261 350 1293 cum
389 1247 539 1294 semel
577 1246 767 1294 dictum
805 1246 925 1294 satis
965 1247 1157 1294 fuisset.
1219 1262 1317 1294 non
1357 1247 1450 1294 hoc
1487 1247 1619 1294 idem
1659 1246 1805 1307 dixit,
1845 1246 1928 1294 sed

237 1336 390 1383 supra
422 1319 681 1383 descripsit
710 1321 913 1368 initium
943 1321 1104 1369 noctis
1137 1320 1271 1381 quod
1304 1320 1567 1384 agebatur,
1600 1321 1732 1383 quod
1762 1322 1930 1369 venire
1963 1333 2004 1367 15

236 1410 336 1443 non
374 1397 543 1456 posset
581 1395 679 1443 nisi
718 1394 818 1442 diei
855 1395 963 1442 luce
997 1396 1311 1456 consumpta:
1351 1395 1471 1456 fuit,
1502 1395 1689 1456 inquit,
1721 1411 1838 1456 nox,
1872 1395 1930 1442 de

235 1469 357 1516 luna
395 1470 578 1530 tacuit3
616 1469 838 1516 nondum
878 1468 1061 1532 quippe
1103 1472 1381 1518 emerserat.
1459 1469 1674 1517 secundo
1713 1469 1821 1517 loco
1859 1470 1931 1517 ait

235 1542 491 1591 recessisse
532 1542 732 1604 quidem
772 1543 901 1590 diem
941 1546 990 1590 et
1026 1543 1354 1605 interceptam
1390 1542 1547 1604 ipsius
1597 1543 1757 1590 lucem
1795 1544 1930 1591 veni·

237 1617 432 1664 entibus
460 1617 693 1678 tenebris,
718 1632 842 1679 quas
875 1617 1222 1680 superveniens
1254 1617 1612 1665 inlustraverat
1643 1617 1777 1678 luna,
1803 1633 1930 1680 quae

236 1690 453 1739 medium
490 1693 723 1740 tenuerat
761 1692 966 1739 caelum.
1042 1692 1163 1739 haec
1200 1691 1356 1754 igitur
1393 1691 1559 1739 fuerat
1598 1706 1750 1739 causa
1791 1707 1929 1753 repe·
1961 1684 2013 1737 20⁵⁶

235 1765 414 1813 tendae
465 1765 809 1828 descriptionis
861 1764 960 1813 diei
1010 1765 1314 1828 consumpti,
1369 1766 1609 1827 quoniam
1660 1764 1798 1813 aliud
1849 1765 1929 1812 de-

237 1839 424 1887 siderat
461 1840 622 1902 prima
660 1855 775 1902 pars
816 1841 997 1900 noctis,
1038 1839 1175 1887 aliud
1222 1854 1446 1901 sequens.
1529 1841 1696 1902 potest
1741 1841 1791 1887 et
1838 1839 1928 1887 sic:

236 1912 511 1976 navigabat
563 1914 756 1962 Aeneas
818 1915 920 1962 iam
981 1914 1060 1961 die
1122 1915 1436 1976 consumpt03
1499 1929 1610 1962 cum
1662 1928 1778 1961 vero
1833 1929 1930 1961 nox

237 1989 465 2050 ageretur
515 1990 564 2035 et
612 1989 732 2035 luna
781 1989 1000 2035 medium
1050 1988 1241 2035 caelum
1290 1988 1555 2049 tenuisset,
1610 1987 1713 2035 eius
1761 1988 1929 2035 tamen

236 2061 328 2108 viri
382 2077 481 2108 non
536 2061 793 2123 quieverat
843 2078 983 2110 cura:
1039 2062 1241 2110 sedebat
1279 2062 1462 2124 quippe
1503 2077 1560 2109 ac
1597 2060 1843 2125 vigilabat
1881 2063 1930 2109 et
1960 2072 2003 2106 25

235 2134 439 2198 regebat
488 2152 665 2184 navem
716 2138 766 2183 et
814 2136 937 2184 velis
987 2137 1320 2185 necessarium
1369 2135 1638 2198 praebebat
1686 2137 1928 2197 tempera-

236 2212 478 2269 mentum,
527 2211 584 2256 ut
632 2211 725 2256 hoc
776 2212 905 2258 esset
955 2210 1087 2273 quod
1136 2210 1189 2257 in
1240 2225 1295 2257 eo
1335 2211 1484 2272 poeta
1522 2208 1769 2271 laudavit,
1815 2224 1928 2256 con-

236 2283 568 2330 tinuationem
607 2283 703 2331 diei
735 2285 785 2331 et
814 2285 972 2332 noctis
1004 2301 1104 2332 non
1135 2285 1375 2347 fatigasse
1406 2283 1728 2331 laborantem.
1792 2281 1927 2330 deni-

239 2373 334 2418 que
381 2357 629 2420 sequitur:
679 2356 893 2414 Aeneas,
944 2358 1028 2406 sed
1073 2358 1153 2406 hic
1199 2374 1340 2406 mora
1383 2357 1612 2405 facienda
1659 2358 1733 2405 est
1771 2358 1820 2404 et
1859 2357 1928 2404 sic

236 2430 499 2479 dicendum
523 2430 549 2490 (
546 2445 695 2492 neque
727 2432 853 2478 enim
883 2433 1110 2480 membris
1134 2433 1219 2480 dat
1241 2447 1362 2479 cura
1386 2430 1608 2490 quietem)
1632 2431 1735 2490 ipse
1758 2431 1928 2478 sedens
1958 2442 2002 2475 30

360 2550 377 2586 1
414 2543 749 2587 et—secabant
779 2542 910 2586 deest
940 2543 989 2586 in
1012 2543 1111 2598 VR,
1145 2543 1225 2586 sed
1258 2542 1528 2598 explicatur.
1644 2546 1669 2584 2
1702 2543 1848 2585 omnis
1870 2541 1924 2585 V.

236 2606 262 2644 4
294 2603 346 2645 in
377 2615 465 2645 om.
492 2601 562 2646 ed.
683 2606 706 2643 7
738 2603 926 2645 navium
957 2604 1116 2648 rostris
1138 2602 1223 2645 VR
1247 2604 1399 2658 primo
1437 2601 1598 2645 Troiae
1627 2602 1796 2644 scilicet
1824 2601 1927 2644 sub-

235 2661 353 2705 sidio
385 2661 455 2704 ed.
579 2665 604 2704 9
635 2661 764 2715 faebe
787 2659 884 2705 VR.
934 2667 937 2719 ᾖ
985 2663 1231 2717 olimphum
1254 2660 1349 2704 VR.
1398 2660 1402 2718 Ι
1447 2665 1620 2716 post-
1641 2663 1695 2702 10
1715 2665 1822 2715 post
1844 2658 1928 2702 VR

238 2719 308 2763 ed.
335 2722 559 2776 posuit—
570 2721 725 2776 posuit
755 2733 850 2763 nos.
950 2725 1004 2764 10
1038 2722 1151 2764 luna
1182 2734 1295 2776 quae
1326 2719 1368 2762 R
1400 2720 1596 2774 lanaque
1619 2718 1662 2761 V
1687 2719 1757 2762 ed.
1791 2719 1927 2762 lunae

237 2793 350 2834 quae
381 2793 477 2822 nos.
580 2784 631 2822 11
666 2784 903 2822 tenuerant
929 2778 980 2822 V.
1084 2785 1136 2823 12
1169 2793 1215 2823 se
1244 2793 1328 2834 pro
1360 2792 1451 2822 sese
1474 2777 1571 2822 VR.
1666 2782 1720 2820 15
1753 2778 1927 2822 evenire

238 2837 309 2882 ed.
402 2842 455 2882 21
490 2839 582 2882 diei
604 2837 689 2881 VR
718 2838 885 2882 scilieet
916 2839 957 2881 d.
993 2838 1062 2882 ed.
1102 2879 1103 2882 ,
1144 2839 1329 2882 dederat
1351 2836 1436 2880 VR
1469 2836 1538 2880 ed.
1573 2836 1798 2881 desiderat
1827 2849 1923 2880 nos.

239 2901 294 2939 23
326 2911 429 2941 vero
461 2911 547 2941 om.
576 2897 646 2940 ed.
770 2901 825 2940 26
863 2898 1043 2954 regebat
1073 2897 1158 2940 VR
1190 2897 1370 2954 yerebat
1400 2896 1469 2940 ed.
1523 2896 1528 2954 Ι
1577 2896 1840 2951 praemebat
1869 2894 1924 2940 V.
1988 2914 2004 2949 ι

239 2959 294 2998 29
327 2957 507 3000 Aeneas
537 2970 629 3000 non
660 2969 743 3011 pro
775 2955 994 2999 lemmate
1027 2955 1213 3011 scripsit
1238 2955 1292 2999 V.
