2078 3260
765 160 1074 207 AENEIDOS
1105 161 1194 206 XII
1722 166 1831 220 595

134 302 429 363 Hesperiam
465 303 631 350 metire
668 303 857 351 iacens:
904 302 1022 351 haec
1053 303 1282 362 praemia
1320 303 1404 362 qui
1439 317 1514 350 me
1550 304 1682 363 ferro
1721 305 1835 353 ausi
1850 315 1936 356 360

134 379 366 437 temptare
394 376 580 436 ferwnt,
621 377 692 425 sic
727 377 921 425 moenia
955 377 1178 425 condwnt.
1231 392 1352 426 vera
1388 376 1678 427 insultantis
1717 394 1834 427 vox:

132 449 306 512 habes,
336 450 526 513 inquit,
558 450 794 512 Troiane,
834 450 969 513 quod
999 450 1128 500 votis
1159 452 1264 500 tuis
1293 451 1554 514 provenire
1586 452 1835 515 cupiebaS‚

132 525 263 573 iaces
300 523 354 572 in
393 525 528 589 agris
567 525 839 588 Hesperiae
879 527 930 572 et
967 527 1132 587 spatio
1179 525 1400 588 corporis
1437 526 1515 573 tui
1554 541 1706 588 quam
1742 527 1836 575 lati

81 611 101 643 5
134 599 236 647 sint
272 600 413 662 potes
460 599 649 661 metiri,
696 599 741 648 si
786 598 933 661 veIiS,
982 599 1116 648 hunc
1152 599 1341 648 habent
1385 599 1575 648 exitum
1622 601 1708 663 qui
1757 617 1834 648 me

133 675 408 736 provocant
438 672 568 721 bello
601 676 651 722 et
680 674 781 722 tale
814 673 910 722 sibi
934 673 1243 722 domicilium
1272 673 1504 722 condunt.
1557 674 1670 722 huic
1693 676 1834 722 comi-

132 750 225 794 tem
236 745 458 796 Asbuten
482 748 693 796 coniecta
716 747 915 807 cuspide
936 748 1103 796 mittit:
1125 747 1354 797 Asbuten
1369 747 1582 796 Eumedi
1604 748 1836 798 comitem

131 821 292 870 mittit
330 824 553 870 coniecta
592 822 795 884 cuspide
833 821 887 869 id
926 823 1002 870 est
1038 823 1204 871 missa.
1262 821 1558 883 Chloreaque
1586 822 1835 884 Sybarim-

132 909 222 954 que
270 896 553 957 Daretaque
604 896 1056 956 Thersilochumque
1105 900 1149 944 et
1196 898 1432 945 sternacis
1483 898 1591 958 equi
1640 897 1836 958 lapsum

58 982 101 1014 ιο
133 970 311 1018 cervice
336 971 647 1031 Thymoeten:
678 971 910 1019 comitem
942 971 1057 1018 huic
1087 970 1247 1019 mittit
1278 970 1341 1019 ad
1372 971 1595 1034 singulos
1619 971 1837 1034 pertinet

133 1059 348 1106 quorum
389 1045 655 1107 conplexus
703 1046 778 1092 est
826 1044 1050 1104 nomina,
1099 1045 1279 1106 omnis,
1327 1046 1515 1107 inquit,
1560 1045 1707 1094 hasta
1753 1045 1833 1094 de-

132 1118 271 1180 iecit3
311 1118 607 1181 Thymoetes
641 1121 808 1167 autem
831 1120 1070 1167 sternacis
1095 1119 1213 1182 equi
1243 1119 1430 1168 cervice
1462 1119 1696 1182 deceptus
1736 1122 1834 1169 est:

133 1191 254 1255 quid
293 1193 358 1241 sit
395 1194 635 1242 sternacis
675 1192 791 1255 equi
828 1209 887 1241 ex
917 1193 1050 1242 facto
1091 1193 1322 1257 colligere
1353 1208 1637 1256 possumus;
1676 1209 1834 1257 equus

133 1267 265 1314 enim
303 1266 510 1330 genibus
542 1267 652 1315 fixis
691 1283 781 1331 per
819 1267 1057 1316 cervicem
1088 1267 1282 1330 lapsum
1322 1267 1541 1331 equitem
1578 1268 1724 1317 fudit.
1776 1283 1836 1317 ac
1850 1281 1936 1321 365

59 1353 100 1386 16
131 1340 260 1388 vebat
289 1341 476 1389 Edonii
508 1342 677 1390 boreae
716 1356 824 1389 cum
867 1342 1070 1402 spiritus
1102 1342 1198 1390 alto
1230 1343 1425 1390 insonat
1453 1340 1647 1403 Aeyaeo
1677 1343 1833 1402 sequi-

132 1418 302 1474 turque
349 1416 416 1463 ad
462 1416 606 1464 litora
651 1417 827 1474 fluctus
877 1431 974 1476 qua
1011 1417 1141 1464 venti
1177 1417 1458 1473 incubuere,
1504 1417 1677 1477 fuyam
1713 1417 1836 1465 dant

131 1489 304 1537 nubila
328 1490 482 1537 caelo:
512 1491 583 1538 sic
607 1490 775 1537 Turno
800 1504 1100 1549 quacwmque
1122 1491 1256 1538 viam
1286 1493 1416 1539 secat
1437 1491 1639 1551 aqmina
1662 1491 1836 1539 cedwnt

133 1577 480 1623 conversaeque
509 1567 663 1611 ruunt
692 1565 842 1621 acies,
873 1566 970 1624 fert
998 1565 1204 1624 impetus
1234 1565 1397 1623 ipsum
1436 1568 1479 1612 et
1517 1565 1715 1613 cristam
1747 1565 1833 1613 ad-
1850 1577 1935 1616 370

130 1649 268 1685 verso
319 1652 469 1686 curru
517 1639 673 1697 quatit
721 1653 850 1686 aura
898 1638 1161 1686 volantem:
1217 1638 1456 1701 parabola
1504 1638 1709 1687 inducta
1759 1641 1835 1688 est

58 1724 101 1756 so
133 1712 394 1761 ostendens
420 1713 577 1760 Turni
600 1711 852 1761 discursus
877 1714 926 1761 et
949 1715 1103 1776 gesta.
1158 1715 1216 1760 ut
1243 1714 1391 1774 solet,
1421 1712 1614 1775 inquit,
1655 1712 1833 1762 boreae

131 1786 270 1834 venti
315 1786 436 1834 flatu
488 1786 760 1835 fortissimo
798 1787 1008 1851 pelagus
1055 1788 1351 1836 commoveri
1397 1802 1454 1835 ac
1493 1787 1611 1835 dare
1657 1803 1833 1836 sonum

133 1861 182 1907 et
218 1859 398 1908 fluctus
437 1860 490 1907 in
528 1859 681 1909 litora
718 1861 916 1910 volvere
957 1863 1007 1908 et
1045 1862 1098 1908 in
1150 1878 1260 1909 eam
1297 1862 1492 1924 partem
1529 1876 1705 1925 urgere
1742 1861 1833 1909 im-

132 1935 279 1996 petus
318 1949 433 1982 suos
474 1949 574 1998 qua
612 1935 895 1983 incubuerit
932 1937 1132 1984 ventus:
1171 1935 1242 1983 sic
1281 1934 1520 1984 cedebant
1542 1935 1708 1984 Turno
1749 1953 1832 2001 ag-

132 2008 270 2055 mina
325 2023 636 2071 quacumque
689 2008 939 2058 tendebat.
999 2024 1098 2057 non
1149 2010 1256 2057 tulit
1309 2011 1569 2058 instantem
1616 2010 1834 2071 Pheqeus

58 2093 102 2126 25
134 2082 405 2143 animisque
441 2083 747 2142 frementem:
799 2099 900 2131 non
945 2083 1086 2144 tulit,
1136 2084 1229 2132 hoc
1276 2086 1352 2132 est
1396 2100 1497 2133 non
1542 2086 1618 2132 est
1655 2100 1832 2147 passus

132 2155 358 2220 Phegeus
404 2157 655 2206 hominem
701 2158 771 2206 sic
818 2157 934 2223 ferri
983 2160 1133 2220 atque
1184 2159 1259 2206 ita
1308 2159 1498 2208 saevire
1548 2159 1734 2222 inpune
1779 2160 1833 2206 in

134 2231 307 2279 omnis.
383 2232 551 2279 obiecit
598 2246 700 2280 sese
750 2232 816 2280 ad
866 2246 1064 2279 currum
1114 2235 1156 2279 et
1203 2233 1487 2292 spumantia
1538 2233 1695 2292 frenis
1744 2247 1834 2280 ora

134 2305 387 2352 citatorum
426 2305 597 2353 dextra
635 2306 831 2354 detorsit
868 2320 1122 2365 equorum:
1162 2307 1291 2354 mira
1327 2307 1543 2355 hominis
1582 2307 1743 2355 virtus
1782 2309 1834 2354 et

134 2377 400 2441 singularis
433 2376 645 2427 audacia
686 2383 744 2427 ut
781 2379 878 2428 iret
916 2379 979 2427 ad
1019 2395 1216 2428 currum
1252 2397 1342 2429 nec
1371 2382 1614 2429 metueret
1643 2380 1831 2442 superi-

60 2464 103 2496 30
135 2469 270 2500 orem
308 2453 522 2514 hostem,
561 2454 805 2516 impetum
845 2469 1042 2516 quoque
1082 2471 1322 2517 equorum
1360 2455 1664 2503 currentium
1698 2455 1830 2502 fran-

134 2529 274 2590 geret
305 2529 355 2575 et
384 2529 639 2588 torqueret
668 2529 721 2575 in
754 2527 905 2576 aliam
937 2530 1143 2590 partem.
1197 2529 1315 2577 dwm
1338 2530 1548 2577 trahitur
1565 2528 1832 2588 pendetque

133 2602 286 2661 iuqis:
336 2617 395 2648 ex
442 2616 498 2648 eo
539 2602 674 2663 quod
718 2617 849 2650 unus
897 2617 1066 2651 currus
1112 2619 1269 2650 unum
1313 2604 1497 2651 habeat
1540 2602 1716 2665 iugum
1760 2603 1832 2651 sic

136 2677 388 2737 exponunt
418 2675 665 2738 plerique,
705 2676 847 2737 quasi
886 2676 1133 2738 pluralem
1171 2693 1430 2724 numerum
1462 2692 1551 2739 pro
1587 2676 1832 2740 singulari

254 2805 280 2843 5
319 2807 427 2846 sunt
466 2801 538 2845 ed.
661 2806 684 2845 7
718 2803 906 2860 asbyten
931 2801 974 2846 V
1005 2803 1128 2847 infra
1158 2803 1361 2847 asbuten.
1484 2806 1538 2845 13
1571 2803 1670 2847 eius
1692 2801 1734 2845 V
1758 2802 1829 2846 ed.

137 2873 276 2915 equus
306 2874 402 2904 nos.
498 2864 552 2903 15
586 2861 745 2905 Edoni
775 2861 846 2904 ed.
940 2865 995 2905 19
1026 2876 1164 2907 cursu
1187 2861 1241 2906 V.
1288 2862 1290 2919 Ι
1335 2876 1421 2905 ara
1444 2861 1499 2912 V.
1599 2865 1655 2904 20
1687 2862 1833 2906 solent

138 2918 208 2961 ed.
302 2924 356 2962 21
383 2933 648 2964 commovere
672 2919 743 2964 ed.
835 2925 892 2964 24
924 2934 1226 2977 quaecumque
1249 2922 1491 2965 tendebant
1512 2919 1554 2963 V
1579 2934 1692 2964 corr.
1719 2921 1826 2979 edu!

50 2988 53 2989 ’
136 2977 321 3034 feyaeus
353 2980 400 3022 et
431 2979 556 3022 infra
579 2978 634 3022 V.
757 2983 812 3023 33
838 2980 1019 3036 plwrali
1049 2994 1287 3025 numerum
1312 2994 1398 3036 per
1419 2979 1462 3023 V
1487 2993 1600 3023 corr.
1626 2979 1697 3024 ed.

1475 3068 1560 3111 38*
