2050 3226
822 134 1128 181 AENEIDOS
1157 133 1245 179 XII
1769 137 1878 192 585

184 275 305 324 fecit
333 274 550 338 pondere
589 276 853 338 superatus
885 277 935 324 et
963 274 1268 339 inpressione
1301 274 1718 338 persequentium.
1772 292 1878 340 per·

185 348 289 398 dito
315 351 484 398 autem
505 349 722 411 pondere
753 349 887 414 fugit
915 351 969 398 in
1000 349 1187 411 nubila,
1217 349 1311 398 hoc
1342 350 1418 398 est
1441 364 1498 397 eo
1521 350 1652 398 unde
1675 353 1880 399 venerat

182 424 436 472 remeavit.
499 427 601 471 twm
637 438 749 472 vero
788 425 1053 485 auyuriwm
1089 423 1264 471 Rutuli
1301 423 1510 472 clamore
1546 424 1766 472 salutant
1803 439 1879 472 ex-

177 498 472 558 pediuntque
508 512 713 546 manus:
750 500 951 546 tantum
987 497 1115 546 fflud
1155 497 1422 562 augurium
1460 496 1736 547 dubitantis
1767 499 1878 547 hor-

131 586 152 618 5
181 573 347 620 tatum
392 572 468 620 est
512 573 825 634 armavitque
871 572 925 620 in
970 571 1237 635 proelium,
1286 573 1345 620 ut
1390 587 1558 620 omnes
1609 588 1712 621 una
1761 588 1878 621 voce

107 957 150 990 10

107 1327 150 1360 15

107 1699 152 1732 20

108 2069 152 2102 25

109 2440 154 2472 3⁰

184 646 329 709 quasi
353 645 472 693 felix
496 646 695 710 signum
727 647 889 694 futuri
913 646 1070 695 exitus
1096 646 1387 708 salutarent,
1419 648 1673 695 armarent
1702 662 1879 694 manus

182 722 233 768 et
262 720 470 782 bellum,
510 720 645 784 quod
677 720 866 768 dudum
895 720 1203 782 abiecerant‚
1243 722 1551 784 quaererent.
1591 720 1880 780 primusque

183 794 474 842 Tolumnius
512 809 697 855 auyur:
734 795 821 843 hoc
858 798 982 851 erat,
1021 795 1128 852 hoc,
1167 795 1314 851 votis,
1354 795 1532 855 inquit,
1573 795 1700 854 quod
1736 809 1880 855 saepe

172 869 340 929 petivi,
372 869 556 929 accipio
587 883 885 930 aynoscoque
918 869 1054 917 deos:
1084 884 1184 918 non
1215 869 1312 917 soli
1341 869 1458 918 falsi
1488 871 1606 917 sunt
1635 869 1739 931 alii,
1771 884 1879 918 ecce
1895 877 1982 917 260

179 941 276 991 ivit
311 942 365 990 in
405 958 621 991 errorem
659 945 710 992 et
744 942 851 1006 ipse
889 942 978 1005 qui
1016 944 1342 1007 auguriorum
1383 942 1643 992 scientiam
1682 943 1880 1006 profite-

179 1016 343 1065 batur.
423 1017 557 1080 quod
594 1017 775 1080 petivi,
813 1018 1004 1079 inquit,
1044 1017 1232 1080 accipio
1270 1017 1554 1066 faventibus
1593 1017 1710 1079 diis,
1758 1033 1880 1080 quos

180 1107 271 1153 per
307 1092 541 1140 votorum
588 1091 826 1154 obsequia
873 1094 923 1139 et
966 1091 1093 1140 ritus
1146 1106 1398 1140 sacrorum
1442 1091 1495 1139 in
1539 1107 1675 1140 meas
1720 1092 1880 1155 partis

181 1164 385 1214 adduxi..
441 1180 539 1230 me,
584 1180 684 1214 mc:
730 1164 1030 1228 duplicando
1078 1182 1157 1213 me
1205 1165 1440 1214 hortandi
1485 1166 1759 1215 cumulavit
1797 1166 1882 1215 ad-

181 1240 381 1288 fectum.
432 1255 511 1288 me
549 1240 668 1288 duce
705 1238 923 1302 [ferrum
961 1240 1206 1299 corripite,
1246 1253 1272 1287 ο
1310 1238 1519 1301 miseriJ,
1559 1241 1652 1289 hoc
1691 1242 1767 1289 est
1803 1257 1881 1289 me

180 1313 341 1376 primo
374 1314 561 1362 ferrum
592 1314 888 1376 corripiente
924 1315 1077 1362 etiam
1115 1329 1203 1363 vos
1238 1329 1414 1363 manus
1447 1316 1658 1377 armate3
1697 1315 1881 1376 miseri,

179 1389 274 1437 hoc
304 1390 381 1437 est
410 1387 624 1436 dolendi.
678 1389 859 1451 incipit
880 1389 982 1436 iam
1007 1403 1246 1450 exponere
1277 1403 1462 1437 errores
1488 1391 1655 1450 potius
1681 1390 1882 1453 augurii

182 1478 335 1525 quam
372 1463 661 1523 veritatem,
700 1465 760 1511 ut
794 1463 886 1510 hoc
917 1478 1094 1526 genere
1135 1462 1450 1511 confirmaret
1488 1463 1678 1511 animos
1718 1463 1881 1528 vulgi.

181 1551 299 1597 quos
328 1537 565 1596 inprobus
596 1537 789 1585 advena
812 1537 931 1585 bello
954 1537 1140 1585 territat
1169 1537 1420 1585 invalidas
1449 1539 1505 1584 ut
1534 1551 1648 1586 aves
1673 1541 1715 1585 et
1738 1538 1882 1586 litora

179 1615 343 1659 vestra
372 1611 423 1658 vi
445 1611 674 1671 populat,
706 1614 846 1671 petat
873 1611 955 1658 ille
983 1612 1156 1671 fuglam
1178 1612 1468 1671 penitusque
1491 1612 1743 1671 profundo
1772 1612 1881 1660 vela

181 1685 341 1734 dabit:
384 1699 471 1733 vos
506 1686 736 1733 unanimi
774 1685 963 1733 densete
1008 1687 1228 1733 catervas
1266 1688 1311 1733 et
1345 1699 1504 1746 reqem
1541 1686 1676 1734 vobis
1705 1700 1881 1747 pugna
1896 1694 1983 1735 265

180 1759 420 1819 defendite
448 1763 670 1820 raptusm:
708 1759 1125 1822 quemadmodum
1157 1758 1353 1808 vidistis
1388 1759 1691 1821 inprobitate
1730 1759 1880 1809 unius

182 1834 318 1883 alitis
372 1835 559 1882 ceteras
608 1834 836 1883 innoxias
888 1833 1072 1897 agitari
1125 1835 1274 1895 atque
1324 1836 1383 1882 ut
1438 1833 1555 1881 illae
1614 1834 1882 1883 adfuerunt

181 1907 369 1970 potiori
407 1923 574 1956 omnes
615 1910 664 1956 et
703 1924 818 1956 eum
856 1910 1146 1971 eripuerunt
1183 1908 1443 1956 universae
1480 1909 1767 1970 unanimes,
1806 1909 1881 1957 ita

182 1984 234 2030 et
271 1997 359 2031 vos
400 1982 688 2046 congregati
726 1983 897 2046 fugate
927 1983 1120 2030 hostem
1161 1984 1212 2030 et
1247 1998 1414 2045 regem
1443 1985 1664 2031 vestrum
1702 1984 1879 2046 eripite

181 2055 410 2104 manibus
441 2056 644 2104 inimici.
698 2056 862 2120 fugiat
891 2056 976 2104 ille
1009 2058 1059 2104 et
1089 2056 1247 2104 altum
1279 2055 1537 2120 navigium
1559 2058 1714 2119 petat,
1738 2057 1879 2106 nobis

183 2129 402 2179 sufficiat
439 2132 663 2179 nostrum
702 2129 937 2179 liberasse
978 2131 1244 2192 captivum.

300 2205 445 2252 Dixit
482 2209 524 2252 et
562 2205 792 2253 adversos
830 2205 975 2252 telum
1021 2205 1244 2252 contorsit
1288 2205 1343 2252 in
1380 2205 1529 2253 hostis
1559 2219 1882 2265 procurrens:

183 2279 371 2341 primus
411 2280 543 2326 enim
574 2279 729 2327 eicere
759 2279 916 2327 telum
951 2277 1123 2326 debuit
1154 2279 1242 2340 qui
1273 2278 1398 2327 dixit
1435 2274 1594 2343 (260)
1632 2295 1761 2340 ‚‚me‚
1800 2296 1879 2326 me

183 2352 307 2401 duce
330 2353 515 2400 ferrum
539 2354 788 2416 corripite,
814 2369 841 2400 o
866 2351 1077 2400 miseri“.
1115 2353 1326 2400 sonitum
1349 2354 1435 2401 dat
1455 2353 1666 2401 stridula
1686 2367 1881 2412 cornus,-

184 2427 290 2475 sine
337 2427 547 2475 stridore
593 2429 724 2475 enim
762 2427 918 2475 telum
955 2443 1045 2489 per
1089 2441 1205 2475 aera
1248 2427 1417 2476 volare
1463 2443 1560 2475 non
1605 2426 1782 2489 potuit.
1839 2431 1880 2475 et

184 2515 340 2549 auras
371 2504 500 2549 certa
529 2505 678 2557 secat,
717 2502 811 2548 hoc
842 2502 918 2549 est
948 2500 1018 2549 sic
1047 2500 1271 2562 volabat,
1310 2505 1368 2550 ut
1398 2502 1678 2563 percuteret
1713 2517 1880 2563 quem-

185 2591 350 2637 quam.
411 2575 559 2622 simul
588 2575 687 2631 hoc,
719 2575 867 2622 simul
888 2575 1059 2636 inqens
1082 2575 1264 2624 clamor
1287 2579 1330 2623 et
1351 2589 1514 2623 omnes
1537 2576 1719 2623 turbati
1742 2576 1881 2623 cunei

306 2720 360 2759 13
393 2730 461 2760 me
491 2718 599 2771 post
628 2716 754 2772 dupl.
784 2730 872 2759 om.
906 2716 976 2760 ed.
1064 2722 1118 2760 14
1149 2731 1217 2761 me
1248 2731 1316 2761 me
1346 2717 1458 2760 duce
1489 2715 1560 2759 ed.
1599 2716 1602 2773 Ι
1638 2716 1876 2770 ferrum—

186 2776 342 2820 miseri
383 2775 514 2819 deest
555 2773 604 2817 in
641 2774 695 2827 V,
737 2775 818 2819 sed
858 2775 1130 2832 explicatur.
1255 2779 1308 2818 19
1345 2780 1472 2831 petat
1503 2774 1543 2816 V
1582 2774 1880 2818 confirmatur

187 2834 575 2890 interpretatione
602 2836 716 2889 petit
746 2834 817 2878 ed.
914 2839 970 2878 20
1001 2836 1186 2880 densete
1217 2835 1299 2878 sed
1332 2835 1591 2878 atramento
1623 2834 1672 2877 in
1703 2834 1879 2879 densete

189 2906 302 2937 corr.
334 2893 389 2938 V.
524 2898 579 2936 23
621 2895 882 2938 unianimes
914 2893 969 2937 V.
1100 2899 1155 2938 25
1197 2895 1447 2950 naviyium·
1469 2892 1510 2935 V
1546 2893 1618 2938 ed.
1661 2894 1877 2950 naviyio?

190 2956 244 2995 29
276 2954 489 3009 corripite
517 2953 690 3007 ferrum
722 2952 793 2997 ed.
916 2957 969 2996 31
1003 2959 1148 2998 certas
1172 2953 1224 2996 V.
