2078 3260
259 158 367 211 622
732 155 966 200 DONATI
995 155 1276 200 INTERPR.
1301 155 1482 202 VERG.

257 297 512 344 revocaret
550 311 580 343 a
618 311 807 360 pugna3
858 294 929 344 sic
979 295 1109 343 enim
1160 295 1385 359 superius
1433 289 1552 363 (61)
1598 295 1818 360 positum
1856 299 1952 346 est:

259 369 378 433 „qui
407 371 457 417 te
490 385 698 432 cumque
729 372 934 418 manent
962 369 1061 418 isto
1093 370 1360 418 certamine
1392 385 1536 419 casus
1567 373 1617 419 et
1646 387 1746 432 me,
1772 370 1952 432 Turne,

257 447 482 506 manent,
521 444 670 492 simul
707 445 829 491 haec
866 443 1031 492 invisa
1067 444 1349 507 relinquam
1379 443 1569 493 lumina
1598 461 1687 493 nec
1718 461 1953 508 generum

259 518 461 567 Aenean
507 518 708 581 captiva
745 515 967 566 videbo“.
1023 516 1196 580 aliqua
1226 520 1394 567 tamen
1424 518 1561 582 loqui
1599 519 1840 582 conpulsa
1879 521 1954 568 est

258 595 309 641 et
338 593 410 641 sic
432 592 589 641 vitam
620 607 762 640 suam
793 591 1083 639 concludere
1113 593 1184 641 vi:
1217 608 1268 641 se
1302 608 1503 640 causam
1533 593 1715 642 clamat
1748 594 1951 641 crimen-
2006 608 2027 641 5

258 683 352 729 que
399 669 648 728 caputque
694 666 954 713 malorum.
1030 667 1137 728 ipse
1185 669 1260 715 est
1302 668 1470 716 reatus
1521 683 1665 716 verus
1718 670 1769 716 et
1813 668 1953 716 nulla

175 799 179 802 ,
258 740 556 789 defensionis
589 755 681 803 ope
706 740 939 788 suffultus
966 756 1115 802 quem
1145 756 1258 790 reus
1282 740 1390 803 ipse
1414 741 1677 790 confitetur
1701 743 1752 790 et
1772 741 1952 790 firmat.

258 814 390 877 quod
419 814 605 863 Amata
643 813 882 875 faciebat,
924 815 1159 876 quoniam
1199 815 1408 879 cogebat
1445 815 1713 877 dementia,
1743 815 1954 880 urgebat

258 892 307 936 et
344 889 497 936 furor.
551 904 669 936 nam
706 888 875 937 nullus
915 890 991 936 est
1022 891 1111 951 qui
1141 888 1350 937 crimina
1389 905 1480 938 sua
1511 891 1687 953 sponte
1717 889 1953 952 fateatur,

254 962 353 1011 nisi
393 979 540 1026 quem
580 963 688 1027 agit
732 962 1011 1026 inpotentia
1059 963 1238 1012 mentis
1287 965 1377 1012 aut
1420 979 1565 1025 quem
1603 965 1740 1012 tenet
1775 965 1951 1012 mortis
1984 979 2027 1011 10

256 1037 493 1086 adfectus.
569 1036 681 1100 ipsa
729 1037 888 1101 igitur
939 1038 1202 1099 prosecuta
1253 1039 1329 1086 est
1382 1037 1747 1086 accusationem
1797 1053 1954 1100 suam,

253 1111 365 1175 ipsa
401 1110 580 1160 iudicis
619 1111 838 1160 officium
874 1112 1065 1173 tenuit,
1103 1112 1155 1159 in
1195 1111 1480 1160 executione
1519 1113 1794 1161 sententiae
1834 1128 1953 1160 suae

253 1188 365 1248 ipsa
396 1185 640 1234 carnificis
672 1186 831 1249 partis
861 1185 1085 1248 inplevit.
1124 1186 1371 1246 multaque
1385 1200 1479 1246 per
1499 1189 1737 1234 maestum
1760 1186 1954 1234 demens

255 1261 403 1320 effata
431 1261 670 1320 furorem,
709 1260 870 1308 multa
899 1261 1158 1322 praeterea
1189 1259 1442 1309 effundens
1475 1276 1604 1323 quae
1635 1260 1955 1309 convenirent

255 1334 493 1382 dementis
540 1334 851 1397 furentisque
896 1350 1156 1396 personae,
1197 1349 1479 1395 purpureos
1523 1335 1763 1383 moritura
1798 1349 1954 1383 manu
1984 1349 2026 1383 15

254 1408 485 1457 discindit
514 1409 718 1456 amictus
750 1412 794 1456 et
822 1409 1005 1456 nodum
1034 1409 1262 1468 informis
1293 1409 1374 1456 leti
1403 1409 1538 1457 trabe
1559 1410 1703 1457 nectit
1733 1410 1794 1457 ab
1827 1408 1954 1456 alta:

253 1485 449 1545 praeter
486 1483 647 1530 multa
675 1483 810 1530 mala
843 1498 968 1544 quae
999 1498 1088 1544 per
1119 1482 1419 1531 dementiam
1458 1484 1509 1531 et
1537 1483 1754 1531 furorem
1785 1483 1953 1531 locuta

254 1558 329 1605 est
359 1556 561 1605 discidit
584 1572 780 1620 quoque
803 1572 1104 1619 purpuream
1126 1559 1316 1605 vestem
1338 1556 1642 1619 perindeque
1666 1557 1951 1620 pretiosam.

254 1630 376 1694 quid
415 1632 546 1678 enim
578 1631 636 1678 de
676 1630 859 1693 speciei
893 1631 1070 1679 merito
1104 1630 1347 1695 cogitaret
1386 1647 1511 1694 quae
1542 1630 1706 1694 ipsam
1736 1631 1950 1679 salutem

254 1721 395 1754 suam
425 1704 599 1753 mortis
628 1704 959 1753 destinatione
992 1704 1387 1768 contempserat?
1427 1707 1478 1753 et
1507 1704 1693 1753 nodum
1722 1704 1950 1753 informis
1982 1721 2025 1753 20

252 1779 342 1827 leti
371 1780 511 1827 trabe
543 1780 700 1827 nectit
723 1779 784 1828 ab
817 1779 944 1827 alta:
974 1779 1222 1841 informis,
1252 1780 1346 1827 hoc
1378 1781 1454 1827 est
1482 1795 1582 1827 non
1614 1777 1950 1828 convenientis

254 1854 392 1902 sexui
422 1854 502 1902 vel
523 1854 715 1901 honori.
768 1853 926 1902 nodus
956 1852 1319 1917 intellegendus
1353 1855 1427 1902 est
1452 1870 1548 1915 quo
1580 1853 1753 1902 nexuit
1782 1854 1949 1902 fauces

254 1944 368 1976 suas
408 1930 458 1975 et
495 1928 645 1976 funus
685 1943 831 1975 suum
860 1927 1133 1991 pendulum
1169 1927 1300 1976 fecit.
1353 1943 1500 1988 quam
1531 1927 1715 1975 cladem
1743 1927 1951 1975 miserae

152 2006 237 2046 605
248 2005 507 2062 postquam
553 2016 773 2061 accepere
811 2002 1046 2058 Latinae,
1092 2002 1202 2061 fiilia
1230 2002 1402 2061 prima
1432 1995 1601 2050 'manu
1644 2003 1800 2060 flavos
1845 2001 1948 2050 La-

253 2077 392 2124 vinia
430 2076 580 2123 crinis
619 2080 661 2123 et
697 2090 863 2124 roseas
903 2077 1095 2124 laniata
1129 2090 1305 2137 yenas:
1354 2078 1740 2124 consentaneum
1786 2075 1950 2122 fuerat
1980 2090 2022 2123 2⁶

255 2149 576 2199 domesticam
614 2149 805 2197 cladem
842 2150 1002 2212 primo
1040 2151 1274 2198 mulieres
1313 2165 1532 2211 noscere,
1575 2151 1815 2212 quoniam
1852 2150 1949 2198 viri

252 2224 306 2271 in
345 2223 458 2272 aliis
498 2224 695 2271 fuerant
733 2224 984 2287 occupati3
1030 2240 1199 2273 verum
1238 2224 1356 2286 quia
1394 2224 1607 2272 secundo
1645 2224 1754 2271 loco
1792 2223 1948 2271 filiam

254 2299 464 2360 putatur
501 2299 805 2358 nominasse,
854 2315 954 2346 non
993 2299 1207 2347 secundo
1247 2298 1454 2359 dictam,
1505 2298 1588 2346 sed
1621 2313 1733 2345 cum
1771 2297 1946 2345 ceteris

254 2372 445 2421 Latinis
484 2372 724 2420 matribus
766 2372 961 2421 audisse
994 2389 1100 2421 eam
1141 2373 1527 2436 intellegendum
1566 2373 1661 2433 est,
1701 2387 1800 2433 quo
1834 2387 1945 2418 con—

254 2448 394 2509 perto
432 2447 596 2508 prima
635 2445 833 2493 discidit
864 2462 1075 2494 comam:
1114 2447 1296 2509 prim&
1337 2446 1430 2508 ait,
1469 2447 1622 2495 vestis
1657 2438 1947 2493 indumenta
1977 2458 2021 2490 30

376 2622 398 2658 1
438 2630 644 2661 sevocare
675 2615 717 2659 V
747 2622 973 2684 revocaret
1009 2630 1091 2659 nos
1124 2631 1306 2661 evocare
1337 2616 1420 2660 ΗΟ
1446 2616 1517 2661 ed.
1648 2620 1673 2658 5
1705 2616 1803 2660 nise
1827 2614 1868 2657 V
1898 2615 1946 2658 vi

254 2689 299 2719 se
330 2689 413 2718 nos
444 2677 496 2719 in
526 2690 571 2719 se
602 2675 645 2718 H
676 2689 722 2720 se
751 2675 823 2719 ed
873 2676 875 2733 1
927 2690 1067 2719 causa
1090 2675 1132 2718 V
1157 2689 1270 2719 corr.
1303 2676 1374 2720 ed.
1424 2676 1428 2734 Ι
1478 2676 1647 2720 clamat
1668 2674 1711 2718 V
1741 2676 1944 2719 clamans

256 2735 379 2791 0111
430 2736 685 2790 crimenque
715 2734 757 2778 V
795 2740 837 2779 et
874 2736 1042 2778 crimen
1077 2735 1147 2778 ed.
1272 2739 1326 2778 15
1359 2735 1554 2778 dementi
1581 2734 1839 2788 furentique
1870 2732 1940 2775 ed.

257 2797 311 2836 28
335 2798 533 2849 putatur
555 2793 597 2836 V
622 2794 692 2837 ed.
726 2792 895 2847 „verba
924 2795 1179 2848 corrupta“
1208 2794 1404 2837 adnotat
1425 2793 1637 2861 Hoppius
1661 2807 1704 2848 p.
1725 2795 1781 2834 20
1801 2806 1844 2834 n.
1863 2797 1940 2834 44:

255 2866 341 2908 ego
382 2852 495 2907 quid
532 2853 610 2895 hic
649 2853 856 2908 corrupti
887 2852 948 2895 sit
979 2866 1072 2896 non
1103 2853 1258 2896 video·
1299 2853 1428 2896 fuere
1468 2853 1549 2908 (1111
1579 2850 1755 2907 Vergil
1742 2865 1839 2893 111111
1870 2864 1942 2894 re—

254 2911 615 3013 pgfegitffidssrgtrlm
664 2912 787 2967 quod
830 2912 1068 2955 Laviniam
1117 2912 1319 2955 secundo
1365 2911 1467 2955 loco
1510 2910 1814 2964 nominasset
1857 2908 1941 2952 hos
