2050 3226
200 273 310 326 202
670 269 904 314 DONATI
933 269 1215 313 INTERPR.
1240 268 1421 313 VERG.

100 421 184 461 110
202 409 447 459 extitisset
489 409 679 458 inimici
724 408 977 458 violentia.
1055 409 1132 456 hic
1170 409 1390 469 primum
1434 423 1562 457 nova
1609 409 1692 457 lux
1741 409 1892 458 oculis

200 485 399 545 obfulsit
430 487 475 532 et
501 485 672 545 iuyeus
701 484 838 531 visus
870 484 932 531 ab
965 496 1150 531 aurora
1181 483 1367 530 caelmu
1398 486 1731 531 transcurrere
1767 484 1892 530 uim-

201 560 291 607 bus
335 559 572 618 Idaeique
618 558 771 606 chori:
819 557 943 604 bene
989 556 1160 618 posuit
1203 557 1283 604 hic
1331 555 1569 619 primum,
1621 556 1893 604 debuerunt

201 632 333 681 enim
372 635 487 680 ante
520 632 958 680 commutationem
987 631 1194 679 navium
1226 631 1419 679 ostendi
1451 630 1615 694 signa,
1653 647 1715 678 ne
1748 645 1891 679 casus

200 709 464 770 putaretur
511 706 643 768 quod
690 705 892 753 deorum
931 705 1192 754 voluntate
1231 706 1282 753 et
1320 705 1526 753 arbitrio
1572 705 1736 753 fuerat
1779 721 1892 767 pro·
1946 715 1967 749 5

201 796 470 830 cessurum.
527 779 745 842 primum
775 779 934 843 igitur
963 779 1100 827 facta
1130 780 1206 827 est
1235 779 1323 826 lux
1353 773 1509 844 (nova
1539 779 1626 827 lux
1658 780 1733 828 est
1764 794 1891 842 quae

157 914 161 917 ¹
199 857 396 918 praeter
426 855 628 903 solitam
657 847 904 919 nascitur)
938 855 988 900 et
1019 852 1081 900 ab
1121 852 1323 902 orientis
1354 855 1497 915 parte
1528 852 1687 901 nimbi
1721 867 1892 901 cursus

201 930 426 978 ostensus
458 930 547 989 est,
579 927 754 976 deinde
785 927 926 975 Idaei
957 927 1094 975 chori
1125 942 1273 975 sonus
1306 926 1528 989 auditus3
1561 925 1733 975 debuit
1762 927 1895 975 enim

199 1004 253 1051 in
297 1003 407 1065 ipso
455 1004 588 1051 facto
639 1001 790 1050 etiam
837 1001 1064 1049 beneficii
1114 1002 1289 1049 auctor
1333 1001 1574 1064 intellegi.
1651 1004 1752 1048 twm
1801 1014 1894 1048 vox

198 1077 442 1125 horrenda
470 1091 566 1136 per
595 1091 750 1124 auras
781 1076 954 1124 excidit
984 1079 1026 1122 et
1058 1075 1242 1123 Troum
1271 1075 1658 1134 Rutulorumque
1695 1074 1896 1135 aymiua
1927 1086 1970 1119 10

201 1151 408 1212 conplet:
451 1150 612 1213 primo
660 1166 776 1214 ergo
823 1150 988 1214 signa,
1037 1149 1217 1211 quibus
1257 1149 1364 1197 sola
1403 1149 1687 1209 coniectura
1725 1147 1896 1212 colligi

199 1227 368 1287 posset
407 1224 540 1287 quod
569 1240 658 1287 per
687 1225 739 1272 id
768 1224 1009 1286 temporis
1040 1223 1328 1287 gerebatur3
1369 1222 1544 1271 dehinc
1575 1222 1708 1284 'quod
1738 1221 1893 1285 signis

199 1300 323 1362 ipsis
379 1299 662 1347 accessisset
717 1299 1061 1362 augmentum,
1115 1299 1176 1346 ut
1226 1297 1473 1346 universis
1528 1296 1893 1359 suspicionibus

201 1373 410 1425 exclusis
441 1373 553 1436 ipsa
576 1372 760 1421 veritas
785 1373 977 1421 veniret
1007 1372 1059 1419 in
1089 1370 1330 1419 medium:
1361 1387 1479 1419 nam
1509 1386 1605 1420 vox
1635 1370 1894 1432 horrenda,

199 1448 251 1495 id
281 1449 357 1496 est
378 1463 479 1495 non
503 1446 750 1508 deformis,
774 1446 859 1494 sed
881 1446 1147 1494 metuenda
1169 1447 1463 1507 reverenter,
1488 1446 1668 1493 emissa
1692 1446 1767 1493 est
1787 1446 1895 1493 tam
1927 1454 1969 1488 15

201 1521 357 1583 clara,
395 1523 454 1569 ut
491 1524 540 1569 et
575 1521 902 1568 Troianorum
942 1522 992 1568 et
1026 1520 1329 1567 Rutulorum
1364 1519 1566 1583 agmina
1603 1520 1894 1582 conplesset.

99 1606 182 1646 115
199 1610 260 1643 ue
307 1596 542 1655 trepidate
589 1609 743 1651 meac,
785 1595 982 1651 Teucri,
1031 1594 1285 1653 defendere
1330 1594 1495 1650 naviS,
1543 1607 1660 1640 neve
1706 1596 1895 1641 armate

199 1684 403 1718 manus:
428 1669 596 1728 cesset,
620 1668 803 1731 inquit,
829 1668 1047 1716 officium
1061 1670 1286 1716 vestrum
1307 1667 1361 1715 in
1385 1667 1667 1715 defensione
1687 1668 1895 1715 navium

199 1759 289 1792 nec
333 1759 512 1791 manus
558 1744 752 1791 vestrae
802 1741 1079 1805 profuturis
1131 1744 1396 1790 onerentur
1442 1740 1665 1802 auxiliis3
1710 1740 1896 1789 habent

202 1818 385 1880 quippe
433 1817 770 1865 defensionem
813 1832 977 1864 meam
1024 1831 1114 1864 nec
1159 1831 1362 1878 possum
1407 1815 1516 1877 pati
1560 1816 1722 1877 perire
1763 1815 1896 1877 quod
1925 1825 1969 1858 20

199 1908 365 1939 meum
397 1893 485 1940 est.
546 1892 711 1939 maria
742 1894 853 1939 aute
885 1904 1082 1938 exurere
1114 1890 1283 1938 Turno
1319 1904 1466 1948 quam
1496 1903 1668 1937 sacras
1699 1889 1896 1937 dubitur

194 1967 372 2025 pinus:
417 1966 620 2027 pulchre
668 1964 730 2012 ab
770 1981 826 2013 eo
873 1965 981 2012 loco
1019 1965 1072 2012 in
1113 1979 1213 2026 quo
1251 1979 1330 2011 res
1369 1963 1634 2028 gerebatur
1681 1962 1897 2025 arripuit

199 2039 640 2101 inpossibilitatem
696 2038 930 2100 faciendi,
989 2039 1127 2099 ante,
1180 2038 1367 2100 inquit,
1419 2038 1678 2100 proveniet
1726 2037 1894 2085 Turno

199 2113 351 2161 maris
404 2114 685 2161 incendium
739 2128 891 2175 quam
943 2112 1085 2161 navis
1137 2114 1311 2160 exurat
1361 2127 1486 2174 quas
1534 2113 1706 2159 tuetur
1754 2112 1894 2174 origo

201 2186 512 2235 venerabilis.
573 2202 658 2235 vos
688 2188 750 2235 ite
788 2187 993 2243 solutae,
1034 2188 1097 2234 ite
1128 2186 1246 2234 deae
1269 2186 1460 2246 pelayi,
1497 2186 1714 2246 yeuetrix
1743 2186 1895 2232 iubet:
1925 2194 1967 2228 2⁵

200 2276 304 2322 vos,
336 2262 423 2322 ait,
456 2261 631 2309 solutis
662 2261 874 2310 vinculis
905 2261 1123 2326 pergite,
1154 2262 1203 2308 et
1233 2277 1294 2307 ne
1326 2261 1512 2322 perisse
1544 2258 1709 2322 potius
1742 2274 1896 2321 quam

200 2335 439 2383 liberatae
471 2335 771 2396 viderentur,
804 2334 998 2383 addidit
1027 2334 1096 2382 ite
1130 2334 1250 2382 deae
1281 2334 1463 2397 pelagi,
1487 2332 1709 2397 genetrix
1739 2332 1892 2382 iubet.

202 2408 421 2458 ostendit
457 2408 690 2457 iussionis
725 2411 976 2458 auctorem
1015 2408 1220 2457 dicendo
1258 2408 1482 2472 genetrix
1512 2406 1665 2454 iubet.
1729 2410 1772 2454 et
1799 2421 1894 2454 sua

202 2498 415 2543 quaeque
460 2483 682 2531 contiuuo
719 2497 914 2542 puppes
960 2484 1259 2543 abrumpunt
1301 2482 1499 2529 vincula
1544 2481 1697 2541 ripis:
1741 2483 1893 2543 rupta

201 2558 404 2606 vincula
450 2556 552 2606 vim
597 2557 807 2619 periculi
856 2556 1148 2605 inminentis
1201 2555 1491 2615 ostendunt3
1530 2569 1647 2602 nam
1686 2554 1728 2602 si
1766 2557 1893 2603 esset
1923 2563 1967 2596 30
2020 2608 2021 2615 χ

321 2733 346 2770 2
372 2728 543 2782 effulsit
566 2727 635 2771 ed.
667 2727 671 2782 Ι
707 2731 1067 2771 transcurrerent
1081 2725 1135 2770 V.
1199 2730 1224 2769 5
1244 2724 1547 2782 putareturV
1568 2725 1796 2769 videretur
1819 2724 1891 2768 ed.

203 2792 226 2829 7
261 2789 429 2831 oriente
461 2786 531 2830 ed.
650 2790 674 2829 9
707 2787 843 2830 etiam
866 2785 907 2827 V
940 2787 1037 2829 eius
1069 2785 1138 2828 ed.
1256 2789 1308 2828 11
1341 2786 1475 2840 siqua
1498 2783 1539 2827 V
1570 2798 1604 2828 s.
1630 2785 1789 2839 posuit
1819 2783 1889 2827 ed.

203 2852 257 2889 12
301 2847 461 2890 dehinc
498 2845 540 2888 V
583 2845 745 2889 deiude
787 2844 857 2888 ed.
982 2849 1035 2887 13
1077 2848 1392 2901 aryumeutum
1431 2842 1502 2887 ed.
1627 2846 1680 2884 15
1719 2847 1814 2886 tam
1848 2842 1891 2885 V

202 2910 243 2948 et
273 2910 302 2948 t.
337 2905 408 2948 ed.
532 2909 586 2947 21
631 2909 694 2948 est
735 2917 822 2947 om.
860 2903 930 2948 ed.
1055 2908 1110 2947 22
1151 2903 1389 2959 reyebatur
1419 2901 1461 2945 V
1497 2902 1768 2958 yerebautur
1805 2900 1891 2944 edI

201 2965 468 3008 tenebantur
500 2963 601 3006 edF
633 2977 703 3007 res
732 2963 969 3020 yerebatur
999 2977 1095 3006 nos.
1205 2967 1260 3005 24
1291 2962 1433 3006 maris
1463 2961 1671 3005 incendio
1695 2959 1737 3002 V
1766 2973 1891 3004 mare

201 3023 414 3066 incendio
446 3022 516 3066 ed.
562 3023 565 3080 1
613 3027 778 3067 exurat
799 3021 841 3065 V
873 3035 970 3066 -ere
1002 3022 1071 3064 ed.
1117 3022 1120 3079 Ι
1167 3022 1313 3065 tuitur
1335 3019 1390 3064 V.
1514 3024 1569 3063 28
1601 3024 1826 3064 auctorem
1848 3018 1891 3061 V

202 3083 408 3126 -ritatem
440 3082 511 3125 ed.
