2050 3226
237 185 347 240 520
711 184 946 230 DONATI
975 185 1256 230 INTERPR.
1280 185 1460 230 VERG.

238 322 478 373 Camillae
517 324 751 373 meritum
791 326 978 374 crescat
1016 341 1142 386 quae
1181 326 1298 373 talis
1339 325 1533 375 occidit.
1594 325 1792 375 'dicitur
1829 326 1930 376 iam

237 399 485 460 quomodo
525 400 793 448 occiderint
838 398 1037 462 singuli.
1121 399 1206 447 sed
1251 399 1416 447 Buten
1462 414 1690 448 aversum
1735 402 1932 461 cuspide

233 473 341 534 figit
379 473 580 522 loricam
613 474 898 534 qaleamque
934 473 1073 529 inter,
1127 487 1224 532 qua
1274 474 1397 522 colla
1445 474 1653 523 sedentis
1704 475 1862 523 lucent
1890 478 1934 523 et

236 546 371 595 laevo
410 547 642 607 dependet
670 562 856 607 parma
896 548 1095 594 lacerto:
1133 546 1229 595 iste
1268 563 1417 611 eques
1456 548 1574 610 fuit,
1612 549 1706 597 hoc
1743 548 1934 598 indicat

236 622 357 683 quia
395 621 522 668 dixit
561 620 789 670 sedentis.
867 621 1075 669 loricam
1112 621 1311 684 habuit,
1358 622 1554 686 galeam
1593 625 1643 672 et
1680 638 1931 686 parmam3

235 711 347 743 cum
398 696 475 744 his
531 695 759 743 omnibus
811 696 1036 744 munitus
1092 695 1221 743 adiri
1273 712 1373 744 non
1425 699 1620 759 posset,
1681 697 1931 761 sequentis

153 786 157 789 ·
237 768 477 817 Camillae
527 770 771 818 vivacitas
821 772 1017 832 partem
1068 786 1167 833 qua
1219 771 1470 819 hominem
1523 773 1806 834 penetraret
1858 771 1932 819 in·

234 844 393 905 venit3
431 859 548 891 nam
587 859 700 892 cum
737 844 882 892 laeva
919 844 1078 892 umeri
1115 846 1258 907 parte
1295 860 1470 907 parma
1500 847 1771 909 tegeretur,
1802 845 1934 894 inter

234 918 415 965 loricae
464 917 576 965 finis
628 920 678 967 et
727 919 900 982 galeae
952 934 1066 967 caro
1118 935 1246 981 quae
1295 918 1435 967 feriri
1483 921 1653 982 posset
1699 920 1934 983 apparuit

235 995 384 1054 atque
434 993 509 1040 ita
559 992 684 1040 fixus
739 994 815 1041 est
865 993 1082 1055 cuspide.
1175 994 1477 1055 superfluum
1530 994 1629 1042 fuit
1680 997 1930 1043 mortuum

235 1066 418 1128 dicere,
459 1081 568 1114 cum
610 1066 955 1131 designatione
985 1067 1115 1115 ictus
1147 1070 1198 1115 et
1228 1068 1324 1116 loci
1354 1067 1582 1132 intellegi
1611 1069 1780 1118 valeat
1811 1068 1933 1131 quid

234 1140 300 1189 sit
353 1142 686 1189 consecutum.
781 1141 1082 1190 Orsilochum
1129 1142 1326 1202 fuqiens
1373 1156 1699 1203 maynuinque
1749 1143 1934 1203 ayitata

133 1226 216 1266 695
230 1229 319 1275 per
379 1217 541 1263 orbem
603 1215 753 1264 eludit
815 1230 934 1276 qyro
1002 1217 1204 1263 interior
1271 1217 1578 1276 sequiturque
1637 1219 1934 1276 sequentem:

233 1289 445 1353 fugiens,
484 1288 666 1352 inquit,
706 1289 882 1338 fiaude
921 1291 1089 1353 potius
1130 1306 1280 1352 quam
1317 1290 1496 1339 timore
1528 1307 1687 1353 neque
1717 1292 1776 1339 ut
1806 1290 1934 1354 peri-

235 1365 401 1412 culum
447 1363 737 1426 declinaret,
784 1364 871 1412 sed
915 1366 974 1412 ut
1012 1365 1260 1427 deciperet
1288 1365 1660 1427 inprudentem3
1698 1381 1813 1413 nam
1847 1365 1936 1427 qui

234 1454 346 1487 vere
397 1437 529 1502 fugit
576 1440 711 1487 recto
764 1439 814 1486 et
862 1439 1011 1502 longo
1052 1438 1307 1487 contendit
1343 1438 1542 1500 itinere,
1587 1440 1688 1487 ista
1726 1454 1843 1488 vero
1881 1439 1934 1486 in

235 1513 404 1561 orbem
453 1512 679 1576 fugiebat
726 1512 1043 1561 interioribus
1095 1514 1251 1577 gyris:
1305 1514 1428 1561 haec
1477 1513 1575 1561 fuit
1619 1513 1756 1562 fraus
1804 1528 1933 1576 quae

233 1587 375 1635 illam
424 1587 544 1635 fecit
592 1588 880 1649 sequentem
929 1587 1084 1649 sequi.
1161 1590 1264 1634 tuan
1299 1588 1520 1635 validam
1559 1601 1745 1646 perque
1790 1602 1934 1635 arma

233 1662 339 1709 viro
379 1675 565 1722 perque
603 1676 718 1709 ossa
770 1662 978 1709 securim
1029 1662 1174 1709 altior
1224 1675 1460 1722 eaeuryens
1498 1662 1661 1709 oranti
1700 1664 1743 1708 et
1778 1661 1933 1709 multa

226 1737 453 1796 precanti
492 1737 813 1796 conyeininat‚
853 1736 1033 1783 vulnus
1073 1735 1229 1783 calido
1267 1736 1397 1796 riqat
1434 1750 1524 1783 ora
1563 1736 1776 1783 cerebro:
1823 1751 1932 1783 ecce

237 1811 482 1873 quantum
511 1810 702 1872 profuit
733 1809 899 1858 dolus:
940 1825 1068 1872 quae
1100 1809 1199 1857 fuit
1230 1811 1412 1872 prima,
1447 1825 1561 1858 cum
1592 1808 1728 1873 gyris
1759 1808 1931 1857 interi·

237 1883 403 1932 oribus
451 1884 665 1947 fugeret,
712 1886 910 1932 tantum
957 1883 1123 1946 potior
1160 1883 1296 1932 facta
1336 1885 1432 1945 est,
1482 1885 1542 1931 ut
1589 1899 1688 1931 non
1739 1883 1932 1931 eminus

236 1974 396 2020 neque
435 1958 602 2019 hasta,
643 1958 727 2006 sed
767 1959 929 2006 securi
966 1959 1190 2020 potuerit
1227 1958 1374 2006 ferire
1415 1958 1828 2017 circumventum,
1859 1957 1933 2006 ita

236 2033 482 2080 instanter
535 2048 847 2095 oppressum,
901 2033 960 2079 ut
1011 2049 1112 2080 non
1165 2048 1287 2093 uno,
1338 2031 1423 2080 sed
1474 2031 1687 2080 secundo
1735 2047 1932 2094 quoque

237 2107 358 2166 ictu,
392 2122 504 2153 cum
535 2107 588 2153 in
620 2122 815 2155 cassum
844 2107 1005 2154 multa
1036 2107 1280 2154 conferret
1311 2107 1364 2154 in
1395 2122 1605 2169 precem,
1628 2107 1933 2154 monstretur

238 2195 342 2228 esse
381 2194 656 2242 percussus.
734 2197 831 2243 quo
872 2182 1038 2236 autem
1084 2181 1300 2243 corporis
1350 2181 1459 2228 loco
1508 2182 1638 2229 ictus
1689 2179 1934 2241 exceperit

236 2254 350 2302 inde
391 2255 618 2316 apparet:
659 2270 919 2317 oppressus
960 2255 1144 2318 quippe
1185 2271 1297 2303 cum
1328 2270 1431 2303 sese
1465 2256 1604 2302 scuto
1637 2255 1932 2317 contegeret,

236 2328 327 2377 illa
377 2343 614 2391 exurgens
667 2328 816 2376 altior
867 2330 916 2377 et
965 2332 1164 2377 scutum
1212 2329 1376 2390 ipsum
1426 2331 1476 2376 et
1521 2330 1672 2390 caput
1707 2328 1931 2390 rogantis

237 2418 336 2451 uno
377 2403 561 2450 securis
600 2402 704 2450 ictu
744 2405 893 2464 atque
933 2403 1032 2450 alio
1063 2403 1275 2465 repetito
1315 2401 1569 2466 perfregit.
1623 2401 1795 2449 incidit
1822 2401 1934 2448 huic

138 2485 221 2525 700
238 2478 485 2537 subitoque
538 2479 734 2536 aspectu
794 2477 989 2523 territus
1050 2477 1206 2524 haesit
1257 2474 1675 2537 Appenninicolae
1735 2475 1934 2522 bellator

238 2552 373 2610 filius
411 2549 575 2598 Auni:
612 2549 810 2610 incidit,
849 2550 942 2598 hoc
981 2553 1055 2598 est
1092 2550 1145 2597 in
1184 2566 1361 2599 manus
1402 2551 1508 2598 eius
1547 2548 1818 2612 inprudens
1856 2548 1931 2595 in·

238 2626 377 2673 venit
415 2623 550 2671 Auni
594 2623 750 2684 filius,
798 2624 988 2671 incolae
1034 2625 1217 2672 montis
1257 2623 1565 2687 Appennini,
1611 2623 1718 2684 ipse
1764 2623 1932 2670 tamen

238 2698 463 2746 bellator.
538 2699 658 2745 haut
694 2698 939 2758 Liqururn
986 2701 1243 2754 eoetrernus,
1293 2699 1410 2745 dum
1453 2697 1625 2758 fallere
1661 2698 1771 2756 fata
1807 2697 1933 2743 sine-

361 2887 386 2926 3
417 2883 540 2940 fuyit
568 2896 652 2938 pro
683 2883 785 2939 siqit
806 2881 860 2925 V.
983 2886 1039 2925 24
1071 2896 1163 2926 non
1193 2896 1285 2926 uno
1316 2883 1394 2926 sed
1425 2895 1513 2925 om.
1539 2880 1611 2924 ed.
1734 2884 1789 2924 26
1824 2893 1931 2935 per-

241 2956 397 2986 cussus
419 2941 461 2985 V
493 2955 729 2986 conversus
761 2941 831 2984 ed.
954 2945 1007 2984 31
1041 2942 1216 2986 invenit
1238 2941 1278 2985 V
1310 2942 1487 2985 devenit
1518 2939 1588 2983 ed.
1712 2943 1766 2982 32
1801 2940 1932 2983 Auni

242 3015 328 3044 om.
362 3001 433 3044 ed.
482 3000 485 3058 ξ
535 3002 639 3056 ipsa
663 3000 704 3043 V
729 3014 842 3044 corr.
869 3000 938 3044 ed.
988 3000 993 3059 Ι
1043 3005 1194 3044 tamen
1219 2999 1259 3044 V
1291 3005 1470 3044 tantum
1501 2998 1573 3043 ed.

1965 1008 2006 1040 10

1965 1376 2006 1409 15

1963 1748 2007 1780 20

1963 2116 2005 2150 25

1963 2486 2006 2518 30
