2078 3260
279 147 386 200 638
752 144 986 190 DONATI
1014 145 1297 192 INTERPR.
1321 145 1501 191 VERG.

279 285 662 349 cogitationibus
717 287 891 348 captus
938 285 1187 333 intentum
1240 285 1462 334 animum
1510 287 1668 347 tenet,
1720 285 1974 334 dubitanti

278 358 402 422 quid
440 359 625 407 faceret
655 359 832 420 telum,
872 358 953 407 cui
981 360 1090 407 fata
1127 360 1420 423 sanguinem
1452 359 1772 408 decreverant
1801 360 1974 422 Turni,

277 433 470 482 Aeneas
507 435 769 495 tamquam
798 433 989 480 fulmen
1028 432 1179 482 altius
1219 433 1402 481 extulit
1439 435 1669 483 eventum
1699 434 1823 482 facti
1861 450 1973 483 ocu·
2048 487 2051 489 ,

276 507 439 555 lorum
478 507 816 556 aestimationi
855 523 912 555 ac
950 507 1180 556 fortunae
1211 507 1522 556 committens
1557 511 1608 557 et
1639 509 1802 571 spatio
1842 508 1974 570 quod

278 581 342 630 ad
379 582 657 630 feriendum
694 596 838 644 posse
879 581 1103 630 sufficere
1141 582 1425 630 decreverat
1463 583 1644 630 animo.
1700 585 1743 629 et
1780 596 1975 642 corpore
2028 595 2048 628 5

277 659 367 703 toto
407 656 595 703 eminus
633 656 893 715 intorquet:
936 657 1125 719 quanto
1171 656 1370 719 longius
1418 655 1591 704 aberat
1633 657 1776 704 tanto
1814 657 1975 718 plenis

276 729 464 778 viribus
500 730 699 777 hastam
729 729 953 791 intorsit,
992 732 1052 778 ut
1081 730 1338 792 pervenire
1368 732 1538 792 posset
1576 731 1626 778 et
1654 729 1843 792 inplere
1874 730 1974 779 vic-

180 796 184 799 ’
277 805 473 852 toriam.
525 804 710 852 murali
741 804 926 852 concita
955 818 1224 864 numquam
1254 807 1483 852 tormento
1514 805 1585 852 sic
1613 818 1740 852 saxa
1761 806 1978 864 fremunt

276 891 363 925 nec
397 878 605 937 fulmine
643 878 768 926 tanti
812 878 1076 926 dissultant
1120 879 1351 937 crepitus:
1404 879 1549 926 tanta
1600 878 1774 926 hastae
1826 878 1974 927 istius
2051 902 2055 904 ·

277 950 374 999 fuit
411 951 485 1000 vis
527 953 578 999 et
616 952 780 999 euntis
819 951 1058 1015 strepitus
1107 954 1322 1014 quantus
1367 967 1471 1001 esse
1513 968 1614 1000 non
1650 953 1818 1014 potest
1864 968 1976 1000 cum
2008 965 2071 997 10=

278 1026 447 1074 arietis
478 1027 726 1074 tormento
756 1026 890 1073 muri
912 1027 1173 1075 solvuntur
1196 1029 1284 1075 aut
1306 1026 1495 1074 fulmen
1525 1026 1808 1075 intervenit.
1846 1027 1979 1075 volat

277 1099 374 1147 atri
411 1101 621 1148 turbinis
659 1101 819 1148 instar
857 1101 1056 1148 emitium
1093 1101 1257 1148 dirum
1294 1101 1436 1148 hasta
1474 1103 1661 1162 ferens:
1703 1101 1862 1162 volat,
1899 1101 1976 1148 in-

278 1174 402 1236 quit,
433 1190 531 1223 non
563 1175 665 1222 iam
695 1175 856 1236 hasta,
889 1174 974 1223 sed
997 1174 1387 1223 violentissimus
1410 1174 1557 1222 turbo
1582 1173 1787 1222 exitium
1812 1174 1975 1222 dirum

176 1257 260 1297 925
276 1248 438 1296 ferens
476 1249 570 1296 hoc
609 1251 684 1297 est
713 1248 928 1297 letabile.
979 1263 1185 1309 orasque
1214 1249 1419 1297 recludit
1448 1249 1625 1297 loricae
1656 1252 1699 1296 et
1728 1249 1868 1308 clipei
1899 1263 1975 1297 ex-

277 1325 450 1370 tremos
480 1323 798 1382 septemplicis
828 1323 980 1380 orbiS,
1004 1337 1099 1382 per
1119 1323 1333 1371 medium
1362 1323 1572 1371 stridens
1594 1324 1774 1371 transit
1793 1325 1977 1383 femur:
2009 1333 2050 1366 15

276 1412 517 1460 magnum
559 1396 717 1445 ictum
769 1399 819 1444 et
863 1413 1046 1461 magna
1095 1397 1300 1446 missum
1345 1398 1530 1446 virtute
1582 1397 1837 1458 describit,
1890 1397 1977 1459 qui

277 1471 446 1532 potuit
467 1475 583 1533 post
605 1473 684 1519 tot
707 1470 837 1519 orbis
863 1471 1010 1533 clipei
1025 1471 1104 1520 vel
1127 1472 1335 1520 loricam
1356 1486 1672 1534 perrumpere
1694 1472 1745 1519 et
1763 1471 1975 1520 transire

278 1561 367 1607 per
403 1544 617 1593 hominis
648 1545 829 1606 femur,
867 1545 961 1593 hoc
999 1547 1075 1594 est
1105 1562 1203 1594 non
1236 1545 1487 1593 debilitari
1517 1547 1596 1593 tot
1623 1545 1974 1607 inpedimentis

279 1621 328 1667 et
366 1618 437 1667 sic
474 1620 755 1681 pervenire,
804 1621 862 1667 ut
907 1635 1006 1668 non
1053 1619 1214 1668 solum
1262 1619 1530 1667 inhaeserit
1571 1619 1767 1668 vulneri
1804 1635 1975 1668 verum

278 1692 430 1740 etiam
454 1694 642 1741 exitum
664 1693 862 1741 facilem
883 1693 1136 1755 reperiret.
1174 1693 1347 1741 incidit
1366 1694 1490 1741 ictus
1511 1694 1683 1753 inyens
1705 1693 1773 1741 ad
1795 1696 1975 1741 terram
2007 1703 2050 1735 20

279 1767 521 1827 duplicato
551 1767 735 1828 poplite
771 1768 996 1815 Turnus:
1033 1782 1294 1830 percussus
1335 1783 1448 1815 cum
1486 1770 1618 1816 stare
1655 1782 1755 1814 non
1792 1769 1975 1830 posset,

278 1844 336 1889 ut
366 1841 463 1889 fuit
492 1841 687 1905 ingenti
718 1841 936 1904 corporis
969 1842 1151 1902 forma,
1190 1843 1443 1889 contracto
1474 1842 1665 1903 poplite
1697 1840 1760 1889 ad
1791 1844 1976 1889 terram

277 1915 606 1963 intolerabilis
646 1915 828 1964 doloris
880 1916 1019 1964 clade
1058 1916 1324 1978 perductus
1364 1916 1452 1963 est.
1513 1915 1691 1962 incidit
1729 1914 1876 1977 dixit,
1922 1916 1975 1963 in

277 1988 439 2051 ipsam
476 1991 677 2037 tantum
713 1992 909 2052 partem
947 1990 1162 2038 concidit
1193 2006 1292 2052 qua
1322 1990 1488 2037 fuerat
1519 1989 1695 2037 debilis
1725 1989 1975 2037 redditus:

278 2078 395 2110 nam
418 2062 603 2111 diceret
626 2066 812 2112 stratus
838 2066 927 2125 est,
959 2064 1003 2113 si
1025 2066 1132 2112 toto
1158 2079 1360 2127 corpore
1383 2064 1634 2113 iacuisset.
1682 2066 1977 2125 eonsurqunt
2007 2072 2049 2106 2⁵

275 2137 455 2197 yemitu
492 2137 667 2185 Rutuli
703 2142 920 2198 totusque
956 2139 1162 2199 remuyit
1205 2152 1344 2186 mons
1386 2139 1567 2186 circum
1605 2141 1648 2185 et
1683 2151 1843 2185 vocem
1882 2138 1975 2185 late

279 2225 478 2258 nemora
517 2212 619 2259 alta
655 2213 925 2260 remittunt:
974 2213 1068 2260 tali
1106 2227 1224 2260 casu
1262 2213 1477 2275 permoti
1507 2212 1688 2259 Rutuli
1726 2227 1836 2260 cum
1875 2211 1973 2259 for-

279 2287 454 2333 tunam
490 2285 704 2333 hominis
744 2289 1017 2349 gemerent,
1057 2287 1342 2334 emitterent
1373 2288 1424 2334 et
1458 2286 1717 2347 clamores,
1755 2287 1974 2333 remitte-

279 2359 402 2406 bant
454 2361 645 2407 montes
696 2360 965 2424 mugitum,
1020 2376 1223 2408 nemora
1274 2375 1469 2423 quoque
1521 2359 1795 2407 reddebant
1849 2374 1972 2422 quas

281 2435 573 2495 acceperant
610 2449 768 2482 voces.
822 2435 866 2482 si
903 2435 1078 2482 Rutuli
1116 2434 1330 2498 gemitus
1369 2434 1577 2495 dabant,
1619 2433 1845 2497 intellegi
1882 2448 1974 2495 par
2005 2445 2049 2477 30

400 2549 426 2587 3
457 2545 549 2598 fati
573 2543 613 2586 V
644 2558 668 2588 c
699 2558 923 2600 superscr.
950 2559 1071 2588 man.
1098 2545 1141 2588 II
1170 2546 1284 2600 fatis
1316 2545 1386 2589 ed.
1521 2550 1549 2588 4
1588 2546 1898 2589 aestimatione
1931 2544 1974 2587 V

283 2605 571 2648 extimatione
596 2604 718 2660 (sicl)
744 2604 814 2647 ed.
849 2605 1157 2649 aestimationi
1186 2619 1283 2649 nos.
1376 2608 1401 2647 5
1432 2604 1671 2659 ferendum
1694 2603 1736 2647 V
1760 2617 1874 2647 corr.
1900 2603 1970 2647 ed.

283 2667 308 2706 6
336 2663 488 2718 plenis
510 2663 552 2706 V
583 2664 834 2708 maioribus
865 2663 936 2707 ed.
1023 2668 1048 2706 8
1081 2665 1230 2720 eoyita
1259 2678 1343 2719 pro
1375 2664 1554 2707 concita
1577 2663 1631 2706 V.
1718 2667 1742 2706 9
1774 2664 1909 2707 istius
1932 2662 1973 2704 V

282 2722 409 2765 illius
432 2722 503 2766 ed.
579 2725 634 2765 10
659 2724 785 2766 eunti
800 2721 842 2765 V
859 2735 971 2766 corr.
991 2723 1062 2766 ed.
1086 2723 1089 2780 Ι
1117 2724 1313 2779 crepitus
1337 2723 1407 2766 ed.
1481 2727 1536 2766 14
1561 2722 1769 2766 laetabile
1786 2721 1827 2764 V
1844 2722 1973 2765 letale

283 2780 353 2823 ed.
443 2785 493 2823 17
512 2783 669 2836 potuit
691 2781 811 2826 totV
828 2781 899 2825 ed.
918 2795 967 2837 p.
986 2787 1093 2837 post
1115 2787 1145 2826 t.
1170 2796 1254 2825 nos
1277 2783 1470 2838 propter
1492 2782 1573 2826 vel.
1597 2782 1600 2839 Ι
1629 2782 1757 2824 urbis
1779 2780 1829 2823 in
1853 2781 1974 2825 orbis

283 2853 397 2882 corr.
414 2839 456 2882 V
472 2853 594 2883 man.
613 2839 667 2884 H.
761 2844 816 2883 20
840 2841 1002 2885 hicidit
1017 2840 1072 2884 V.
1102 2841 1105 2897 l
1141 2842 1236 2885 ictu
1260 2841 1330 2884 ed.
1420 2845 1475 2884 27
1501 2841 1643 2884 talica
1664 2841 1909 2894 supermoti
1931 2839 1973 2882 V

282 2899 369 2941 tali
397 2898 588 2952 fortuna
618 2901 727 2944 moti
758 2899 828 2943 ed.
867 2899 870 2957 Ι
906 2899 1141 2953 fortunam
1164 2899 1206 2942 V
1230 2901 1419 2944 exitium
1443 2899 1514 2943 ed.
1600 2902 1654 2941 29
1686 2899 1908 2955 mugitum
1931 2897 1973 2939 V

284 2962 386 3001 ·tus
418 2957 487 3001 ed.
522 2963 599 3002 -tu
631 2958 700 3002 ed.
727 2960 845 3015 post.
894 2959 898 3016 Ι
950 2972 1147 3003 memora
1170 2957 1212 3001 V
1237 2972 1323 3002 om.
1351 2958 1422 3003 ed.
1547 2961 1602 3001 30
1633 2958 1894 3013 acciperunt
1916 2956 1971 3002 V.
