2050 3226
245 158 357 212 564
718 157 951 202 DONATI
979 157 1261 202 INTERPR.
1285 157 1465 202 VERG.

244 298 410 346 ferior.
496 296 740 347 subicitur
802 296 1059 359 petitionis
1122 297 1322 346 modus:
1392 297 1459 346 da
1506 301 1716 346 sternere
1763 312 1936 359 corpus

245 372 535 432 loricamque
571 387 727 420 manu
762 371 933 419 valida
963 371 1179 419 lacerare
1207 371 1455 420 revulsam
1483 372 1700 420 semiviri
1729 372 1937 434 Phryyis

143 455 227 496 100
245 450 287 494 et
321 446 520 506 foedare
556 447 611 494 in
639 446 843 505 pulvere
882 445 1032 493 crinis
1068 446 1290 494 vibratos.
1321 446 1476 494 calido
1505 447 1637 506 ferro
1674 454 1938 507 murraque

242 521 495 568 madentis,
543 520 734 583 colligit
756 520 1014 581 petitionis
1038 534 1285 567 summam
1313 519 1367 567 in
1390 535 1449 568 ea
1480 519 1709 568 adserens
1736 520 1938 569 difficile

242 610 342 643 non
388 609 492 643 esse
533 593 667 656 quod
708 593 1008 656 postulabat.
1086 593 1213 642 fecit
1250 595 1420 642 autem
1463 594 1579 656 hoc,
1628 595 1803 657 utpote
1850 594 1938 657 qui
1989 607 2009 640 ⁵

242 669 450 731 fureret3
501 670 719 716 ceterum
755 667 903 716 hasta
941 667 1092 716 verba
1129 667 1233 716 eius
1273 683 1363 716 nec
1401 668 1581 716 sentire
1612 670 1812 732 poterat
1848 684 1938 717 nec

244 743 436 802 audire,
490 757 608 790 usus
663 743 738 789 est
790 744 958 790 tamen
1008 741 1260 791 suasoriae
1313 741 1540 804 partibus
1595 742 1758 791 dicens
1814 742 1936 805 quid

244 819 446 878 cuperet
483 816 764 878 provenire:
813 817 1035 878 praesta,
1073 815 1261 878 inquit,
1301 818 1577 865 sternamus
1615 817 1807 866 hostem
1846 832 1936 865 nec

242 893 434 938 metuas
474 907 587 938 eum
618 891 706 951 qui
742 889 879 939 virili
908 906 1111 952 corpore
1151 893 1226 939 est
1265 892 1315 938 et
1346 890 1524 939 animis
1555 890 1761 953 femina3
1801 891 1935 938 deni-

243 981 338 1028 que
378 964 507 1028 gerit
545 964 694 1012 crinis
733 964 966 1012 muliebri
1003 980 1138 1012 more
1177 965 1482 1027 conpositos,
1526 964 1767 1028 crispatos
1806 965 1936 1013 ferro
1968 978 2030 1010 10·

242 1038 476 1087 candenti
529 1041 579 1087 et
622 1038 849 1087 madidos
898 1055 1082 1086 murra.
1158 1039 1413 1087 turbemus
1463 1038 1620 1102 igitur
1669 1038 1803 1102 quod
1851 1039 1935 1087 ille
2023 1040 2026 1041 ⁷

241 1129 353 1161 cum
391 1112 588 1161 feminis
622 1112 809 1176 diligit,
849 1115 1124 1161 sternamus
1165 1129 1339 1175 campo
1371 1113 1520 1161 funus
1560 1113 1664 1162 eius
1696 1116 1747 1161 et
1775 1113 1936 1161 multo

241 1188 444 1250 pulvere
491 1189 747 1250 turpemus
797 1190 1053 1251 unguenta
1099 1189 1149 1236 et
1194 1187 1432 1250 quicquid
1482 1187 1546 1236 ad
1594 1188 1813 1236 virorum
1862 1187 1936 1236 in-

240 1261 444 1310 famiam
485 1276 565 1310 ars
604 1261 879 1310 ludibriosa
919 1263 1180 1324 conposuit
1227 1261 1454 1310 obscuret
1505 1263 1638 1310 terra
1682 1262 1846 1310 tenuis
1887 1266 1938 1309 et

239 1336 427 1383 harena
466 1335 753 1383 confundat.
830 1337 1000 1398 pereat
1050 1337 1129 1383 cui
1179 1335 1409 1398 displicet
1458 1351 1562 1384 esse
1609 1336 1742 1399 quod
1787 1337 1934 1384 natus
1966 1350 2009 1384 15

241 1411 337 1470 est,
375 1413 548 1472 pereat
580 1409 666 1472 qui
696 1426 796 1458 non
828 1425 878 1458 se
910 1411 1074 1459 virum
1105 1411 1242 1473 cupit
1273 1425 1534 1472 apparere,
1567 1410 1654 1458 sed
1687 1409 1935 1471 feminam,

239 1486 412 1546 pereat
450 1483 769 1532 criminosum
816 1484 1037 1532 studium
1088 1484 1223 1546 quod
1273 1487 1446 1532 contra
1490 1486 1723 1532 naturam
1767 1501 1934 1532 rerum

239 1558 439 1619 nititur,
471 1559 531 1606 ut
552 1558 802 1606 maculato
836 1574 951 1606 sexu
985 1574 1131 1621 quem
1161 1557 1363 1621 indigne
1395 1559 1601 1606 sortitus
1627 1560 1702 1606 est
1725 1558 1932 1606 feminas

239 1632 406 1694 potius
446 1633 715 1680 contendat
758 1647 988 1694 superare
1029 1648 1178 1694 quam
1224 1632 1372 1681 viros.
1448 1632 1523 1679 his
1562 1633 1724 1692 ayitur
1760 1632 1934 1692 sumtis.-

241 1706 438 1769 quando
479 1707 611 1754 enim
649 1706 782 1755 sanis
823 1722 926 1755 esse
966 1706 1188 1755 sensibus
1227 1708 1395 1768 posset
1433 1707 1572 1754 cuius
1613 1707 1727 1754 ante
1763 1706 1933 1754 oculos
1965 1721 2009 1754 20

240 1781 407 1829 stabat
444 1781 605 1829 forma
643 1780 848 1844 virginis
900 1782 950 1828 et
993 1795 1161 1829 roseus
1201 1778 1417 1828 candor?
1479 1783 1662 1839 totoque
1701 1780 1934 1839 loquentis

240 1856 301 1903 ab
356 1869 436 1902 ore
480 1855 719 1903 scintillae
765 1855 1028 1903 absistunt:
1089 1854 1338 1902 absistunt
1386 1854 1479 1902 hoc
1529 1856 1604 1902 est
1654 1854 1783 1902 exire
1833 1869 1933 1902 non

240 1930 446 1976 cessant.
510 1929 660 1976 oeulis
689 1930 838 1976 ‘micat
867 1930 1062 1976 aeribus
1091 1929 1244 1989 tynis:
1281 1929 1335 1976 in
1361 1929 1438 1976 his
1471 1929 1615 1992 signa
1645 1929 1744 1976 ista
1776 1927 1935 1977 videri

240 2004 356 2050 sunt
396 2002 543 2050 solita
583 2003 671 2064 qui
709 2005 973 2065 conceptae
1022 2003 1307 2050 iracundiae
1359 2015 1605 2066 congruos
1653 2002 1813 2050 exitus
1858 2002 1931 2050 in-

239 2076 406 2126 venire
444 2092 543 2123 non
573 2079 795 2138 possunt.
848 2077 1060 2137 muyitus
1097 2077 1244 2124 veluti
1275 2091 1384 2124 curm
1410 2077 1627 2137 primum
1664 2077 1717 2123 in
1739 2076 1931 2135 proelia
1963 2089 2006 2122 25

140 2156 222 2196 105
240 2154 413 2198 taurus
451 2151 684 2208 terrificos
730 2152 817 2198 ciet
862 2154 948 2198 aut
991 2151 1143 2198 irasci
1179 2152 1233 2198 in
1279 2165 1464 2198 cornua
1508 2153 1705 2210 temptat
1741 2151 1932 2198 arboris

239 2225 446 2272 obnixus
476 2227 643 2271 trunco
674 2229 927 2284 ventosque
959 2225 1151 2272 lacessit
1178 2226 1351 2273 ictibus
1391 2228 1478 2272 aut
1506 2238 1685 2283 sparsa
1717 2224 1783 2272 ad
1805 2238 1930 2284 puy-

360 2386 385 2423 3
440 2381 710 2438 myrrhaque
765 2380 835 2423 ed.
974 2386 999 2424 6
1052 2381 1237 2434 furebat
1282 2380 1397 2424 edF.
1538 2385 1561 2423 7
1608 2380 1810 2424 suasoris
1857 2379 1927 2422 ed.

241 2445 267 2484 8
311 2441 487 2497 cupiret
523 2439 578 2484 V.
631 2447 634 2496 ᾖ
692 2444 943 2483 sternamus
977 2439 1019 2482 V
1061 2445 1112 2483 ut
1152 2445 1205 2484 st.
1252 2440 1322 2483 ed.
1453 2443 1478 2482 9
1518 2443 1669 2483 metua
1706 2452 1853 2482 secum
1887 2437 1929 2481 V

242 2513 355 2543 corr.
390 2499 460 2542 ed.
513 2498 517 2557 Ι
567 2499 695 2543 virili
726 2497 767 2541 V
806 2499 877 2541 vir
915 2499 985 2541 ed.
1038 2499 1042 2556 Ι
1094 2500 1247 2543 animo
1292 2499 1363 2542 ed.
1497 2501 1553 2541 10
1596 2498 1852 2553 conpositus
1886 2496 1929 2540 V

241 2572 355 2602 corr.
389 2559 458 2602 ed.
509 2558 512 2614 J
563 2559 771 2602 cristatos
802 2555 844 2598 V
880 2570 991 2600 corr.
1027 2558 1142 2601 edF.
1268 2562 1319 2600 11
1360 2557 1561 2601 maditus
1591 2556 1632 2599 V
1665 2569 1777 2599 corr.
1811 2555 1881 2599 ed.

238 2623 472 2673 turpemus
503 2617 588 2670 ed„
622 2616 747 2673 quod
778 2616 902 2659 infra
932 2615 1077 2659 habet
1102 2618 1155 2660 V.
1250 2621 1303 2659 19
1336 2616 1581 2661 contendas
1603 2614 1646 2658 V
1671 2629 1783 2658 corr.
1810 2614 1880 2658 ed.
1921 2662 1923 2672 Χ

239 2678 310 2720 his
340 2678 483 2733 iyitur
514 2677 583 2719 ed..
701 2680 755 2719 21
789 2676 1009 2730 loquentis
1032 2675 1073 2718 V
1098 2676 1168 2720 ed.
1202 2676 1405 2720 ardentis
1428 2675 1565 2731 Verg.
1598 2673 1707 2716 libri
1735 2673 1926 2729 interpr.

240 2735 358 2778 nihil
384 2735 532 2779 docet.
629 2740 683 2778 22
716 2735 936 2779 assistunt
966 2735 1036 2777 ed.
1130 2739 1185 2778 23
1216 2736 1323 2790 post
1354 2739 1530 2778 cessant
1558 2733 1675 2777 haec
1705 2732 1926 2788 interposi.

239 2794 503 2837 Fabricius:
553 2807 695 2848 „nam
745 2793 970 2836 assistunt
1015 2807 1097 2848 pro
1146 2793 1379 2836 absistunt
1425 2792 1643 2836 scribitur
1687 2793 1740 2834 ut
1787 2805 1927 2846 supra

240 2854 488 2908 aliquoties
558 2853 735 2896 sustitit
802 2866 885 2907 pro
955 2851 1201 2895 substitit“
1266 2855 1391 2909 (ergo
1462 2851 1661 2895 asistunt
1726 2849 1927 2894 scribere

243 2911 441 2967 debuit!)
477 2912 644 2955 desunt
674 2912 789 2955 haec
820 2911 870 2954 in
893 2909 1063 2954 VHOU
1089 2912 1188 2955 edI.
1305 2916 1359 2954 26
1392 2916 1548 2955 tauros
1571 2909 1625 2953 V.
1736 2913 1789 2951 27
1823 2923 1926 2954 ven-

241 2977 399 3026 tusque
430 2970 485 3014 V.
