2050 3226
243 177 314 230 66
716 175 950 220 DONATI
978 176 1259 221 INTERPR.
1284 176 1464 221 vnne.

243 314 428 378 quippe
472 331 572 364 non
617 317 815 364 tantum
853 318 1156 379 spernuntur
1193 331 1333 365 senes
1372 318 1660 380 contemptu
1696 318 1929 366 iuvenum

241 406 414 438 verum
452 391 605 438 etiam
641 389 890 452 ridentur,
929 406 985 438 eo
1023 389 1183 454 magis
1221 391 1275 438 in
1313 390 1565 453 praesenti
1593 392 1814 456 negotio,
1845 392 1934 440 ubi

241 464 422 511 mulier
469 464 833 513 interveniebat
881 467 932 513 et
981 480 1128 525 anus,
1176 465 1316 512 cuius
1357 466 1407 512 et
1445 466 1582 513 aetas
1622 466 1788 514 Turno
1835 466 1932 516 dis-

241 537 460 600 plicebat
499 539 548 586 et
586 553 744 587 sexus.
821 539 891 587 sic
930 554 1047 602 ergo
1086 537 1267 601 incipit
1303 538 1464 601 loqui:
1512 539 1683 587 classis
1719 541 1934 588 invectas
2047 556 2050 601 4

243 611 504 673 Thybridis
533 612 735 669 undam,
769 611 955 674 classis,
985 612 1166 674 inquit,
1189 614 1243 660 in
1267 611 1534 675 Thybridis
1564 613 1736 662 undas
1753 616 1935 675 vectaS‚
1990 627 2009 661 5
2048 622 2050 658 1

166 706 170 709 ¹
239 684 382 747 [non,
413 689 468 733 ut
495 701 615 743 rere,
646 685 810 748 meas]
849 687 1015 747 effuyit
1043 687 1246 734 nuntius
1278 687 1443 734 auris:
1488 702 1588 749 res,
1621 687 1714 749 ait,
1745 690 1933 737 veteres

243 775 333 822 pro
385 761 525 808 novis
572 763 622 808 et
667 761 789 808 olim
833 761 957 808 mihi
1000 761 1224 824 cognitas
1266 760 1503 823 attulisti3
1553 761 1759 810 nuntius
1803 763 1935 810 enim

246 833 312 882 ad
350 835 483 882 auris
522 849 656 882 meas
696 833 884 882 dudum
931 834 1103 883 attulit
1141 837 1190 882 et
1227 835 1419 884 venisse
1458 836 1600 884 navis
1641 837 1691 884 et
1726 835 1935 885 fluvium

241 907 481 970 Thybrim
526 908 788 971 ingressas.
864 923 924 956 ne
970 911 1128 956 tantos
1173 909 1293 955 milii
1334 910 1463 992 finye
1499 914 1676 957 metus:
1729 909 1935 972 proinde

241 997 376 1030 03333
425 983 607 1030 terrere
657 982 783 1030 nihil
831 984 1146 1030 metuentem.
1234 997 1321 1030 nec
1356 983 1493 1043 rcyia
1531 983 1663 1031 Iuno
1701 985 1936 1032 inmemor
1968 1000 2011 1032 10

241 1059 309 1103 est
338 1057 515 1104 nostri:
552 1073 669 1104 nam
701 1058 751 1104 et
779 1056 1020 1104 Iunonem
1051 1056 1276 1120 reginam
1306 1072 1406 1104 non
1436 1057 1754 1105 inmemorem
1777 1057 1937 1106 nostri

241 1129 334 1177 scis
374 1132 425 1178 et
464 1129 880 1193 quemadmodum
918 1131 1075 1192 partis
1110 1145 1246 1178 meas
1278 1131 1688 1193 commodumque
1718 1134 1935 1180 tueatur.

136 1218 223 1259 440
239 1204 325 1251 sed
373 1207 415 1251 te
463 1205 591 1252 victa
640 1205 738 1251 situ
785 1203 1008 1265 [verique
1054 1206 1193 1263 effeta
1239 1208 1475 1261 3311331113,
1524 1220 1550 1252 0
1595 1209 1764 1262 mater,
1805 1207 1936 1253 curis

239 1279 559 1338 nequicquam
597 1277 805 1339 exercet]
814 1296 830 1325 .·
867 1279 993 1326 311113
1034 1281 1109 1326 331
1140 1279 1389 1341 corruptio
1430 1295 1488 1326 ex
1526 1295 1699 1327 umore
1739 1282 1790 1328 et
1828 1279 1936 1328 diu-

238 1351 479 1400 turnitate
545 1354 820 1413 contracta,
887 1353 1018 1414 quod
1072 1352 1339 1401 deteriores
1394 1353 1523 1401 fiunt
1587 1354 1774 1415 species
1835 1369 1935 1401 uno
1969 1369 2010 1402 15

238 1426 347 1474 loco
397 1427 446 1474 et
491 1426 683 1488 prolixo
728 1428 949 1488 tempore
993 1427 1307 1475 constitutae.
1386 1428 1459 1474 ita
1498 1428 1548 1475 et
1585 1427 1712 1475 hanc
1750 1428 1936 1476 victam

239 1499 339 1547 situ
389 1499 578 1562 posuit,
626 1502 773 1563 quasi
819 1516 946 1562 quae
993 1501 1128 1548 senio
1177 1503 1306 1549 esset
1344 1502 1393 1548 et
1430 1501 1558 1548 nihil
1597 1501 1791 1564 agendo
1831 1517 1934 1549 cor-

238 1575 404 1636 rupta.
494 1573 585 1634 sic,
634 1574 820 1636 inquit,
872 1576 990 1622 sunt
1043 1589 1205 1636 senes3
1259 1590 1376 1622 nam
1425 1575 1518 1622 hoc
1567 1575 1668 1623 illis
1719 1576 1934 1637 speciale

238 1647 418 1695 vitium
450 1650 545 1709 est,
585 1648 770 1696 nescire
803 1648 927 1710 quid
958 1650 1112 1711 agant
1147 1648 1328 1710 quidve
1359 1649 1645 1711 loquantur.
1709 1665 1736 1697 0
1775 1651 1936 1697 mater

240 1721 414 1770 inrisio
449 1723 524 1770 est
556 1723 750 1784 aperta3
789 1738 906 1770 nam
937 1722 1202 1784 primaevis
1234 1722 1478 1770 familiare
1511 1725 1587 1771 est
1617 1738 1755 1771 senes
1783 1725 1932 1771 teme·
1966 1738 2010 1770 20

236 1811 347 1843 rare
386 1795 585 1844 iniuria.
646 1796 803 1860 igitur
840 1795 1128 1859 religiosum
1167 1813 1346 1844 nomen
1385 1797 1560 1844 matris
1594 1796 1843 1858 adiunxit,
1874 1800 1930 1845 ut

237 1870 328 1916 illa
381 1871 544 1917 minus
597 1871 818 1933 graviter
869 1870 1040 1930 ferret,
1090 1870 1221 1917 unde
1271 1870 1431 1918 multo
1484 1871 1646 1918 acrius
1700 1873 1934 1933 potuerat

238 1945 550 1992 commoveri.
637 1944 867 2006 probatio
919 1944 1213 1992 adsertionis
1266 1944 1423 1991 Turni
1477 1961 1535 1991 ex
1591 1945 1933 2006 praesentibus

237 2020 438 2079 sumpta
490 2017 715 2066 subiecta
768 2020 856 2066 est.
947 2017 1033 2065 sed
1085 2019 1135 2065 te
1189 2018 1322 2066 victa
1376 2019 1474 2066 situ
1529 2020 1731 2082 verique
1788 2019 1932 2067 effeta

237 2093 485 2152 senectus,
540 2107 567 2139 0
621 2095 800 2153 mater,
862 2093 991 2139 curis
1054 2093 1388 2154 nequicquam
1443 2095 1634 2141 exercet
1695 2096 1738 2140 ct
1790 2107 1931 2141 arma
1965 2106 2007 2139 25

234 2179 402 2225 reyum
454 2166 580 2212 inter
631 2166 767 2225 falsa
819 2169 977 2213 vatem
1028 2166 1290 2224 formidine
1346 2167 1492 2214 ludit:
1553 2169 1775 2215 senectus
1826 2169 1930 2227 tua,

234 2239 424 2301 inquit,
483 2238 641 2287 nescit
699 2255 918 2303 congrua
980 2240 1394 2302 conpetentiaque
1455 2240 1658 2300 sectari,
1721 2239 1929 2301 denique

356 2400 378 2438 1
413 2400 637 2439 contemtu
667 2396 882 2438 iuvenum
915 2394 956 2436 V
988 2397 1230 2451 contempti
1261 2410 1290 2439 a
1321 2395 1560 2439 iuvenibus
1591 2395 1662 2438 ed.
1764 2400 1791 2437 4
1823 2398 1928 2449 post

236 2455 361 2510 loqui
392 2453 602 2509 sequitur
632 2455 788 2498 classis
817 2455 1017 2498 invectas
1047 2455 1242 2511 tybridis
1271 2455 1445 2498 uoidam
1485 2454 1744 2498 atramento
1785 2454 1928 2509 scrip„

235 2515 358 2567 tum,
397 2515 498 2556 tum
536 2512 675 2556 rubro
717 2511 868 2555 colore
911 2514 1070 2556 classis
1108 2515 1260 2569 inquit
1292 2514 1344 2556 in
1375 2513 1569 2569 tybridis
1598 2513 1751 2556 umdas
1780 2519 1929 2557 vectas

235 2573 395 2629 effuyit
433 2573 627 2616 nuntius
669 2573 799 2616 auris
835 2570 888 2614 V:
935 2574 1005 2615 est
1037 2585 1145 2628 ergo
1178 2572 1305 2627 prior
1335 2585 1442 2626 pars
1474 2571 1666 2624 lemma,
1699 2572 1929 2626 posterior

234 2631 558 2687 interpretatio
606 2645 710 2674 cum
758 2631 992 2686 sequentis
1039 2631 1271 2674 lemmatis
1315 2630 1598 2686 fragmento,
1644 2631 1926 2685 permutatis

235 2703 291 2733 ex
331 2692 465 2746 parte
509 2689 762 2734 coloribus:
805 2690 1036 2744 posterius
1081 2689 1250 2732 lemma
1293 2688 1485 2744 explevi.
1618 2694 1643 2732 6
1683 2695 1855 2733 vestras
1885 2689 1928 2732 V

233 2751 347 2793 istas
371 2749 474 2793 edF
505 2755 670 2794 veteres
693 2762 789 2791 1103.
882 2753 905 2790 7
932 2754 973 2792 et
996 2762 1083 2791 om.
1110 2750 1216 2792 olim
1239 2749 1351 2793 mihi
1373 2749 1578 2804 coynitas
1600 2750 1826 2803 transpos.
1854 2748 1925 2791 ed.

236 2812 260 2849 9
295 2809 459 2865 tybrim
491 2808 545 2853 V.
640 2813 692 2851 12
725 2808 813 2851 scis
835 2806 878 2850 V
907 2808 999 2851 scio
1032 2807 1102 2850 ed.
1140 2808 1144 2865 Ι
1179 2808 1318 2861 factis
1346 2821 1469 2851 meas
1495 2805 1536 2849 V
1565 2807 1693 2860 facta
1722 2821 1821 2850 mea
1853 2807 1924 2850 ed.

228 2868 380 2921 partis
410 2882 533 2912 meas
563 2881 658 2911 nos.
757 2870 809 2909 13
841 2867 1087 2921 331111113-
1116 2871 1171 2909 14
1203 2871 1374 2910 exercet
1404 2865 1570 2908 addidi
1602 2865 1659 2908 cf.
1694 2865 1755 2907 ad
1789 2870 1828 2918 1,
1855 2870 1924 2909 25.

236 2931 289 2968 15
316 2927 434 2981 quod
450 2925 492 2969 V
516 2940 601 2983 quo
626 2926 697 2970 ed.
782 2928 838 2968 20
863 2930 1021 2969 temere
1043 2925 1246 2969 iniuriae
1262 2924 1304 2967 V
1327 2925 1519 2968 irridere
1544 2923 1614 2968 ed.
1701 2929 1756 2967 22
1774 2926 1927 2979 potuit

234 2984 304 3027 ed.
384 2989 438 3027 25
466 2990 507 3029 et
530 2987 636 3040 post
661 2989 830 3030 exercet
854 2998 941 3027 om.
959 2983 1013 3027 V.
1094 2989 1147 3027 27
1175 2985 1541 3040 conpetentiaque
1557 2983 1599 3027 V
1620 2987 1662 3027 et
1684 2996 1824 3039 comp.
1853 2983 1922 3026 ed.
