2050 3226
741 142 1046 187 AENEmos
1069 141 1177 187 vm
1703 146 1808 200 133

121 283 418 334 securitate?
500 283 740 345 eyredere,
780 297 807 330 ο
845 283 1129 342 quicumque
1167 295 1236 338 eS,
1278 282 1371 329 ait:
1417 282 1712 345 quicumque
1759 298 1810 333 es

121 359 186 407 ad
222 373 401 406 nomen
437 357 667 419 hominiS,
704 372 804 404 non
843 355 908 404 ad
945 355 1188 420 originem
1224 355 1422 404 rettulit
1459 356 1635 420 gentiS.
1710 358 1811 406 iam

121 433 252 480 enim
285 431 420 494 quod
449 431 693 480 Troianus
725 432 855 479 esset
883 431 1092 479 noverat
1112 429 1297 478 Pallas.
1351 444 1606 490 coramque
1631 446 1811 491 pareu-

120 510 213 554 tem
250 506 530 566 adloquere:
569 508 620 554 et
658 505 791 567 quod
827 505 952 552 mihi
991 504 1112 553 dicis
1151 519 1318 552 coram
1355 505 1486 552 refer
1522 505 1657 567 patri
1686 521 1811 554 mec.

16 611 19 634 :
69 596 90 630 5
121 581 340 629 servavit
369 596 619 628 summum
647 578 890 627 iudicium
921 580 972 626 et
1000 579 1136 641 patri
1166 580 1218 627 et
1246 578 1368 642 regi,
1399 595 1461 627 ne
1491 578 1597 642 ipse
1628 581 1812 627 temere

16 651 22 658 ’
121 654 315 718 aliquid
351 655 666 717 promitteret
705 655 793 702 aut
829 655 1048 716 negaret.
1118 667 1177 701 ac
1213 654 1393 700 uostris
1430 653 1627 701 succede
1656 668 1812 714 pena-

120 729 248 776 tibus
278 729 473 788 hospes:
502 728 631 790 veni,
661 727 840 790 inquit,
874 726 938 774 ad
969 726 1172 774 domum
1201 728 1426 775 nostram
1455 727 1563 775 iure
1585 727 1813 791 hospitis,

121 817 229 850 ecce
269 802 404 865 quod
448 802 498 850 in
546 803 794 865 potestate
842 817 946 850 esse
987 801 1092 850 eius
1130 802 1301 864 potuit
1339 802 1546 863 obtulit,
1586 802 1812 850 humani·

119 878 277 925 tatem
327 876 556 940 hospitii,
608 877 839 924 adserens
889 876 1068 924 melius
1119 890 1223 924 esse
1270 877 1328 923 ut
1366 891 1493 938 quae
1530 875 1814 924 mandanda

8 943 19 1011 [t
47 965 90 999 ιο
119 950 313 999 Aeneas
354 950 631 999 crediderat
668 951 820 998 ferret
866 951 971 1012 ipse
1018 965 1109 1012 per
1153 965 1219 998 se.
1295 950 1486 998 interea
1533 966 1644 998 cum
1693 950 1815 999 dicit

0 1010 1 1031 ¹
118 1027 176 1074 tu
214 1025 417 1088 loquere
457 1041 568 1073 cum
606 1027 748 1088 patre
787 1039 919 1085 me0,
964 1023 1096 1087 regis
1136 1039 1187 1072 se
1233 1023 1393 1071 filium
1440 1024 1814 1074 demonstravit.

120 1101 390 1160 excepitque
419 1114 587 1156 mauu,
622 1099 810 1147 scilicet
841 1097 1216 1146 descendentem
1248 1098 1307 1145 de
1339 1099 1473 1160 navi,
1504 1099 1816 1158 dextramque

121 1174 373 1234 amplexus
395 1174 628 1221 inhaesit:
655 1174 779 1221 haec
802 1173 934 1221 enim
958 1174 1075 1220 sunt
1098 1173 1242 1236 signa
1274 1173 1324 1220 et
1352 1172 1566 1236 pignora
1597 1174 1814 1222 sociatae

122 1247 392 1309 amicitiae,
429 1248 632 1311 iungere
672 1248 947 1307 dexteram,
980 1246 1066 1295 sed
1095 1246 1457 1310 benignitatem
1488 1248 1681 1296 meritis
1714 1264 1815 1296 am-

48 1335 90 1369 15
119 1322 355 1384 plexuum
392 1321 634 1385 religione
671 1320 861 1369 testari.
915 1321 1165 1382 proyressi
1201 1321 1411 1368 subeunt
1447 1321 1551 1369 luco
1589 1323 1817 1380 fluvium-
1834 1331 1918 1371 125

122 1410 210 1455 que
239 1396 542 1455 relinquamt:
581 1411 872 1444 conversum
904 1395 1000 1443 erit
1028 1394 1235 1457 rectius3
1273 1411 1390 1443 nam
1421 1396 1582 1458 primo
1614 1395 1816 1444 relictus

121 1471 196 1518 est
243 1469 447 1532 fluviuS,
498 1470 711 1518 secundo
762 1472 964 1518 ventum
1016 1468 1080 1517 ad
1125 1469 1314 1517 lucum:
1359 1471 1418 1518 ut
1464 1471 1531 1518 sit
1567 1470 1819 1535 progressi

118 1544 412 1607 relinquunt
447 1544 658 1594 fiuvium
698 1546 748 1592 et
785 1543 999 1592 subeunt
1035 1543 1164 1592 luco.

241 1619 369 1666 Tum
406 1633 564 1679 reqem
602 1617 799 1667 Aeneas
837 1618 978 1666 dictis
1010 1618 1216 1678 adfatur
1247 1618 1441 1666 amicis:
1480 1618 1685 1666 Aenean
1717 1634 1817 1667 non

48 1705 92 1738 20
121 1692 306 1741 fecerat
342 1693 583 1740 humilem
621 1708 772 1741 causa
809 1707 899 1740 nec
938 1708 998 1740 ex
1036 1708 1092 1740 eo
1134 1692 1251 1754 quia
1290 1692 1494 1755 petebat
1524 1693 1714 1741 auxilia
1741 1692 1818 1741 in-

121 1767 354 1815 feriorem
415 1783 465 1816 se
526 1767 770 1830 praebuit.
860 1782 947 1814 rex
1006 1766 1166 1830 igitur
1226 1782 1340 1815 cum
1391 1784 1508 1830 rege
1570 1767 1818 1816 familiare

122 1840 362 1902 loquendi
411 1842 667 1889 exordium
712 1840 928 1903 sumpsit
973 1857 1033 1888 ea
1077 1840 1258 1888 fiducia
1304 1841 1483 1889 mentis
1533 1857 1590 1889 ac
1629 1841 1817 1904 simpli-

125 1914 275 1962 citate
305 1916 536 1977 pectoris,
559 1917 619 1963 ut
643 1916 859 1963 amicum
883 1931 933 1963 se
956 1915 1149 1964 venisse
1174 1915 1452 1964 evidentius
1477 1916 1818 1978 conprobaret.

124 1989 297 2049 optime
323 1988 682 2051 Gratucenum,
716 1990 797 2037 cui
828 2003 903 2037 me
931 1989 1135 2048 fortuna
1155 1991 1357 2049 precari
1388 1993 1432 2038 et
1459 1991 1580 2038 vitta
1611 1994 1820 2051 comptos

50 2075 92 2107 2⁵
123 2063 273 2110 voluit
311 2064 630 2123 praetendere
670 2078 860 2112 ramos:
904 2063 1026 2111 haec
1073 2065 1234 2112 oratio
1274 2064 1396 2112 satis
1438 2064 1706 2113 artificiosa
1745 2066 1820 2113 est

124 2138 347 2200 satisque
403 2137 613 2187 subtilis.
710 2137 887 2185 laudat
939 2139 1071 2185 enim
1125 2154 1237 2186 eum
1291 2153 1321 2185 a
1376 2154 1475 2200 quo
1528 2139 1820 2187 beneficium

123 2212 291 2259 fuerat
327 2213 576 2275 petiturus
617 2213 668 2259 et
703 2211 988 2260 benivolum
1026 2212 1151 2260 facit
1188 2212 1393 2261 dicendo
1427 2213 1611 2275 optime
1644 2212 1820 2261 Graiu-

125 2301 329 2349 genum,
379 2288 439 2333 ut
485 2285 714 2334 omnibus
754 2284 953 2334 Graecis
1000 2287 1108 2349 ipse
1146 2287 1325 2334 melior
1361 2286 1625 2335 videretur.
1702 2304 1820 2335 nam

124 2358 238 2407 inde
289 2361 529 2422 optimus,
582 2359 715 2422 quod
765 2361 894 2408 esset
941 2359 1174 2408 fortunae
1224 2361 1442 2410 melioris
1494 2378 1552 2409 ex
1591 2377 1647 2410 eo
1688 2361 1820 2423 quod

52 2444 96 2477 30
125 2434 329 2481 Aenean
362 2434 635 2497 supplicem
666 2433 870 2482 videret.
927 2434 1013 2482 sed
1050 2435 1172 2483 haec
1211 2435 1416 2498 obliqua
1457 2437 1533 2484 est
1571 2436 1819 2498 querella3

126 2523 242 2555 nam
290 2508 543 2556 subtiliter
586 2508 784 2556 incusat
821 2506 1078 2556 inimicum
1117 2509 1346 2558 fortunae
1392 2509 1651 2571 iudicium,
1693 2524 1818 2572 quae

130 2580 316 2630 Graeco
377 2583 569 2631 homini
623 2582 883 2631 addixerat
936 2582 1191 2631 Romanae
1253 2583 1509 2632 felicitatis
1550 2586 1819 2632 auctorem.

128 2655 275 2705 simul
325 2656 510 2704 adserit
559 2672 707 2705 suum
756 2656 916 2704 fatum
967 2672 1070 2705 esse
1121 2657 1460 2718 deterrimum,
1509 2674 1605 2719 quo
1644 2657 1697 2704 in
1736 2673 1818 2706 eas

129 2731 386 2793 angustias
428 2731 629 2778 ductum
669 2733 758 2791 est,
797 2731 854 2777 ut
893 2729 939 2777 ei
978 2732 1066 2794 qui
1105 2734 1233 2780 esset
1272 2748 1330 2779 ex
1369 2730 1557 2795 origine
1597 2731 1818 2779 hostium

248 2845 274 2884 2
307 2841 369 2884 ad
398 2843 580 2886 nomine
602 2841 656 2884 V.
743 2847 769 2885 4
801 2847 842 2885 et
864 2843 984 2897 quod
1006 2842 1049 2886 V
1073 2847 1116 2886 et
1138 2856 1226 2886 om.
1253 2842 1323 2886 ed.
1411 2847 1464 2885 12
1497 2843 1753 2898 excepitque
1776 2842 1819 2886 V

129 2901 384 2955 accepitque
433 2901 503 2944 ed.
651 2906 704 2945 13
752 2902 949 2945 sociatae
973 2927 1028 2934 —
1060 2906 1113 2945 15
1154 2903 1311 2946 testari
1355 2902 1530 2945 temere
1583 2903 1697 2944 mut.
1745 2902 1816 2947 ed.

132 2961 186 3000 32
217 2972 375 3015 yraeco
405 2960 578 3004 homiui
600 2959 642 3003 V
677 2961 902 3005 Graecum
933 2960 1004 3005 ed.
1105 2965 1159 3003 33
1191 2961 1365 3015 factum
1389 2959 1430 3003 V
1455 2960 1525 3004 ed.
1624 2965 1680 3004 34
1710 2961 1819 3006 duc-
