2050 3226
1 208 33 662 ξ

68 582 88 616 5

45 958 88 990 10

45 1328 86 1361 15

44 1698 87 1731 20

42 2068 84 2101 25

42 2436 85 2470 30

766 133 1071 178 AENmDos
1102 133 1165 178 1x
1705 137 1813 191 209

122 275 362 324 sidiarum
407 290 590 339 genera
627 273 818 322 decimo
856 273 939 323 vix
985 289 1115 333 anno
1162 273 1392 323 obtinere
1430 274 1719 336 valuerunt,
1766 277 1815 324 et

121 349 234 411 hoc,
291 350 411 412 quia
458 348 728 398 intervenit
777 363 895 397 casu
934 363 1068 396 mors
1110 347 1360 411 HectoriS,
1414 349 1501 410 qui
1550 364 1633 397 eos
1683 365 1813 398 unus

120 422 312 471 tamdiu
358 423 606 486 inpedivit
651 424 702 471 et
747 422 959 471 distulit.
1027 438 1086 470 ex
1130 437 1345 485 persona
1389 422 1548 487 igitur
1584 422 1814 471 Hectoris

121 497 259 546 cuius
290 497 396 546 vita
424 498 592 546 tenuit
613 497 828 545 Teucros
861 499 1106 559 quantum
1138 512 1253 546 suos
1283 497 1479 558 refecit,
1510 512 1623 545 cum
1654 500 1816 546 osten-

121 571 196 620 dit
232 571 455 634 potnisse
494 571 735 620 Troianos
774 570 1018 620 maturius
1064 574 1184 619 tunc
1228 572 1527 634 penitusque
1575 571 1815 634 superari,

119 647 163 694 si
193 645 380 694 Hector
407 646 536 694 inter
563 645 712 693 initia
742 644 1022 694 defecisset!
1061 659 1194 694 nunc
1222 645 1356 702 ade0,
1387 645 1557 693 melior
1586 645 1816 706 quoniam

111 733 238 779 pars
277 723 387 768 acta
432 720 529 768 diez·
574 723 665 768 est.-
715 736 773 768 ex
820 735 876 768 eo
925 719 1061 782 quod
1111 719 1335 782 quolibet
1383 735 1561 783 genere
1611 719 1816 783 navigia

120 793 322 842 Troiani
359 793 703 856 perdiderant,
750 793 878 842 dixit
914 793 1060 842 illum
1099 793 1230 842 diem
1275 794 1481 855 festum,
1529 793 1661 856 quod
1708 795 1813 842 eius

117 882 232 930 pars
270 869 467 916 tantam
497 868 744 917 laetitiam
774 869 1063 931 peperisset.
1125 869 1252 927 quod
1289 871 1519 928 superest,
1554 868 1668 916 laeti
1699 869 1815 916 bene

113 943 261 1003 pestis
298 956 502 1003 corpora
530 943 676 990 rebus
699 945 981 1002 procurate,
1021 943 1139 999 viri,
1180 946 1223 990 et
1244 957 1470 1004 pugnam
1499 945 1690 1001 sperate
1720 956 1815 1002 pa·

116 1017 247 1064 rari:
284 1033 461 1078 unum,
499 1016 687 1079 inquit,
726 1016 1010 1065 faciendum
1038 1019 1219 1078 restat,
1256 1018 1336 1078 ut,
1376 1018 1496 1079 quia
1526 1016 1693 1065 omnia
1723 1032 1813 1079 pro

117 1090 377 1139 voluntate
400 1094 750 1154 provenerunt,
780 1090 1014 1139 reficiatis
1046 1092 1213 1140 vestra
1245 1106 1454 1154 corpora
1485 1107 1598 1139 cum
1629 1091 1813 1154 gaudio

117 1165 225 1227 spei
262 1164 480 1214 melioris
526 1167 576 1214 et
621 1165 812 1214 animos
859 1167 1049 1214 vestros
1095 1165 1360 1213 inminenti
1405 1167 1507 1213 iam
1555 1165 1814 1213 certamini

117 1240 440 1302 praeparetis.

235 1313 434 1362 Interea
484 1313 687 1374 viqilwm
740 1313 953 1362 eoecubiis
1005 1313 1222 1361 obsidere
1261 1316 1438 1373 portas
1492 1328 1613 1362 eura
1667 1313 1814 1361 datur
1833 1322 1917 1362 160

115 1387 351 1448 Messapo
398 1391 442 1435 et
476 1388 670 1435 moenia
707 1388 895 1449 cinyere
924 1388 1164 1446 flammis:
1200 1387 1526 1435 recedendum
1557 1388 1814 1451 paulisper

116 1461 283 1510 fuerat
326 1461 700 1510 reficiendorum
746 1477 1008 1524 corporum
1055 1477 1228 1510 causa:
1276 1461 1448 1510 debuit
1493 1477 1606 1510 cum
1647 1477 1812 1510 neces-

117 1536 250 1584 saria
296 1535 619 1598 dispositione
667 1535 876 1598 discedi,
929 1552 990 1584 ne
1037 1536 1209 1599 aliquo
1257 1551 1375 1585 casu
1422 1537 1688 1585 evaderent
1727 1535 1813 1598 qui

115 1609 414 1658 tenebantur
450 1611 648 1659 inclusi.
725 1610 844 1659 data
883 1612 959 1658 est
998 1611 1158 1674 igitur
1201 1610 1430 1673 Messapo
1478 1626 1597 1659 cura
1641 1611 1812 1659 huius-

115 1683 273 1746 modi,
318 1686 378 1732 ut
422 1683 659 1748 vigilibus
707 1686 757 1733 et
801 1684 991 1749 vigiliis
1038 1685 1308 1734 custodiret
1351 1687 1524 1747 portas
1564 1686 1614 1733 et
1652 1684 1812 1732 omnis

117 1757 445 1806 Troianorum
461 1759 746 1808 observaret
761 1774 1003 1823 egressus,
1019 1775 1185 1808 muros
1203 1774 1320 1808 vero
1345 1760 1566 1823 cingeret
1583 1758 1810 1807 flammis.

116 1832 294 1894 incipit
317 1833 474 1881 dicere
499 1833 640 1895 quali
663 1833 988 1896 dispositione
1019 1834 1157 1882 iussa
1188 1833 1512 1882 curabantur:
1538 1834 1611 1882 bis
1634 1836 1812 1894 septem

116 1906 299 1954 Rutulo
344 1922 510 1955 muros
555 1909 639 1967 qui
689 1909 840 1955 milite
884 1911 1075 1956 servent
1118 1908 1304 1969 delecti,
1351 1911 1429 1956 ast
1471 1908 1582 1956 illos
1628 1909 1811 1955 centeni

116 1994 346 2040 quemque
397 1982 547 2029 secuti
591 1983 836 2042 purpurei
889 1983 1049 2030 cristis
1094 1983 1294 2030 iuvenes
1340 1996 1556 2042 auroque
1601 1983 1787 2030 corusci
1795 1999 1811 2029 .·

116 2054 280 2113 electi,
310 2056 499 2118 inquit,
530 2055 729 2103 fuerant
752 2056 1151 2119 quattuordecim
1181 2056 1268 2119 qui
1300 2056 1517 2104 centenis
1549 2055 1808 2105 iuvenibus

115 2131 278 2178 essent
306 2130 582 2192 praepositi
609 2129 842 2178 instructi
873 2132 1023 2179 armis
1057 2133 1107 2178 et
1135 2131 1189 2178 in
1218 2131 1326 2193 ipso
1359 2146 1610 2179 armorum
1632 2129 1810 2178 habitu

115 2202 236 2252 satis
276 2219 520 2266 superque
559 2204 823 2267 perspicui.
900 2204 1162 2253 ordinatur
1200 2220 1370 2254 sensus
1411 2206 1504 2253 sic:
1551 2204 1697 2253 electi
1733 2204 1808 2252 bis

114 2280 303 2340 septem
342 2279 429 2344 qui
459 2278 647 2326 Rutulo
687 2278 846 2327 milite
887 2281 1084 2328 servent
1120 2294 1303 2327 muros
1364 2279 1647 2327 discurrunt
1677 2279 1809 2326 vari-

115 2355 290 2411 antque
319 2353 470 2400 vices:
508 2351 579 2400 sic
618 2353 750 2400 enim
780 2352 967 2417 vigiliis
1007 2353 1288 2402 exercendis
1329 2353 1500 2401 durari
1538 2352 1808 2413 consuevit,

115 2425 231 2473 dum
269 2427 490 2474 vicissim
519 2426 776 2490 vigilando
815 2428 975 2475 noctis
1013 2427 1314 2491 transigitur
1343 2429 1554 2490 tempus,
1614 2427 1809 2487 fusique

106 2514 199 2559 per
227 2500 426 2548 herbam
455 2501 708 2562 indulyent
737 2502 849 2549 vireo
891 2505 933 2549 et
963 2505 1154 2549 vertunt
1192 2505 1409 2550 crateras
1455 2516 1626 2550 aereos:
1671 2501 1808 2549 velut
1826 2509 1910 2548 165

114 2572 172 2621 de
204 2575 534 2637 prosperitate
566 2576 722 2624 securi
753 2591 851 2624 non
881 2575 1157 2624 reficiendis
1190 2575 1494 2638 corporibus,
1527 2578 1587 2623 ut
1610 2575 1806 2622 Turnus

113 2648 459 2710 mandaverat,
507 2649 592 2697 sed
640 2649 900 2698 onerandis
946 2650 1062 2698 vino
1110 2653 1261 2712 atque
1302 2649 1564 2698 obruendis
1606 2664 1806 2710 operam

234 2779 288 2818 10
313 2777 477 2831 parati
506 2775 578 2820 ed.
683 2781 735 2819 11
769 2781 821 2820 ut
851 2778 962 2832 quia
983 2775 1026 2819 V
1056 2781 1109 2820 ut
1140 2776 1200 2819 ad
1231 2777 1447 2830 reficiatis
1476 2777 1705 2830 transpos.
1732 2774 1802 2818 ed.

117 2837 171 2876 14
205 2836 497 2890 praeparatis
526 2834 568 2878 V
600 2848 714 2879 corr.
748 2835 820 2879 ed.
945 2839 998 2879 16
1030 2837 1214 2891 flamma
1242 2835 1296 2888 V,
1331 2835 1410 2878 sed
1443 2834 1565 2877 infra
1595 2836 1804 2890 flammis,

116 2892 238 2946 quod
270 2892 406 2949 Verg.
439 2893 550 2937 libri
580 2893 769 2938 habent.
886 2898 940 2938 18
973 2895 1196 2938 discedere
1228 2895 1297 2938 ed.
1411 2898 1466 2936 23
1499 2894 1689 2948 Rutuli,
1722 2893 1803 2938 sed

115 2949 163 2992 in
193 2951 383 3007 interpr.
409 2954 586 2998 Rutulo
610 2953 651 2997 V
674 2954 762 3008 ed.,
794 2953 918 3009 quod
951 2953 1065 2997 Don.
1100 2953 1268 3010 legisse
1300 2953 1393 2996 iam
1427 2953 1640 3008 Hoppius
1670 2951 1801 2996 vidit.

202 3040 298 3073 Don.
314 3041 470 3080 interpr.
484 3043 597 3084 Verg.
620 3043 695 3075 vol.
712 3043 763 3075 11.
1482 3047 1534 3084 14
