2050 3226
749 141 1054 188 AENEmos
1078 142 1187 187 vm
1714 145 1819 200 175

126 284 264 332 tollit
299 284 353 332 in
391 283 517 332 altos
548 282 737 331 Idaliae
774 283 911 332 lucos
921 281 971 331 “2
1009 283 1254 347 gremium
1285 282 1411 330 dixit
1442 285 1654 332 stratum
1687 284 1822 347 quod

126 359 394 421 paraverat
446 357 741 420 dormitur-03
792 357 915 406 item
968 350 1043 423 (1,
1069 349 1201 422 717)
1255 357 1413 418 „haec
1467 358 1647 419 oculis,
1699 359 1821 407 haec

126 433 324 494 pectore
374 432 481 480 toto
529 431 702 480 haeret
751 433 801 479 et
848 431 1100 479 interdum
1145 430 1332 495 gremio
1382 430 1570 493 fovet“,
1615 432 1709 480 hoc
1747 434 1822 480 est

126 505 284 554 reficit
328 506 440 554 sinu
491 506 638 567 quasi
687 522 801 553 eum
851 505 941 568 qm'
988 504 1198 568 pedibus
1249 506 1352 553 suis
1401 506 1708 567 pervenisset
1758 506 1822 554 ad

77 594 96 627 5
126 582 339 643 patrem3
380 581 430 628 et
469 573 567 646 (ge.
602 581 650 641 2,
677 573 809 645 326)
860 579 1123 643 „coniugis
1160 580 1215 627 in
1253 579 1497 643 gremium
1537 580 1699 628 laetae
1742 580 1822 628 de-

127 652 367 715 scendit“‚
403 650 537 716 quia,
570 669 683 702 cum
712 654 859 717 pluit,
890 653 1074 717 excipit
1102 655 1238 702 terra
1269 653 1507 717 quicquid
1538 653 1598 702 de
1629 669 1821 702 summo

127 727 445 778 descenderit.
523 743 631 776 ecee
681 730 732 776 et
779 728 860 776 hic
910 727 1136 792 coniugis
1182 727 1234 775 in
1286 727 1532 792 gremium
1579 731 1824 776 memorat

125 802 349 850 infusum
386 801 688 863 Vulcanum,
738 802 832 850 hoc
882 804 958 851 est
1005 804 1170 851 totum
1218 803 1497 864 proiectum
1545 802 1597 850 in
1643 817 1821 866 corpus

124 877 306 925 uxoris.
362 876 484 925 bene
521 877 694 939 posuit
729 875 953 925 infusum
989 877 1042 925 in
1082 876 1251 924 uxoris
1290 877 1477 937 sinum,
1510 875 1631 939 quia
1670 891 1824 939 supra

52 966 97 998 10
127 950 253 998 dixit
275 944 432 1017 (388)
455 951 576 1012 „ille
607 952 809 1014 repente
841 952 1033 1013 accepit
1063 951 1262 999 solitam
1292 951 1545 999 flammam
1574 952 1823 1014 notusque

124 1024 366 1073 medullas
416 1026 629 1074 intravit
677 1026 816 1073 calor
866 1027 916 1073 et
963 1025 1213 1073 labefacta
1261 1041 1351 1087 per
1400 1040 1513 1073 ossa
1551 1023 1822 1074 cucurrit“.

123 1098 322 1148 infusus
363 1101 439 1148 est
477 1115 594 1164 ergo
636 1116 784 1162 quem
823 1099 1005 1148 amoris
1044 1099 1368 1162 liquefecerat
1406 1100 1554 1147 calor.

244 1173 372 1221 Inde
408 1174 494 1221 ubi
523 1174 696 1234 prima
733 1173 868 1233 quies
904 1174 1060 1222 medio
1097 1174 1202 1221 iam
1238 1173 1391 1221 noctis
1430 1174 1631 1221 abactae
1670 1173 1823 1221 curri-

127 1247 231 1295 culo
282 1248 532 1307 expulerat
578 1262 826 1295 somnum:
874 1247 984 1309 ubi,
1032 1247 1222 1310 inquit,
1270 1247 1490 1295 medium
1538 1248 1699 1295 noctis
1747 1263 1825 1295 ex-

0 1351 1 1387 3
53 1335 96 1369 15
127 1322 295 1369 actum
333 1324 409 1370 est
446 1323 497 1370 et
534 1321 749 1370 satiatus
789 1337 961 1370 somno
999 1321 1247 1385 vigilavit.
1322 1320 1546 1369 nondum
1595 1321 1823 1384 conpleto

0 1398 1 1404 ’
127 1411 276 1444 sensu
314 1411 412 1458 quo
454 1395 735 1444 ostenderet
772 1397 922 1458 poeta
961 1395 1243 1444 Vulcanum
1290 1396 1560 1444 surrexisse
1609 1396 1673 1443 ad
1711 1411 1823 1443 con·

125 1469 384 1518 ficiendam
439 1486 691 1518 armorum
739 1469 982 1518 fabricam
1030 1469 1230 1518 induxit
1277 1470 1330 1517 in
1378 1470 1545 1519 medio
1586 1485 1823 1532 conpara-

124 1545 314 1592 tionem
351 1545 401 1592 et
438 1544 558 1593 fecit
595 1545 781 1593 saltum
817 1547 1119 1607 peractaque
1157 1545 1262 1593 eius
1302 1544 1631 1606 descriptione
1675 1543 1826 1592 rediit

127 1618 193 1666 ad
230 1618 459 1666 eundem:
514 1633 622 1667 cum
658 1619 847 1678 femina
885 1619 1126 1678 primum,
1176 1619 1255 1667 cui
1292 1619 1497 1666 tolerare
1536 1619 1634 1666 colo
1671 1619 1825 1666 vitam

55 1706 99 1739 20
127 1693 350 1752 tenuique
402 1693 658 1749 Minerva,
715 1693 981 1752 inpositum
1035 1694 1242 1741 cinerem
1296 1696 1340 1740 et
1390 1693 1569 1753 sopitos
1623 1693 1826 1740 suscitat
1840 1699 1927 1740 410

127 1767 256 1827 tynis
304 1770 487 1815 noctem
537 1767 725 1815 adderis
780 1768 914 1826 operi
968 1767 1281 1827 famulasque
1329 1767 1395 1815 ad
1442 1767 1632 1814 lumina
1685 1767 1823 1827 lonyo

129 1844 309 1888 exercet
335 1855 513 1900 peuSO,
555 1844 742 1889 castwm
779 1844 834 1888 ut
877 1855 1074 1889 servare
1120 1842 1274 1890 cubile
1319 1841 1537 1901 couiuqis
1587 1843 1631 1888 et
1667 1841 1827 1901 possit

119 1929 308 1974 parvos
358 1915 555 1963 educere
603 1918 765 1974 natos,
817 1916 938 1963 haut
984 1930 1122 1964 secus
1169 1916 1441 1976 ignipotens
1486 1929 1573 1963 nec
1618 1918 1825 1974 tempore

130 1990 320 2049 sequior
371 1988 454 2036 illo
506 1989 732 2037 mollibus
782 2004 806 2037 e
855 1991 1023 2038 stratis
1075 2004 1224 2050 opera
1278 1989 1345 2037 ad
1395 1989 1603 2049 fabrilia
1655 1989 1823 2050 suryit.
1841 1996 1926 2036 415

58 2075 99 2107 25
131 2062 546 2125 quemadmodum
594 2064 721 2112 solet
769 2063 956 2112 femina
1004 2063 1173 2112 labore
1220 2065 1270 2112 et
1314 2063 1574 2112 honestate
1619 2063 1826 2111 lanificii

130 2136 507 2186 necessitatibus
559 2136 842 2186 domesticis
894 2137 1177 2198 subvenire,
1227 2153 1328 2185 non
1377 2137 1609 2200 turpibus
1658 2137 1825 2198 lucris,

131 2213 324 2259 castum
357 2214 615 2260 servatura
645 2211 816 2260 mariti
847 2212 1135 2276 coniugium
1165 2214 1215 2261 et
1245 2214 1454 2274 pastura
1482 2211 1663 2260 liberos
1695 2226 1825 2271 suOS‚

131 2300 230 2333 non
283 2288 525 2349 gravatur
576 2285 785 2350 vigilare
838 2302 928 2348 per
979 2287 1198 2348 noctem,
1252 2286 1487 2335 conficere
1541 2285 1605 2333 ad
1657 2286 1825 2333 lumen

132 2359 348 2408 stamina
386 2362 437 2408 et
475 2375 695 2408 exercere
733 2359 948 2409 famulas
988 2375 1125 2422 suas,
1171 2361 1242 2410 sic
1289 2362 1339 2409 et
1377 2360 1632 2409 Vulcanus
1670 2360 1823 2422 placi-

60 2445 104 2477 eo
131 2436 272 2483 turus
310 2435 456 2482 uxori
491 2434 666 2483 mollia
705 2435 863 2482 strata
901 2434 1117 2483 deseruit
1153 2434 1375 2483 laborem
1419 2434 1701 2497 praeferens
1740 2448 1823 2482 vo·

253 2609 276 2647 1
317 2605 423 2649 tulit
456 2604 511 2648 V.
563 2605 568 2663 Ι
617 2606 777 2650 italiae
810 2604 866 2648 V.
918 2605 924 2662 Ι
972 2611 1155 2662 spytum
1189 2605 1309 2661 quod
1338 2604 1380 2648 V
1410 2606 1562 2649 sinum
1593 2617 1720 2660 quem
1752 2603 1824 2647 ed.

133 2668 326 2708 stratum
357 2664 476 2719 quod
506 2678 602 2708 nos,
690 2668 714 2707 3
746 2664 927 2708 haberet
954 2677 1040 2720 pro
1070 2665 1223 2709 haeret
1245 2664 1300 2708 V.
1386 2667 1411 2706 5
1438 2665 1551 2708 laete
1574 2662 1615 2707 V
1640 2664 1728 2707 late
1752 2662 1824 2706 ed.

136 2726 162 2765 6
192 2723 398 2778 compluit
426 2737 510 2779 pro
542 2737 644 2768 cum
666 2724 793 2779 pluit
815 2722 870 2767 V.
987 2727 1011 2767 7
1044 2723 1322 2768 discenderet
1344 2722 1398 2767 V.
1515 2726 1567 2765 11
1601 2723 1725 2766 calor
1753 2723 1825 2765 iu-

135 2782 358 2836 labefaeta
380 2781 422 2825 V
447 2784 605 2838 (supra
628 2784 785 2838 recte).
870 2786 924 2826 12
956 2783 1086 2838 infus
1117 2787 1142 2827 ἒ
1172 2796 1274 2839 erqo
1305 2796 1432 2838 quem
1455 2781 1497 2825 V
1523 2781 1729 2836 corrupit
1752 2780 1824 2825 ed.

137 2844 192 2883 20
231 2842 403 2897 positos
438 2855 523 2897 pro
561 2843 731 2898 sopitos
765 2841 819 2885 V.
943 2845 996 2885 21
1037 2847 1080 2886 et
1117 2843 1295 2886 lumina
1325 2841 1367 2883 V
1406 2841 1472 2897 (in
1506 2840 1698 2895 interpr.
1730 2840 1824 2897 ad).

137 2903 192 2942 22
217 2905 369 2955 posset
390 2899 444 2943 V.
567 2905 624 2945 24
655 2915 677 2945 e
708 2914 797 2944 om.
821 2899 876 2944 V.
999 2904 1054 2944 25
1088 2902 1305 2956 lanificiis
1335 2900 1406 2945 ed.
1530 2904 1585 2943 26
1616 2899 1826 2956 turpibus

138 2958 277 3003 lucris
299 2958 342 3002 V
373 2960 647 3015 temporibus
677 2961 793 3005 lucis
824 2959 894 3003 ed.
