2050 3226
770 89 1076 136 AENEmos
1107 90 1171 134 1x
1713 94 1818 148 193

32 243 35 288 g
126 232 227 280 tale
267 232 370 280 suis
408 230 704 279 mandatum
742 229 968 291 dederat,
1008 232 1086 291 ut,
1124 229 1168 278 si
1206 230 1379 293 aliqua
1410 232 1688 280 emersisset
1718 247 1819 281 cer-

32 315 45 323 *
125 304 269 354 tandi
298 305 588 366 necessitas,
619 320 720 352 non
752 303 993 352 auderent
1023 305 1211 352 struere
1242 304 1419 366 aciem,
1450 320 1551 352 non
1583 305 1821 355 auderent

125 395 235 428 eam
266 394 439 441 campo
471 379 799 440 committere,
831 379 992 426 solum
1015 394 1249 442 aggerem
1270 380 1531 427 tuerentur
1562 381 1612 427 et
1642 383 1821 442 castra,

126 469 252 516 quae
276 452 595 502 securitatem
616 452 719 502 illis
743 453 944 516 plenam
973 454 1227 515 praestare
1258 453 1562 516 potuissent,
1584 469 1821 537 magnam

72 541 93 575 5
122 527 315 576 interea
367 526 656 576 existimans
714 541 819 575 esse
871 526 1155 587 victoriam,
1206 526 1250 576 si
1299 541 1416 575 suos
1469 542 1692 576 remeans
1745 527 1819 575 in-

125 601 331 650 columis
376 601 637 650 inveniret.
714 615 845 662 erqo,
894 602 982 648 etsi
1028 601 1247 661 conferre
1282 615 1488 649 manwm
1518 601 1683 660 pudor
1719 602 1822 650 ira-

124 690 213 737 que
261 678 554 732 monstrant,
606 675 819 724 obiciunt
853 678 1030 735 portas
1075 678 1237 723 tamen
1283 678 1328 723 et
1363 678 1628 735 praecepta
1664 676 1819 735 faces·
1837 687 1893 726 45

123 753 239 798 sunt
276 750 548 810 armatique
586 750 720 798 cavis
752 752 999 809 expectant
1037 749 1256 798 turribus
1299 749 1503 797 hostem:
1548 748 1672 798 duas
1717 750 1819 799 illis

122 823 334 873 virtutes
381 824 539 872 dedit:
585 839 741 871 unam
784 839 846 871 110
891 822 1098 872 inbelles
1143 823 1454 885 viderentur,
1501 823 1713 872 alteram
1758 840 1820 872 110

50 911 93 944 10
122 898 262 946 iuxta
306 897 438 962 regis
488 900 755 961 praecepta
799 897 1147 946 inreverentes,
1223 913 1341 946 nam
1386 913 1609 962 pugnare
1656 898 1819 960 cupie-

20 1029 27 1039 ,
52 989 65 997 ·
122 971 267 1034 bant,
306 971 392 1020 sed
421 972 772 1020 mandatorum
802 972 1219 1035 contemplatione
1249 971 1612 1021 revocabantur
1639 972 1820 1021 melius

20 1041 30 1047 ’
123 1046 461 1096 existimantes
499 1046 742 1109 pudorem
779 1046 907 1094 ferre
955 1061 1107 1109 quam
1153 1048 1327 1095 contra
1371 1047 1504 1110 regis
1551 1049 1821 1109 praecepta

18 1123 23 1131 '
122 1123 317 1169 reatum
346 1121 645 1170 temeritatis
676 1122 940 1168 incurrere.
995 1122 1302 1184 quapropter
1330 1121 1619 1169 munierunt
1647 1123 1818 1183 portas

122 1195 275 1243 firmis
315 1194 538 1244 obicibus
576 1197 627 1243 et
665 1196 849 1243 armati
889 1194 1010 1257 quid
1046 1195 1206 1243 hostis
1244 1194 1507 1243 moliretur
1538 1211 1563 1242 e
1595 1194 1818 1244 turribus

49 1281 92 1314 15
124 1269 523 1332 speculabantur.
609 1269 758 1317 huius
805 1269 1059 1332 praecepti
1105 1268 1259 1317 etiam
1306 1267 1508 1317 Caicum
1552 1285 1820 1318 memorem

122 1343 274 1392 fuisse
322 1343 474 1392 verba
523 1342 627 1392 eius
678 1342 967 1405 ostendunt3
1017 1359 1134 1391 nam
1185 1343 1311 1391 dixit
1360 1342 1475 1392 date
1523 1344 1648 1404 tela,
1694 1343 1820 1392 ferte

122 1418 330 1479 ferrum,
380 1433 550 1466 muros
601 1417 874 1479 ascendite,
923 1433 1024 1465 non
1075 1417 1203 1464 dixit
1252 1433 1421 1466 eamus
1469 1417 1534 1466 ad
1572 1433 1819 1480 campum,

122 1507 438 1541 occurramus
478 1492 612 1540 hosti
651 1493 702 1540 et
739 1493 988 1540 certamen
1026 1490 1290 1556 pugnandi
1327 1491 1608 1540 subeamus

241 1566 442 1614 Turnus
464 1569 519 1614 ut
542 1566 826 1614 antevolans
856 1566 1054 1614 tardum
1074 1569 1415 1626 praecesserat
1444 1580 1618 1627 aymen
1646 1566 1819 1626 viginti

12 1639 14 1644 '
47 1651 92 1684 20
122 1640 252 1689 lectis
290 1641 502 1700 equitum
540 1641 793 1689 comitatus
831 1644 874 1688 et
909 1640 1023 1688 urbi
1066 1641 1363 1701 improvisus
1409 1640 1564 1697 adest,
1611 1640 1818 1688 maculis

122 1728 260 1774 quem
293 1715 534 1762 Thracius
566 1715 692 1763 albis
714 1717 882 1774 portat
914 1728 1064 1775 equus
1095 1716 1336 1773 cristaque
1367 1715 1478 1775 teyit
1496 1714 1641 1775 yalea
1665 1728 1819 1762 aurea
1835 1724 1892 1765 50

120 1789 296 1845 rubra,
338 1789 497 1848 ecquis
536 1789 626 1836 erit
661 1803 869 1845 meeum,
909 1789 1127 1844 iuvenes,
1168 1789 1251 1849 qui
1280 1789 1479 1848 primus
1516 1789 1570 1835 in
1607 1788 1819 1836 hostem?

123 1876 181 1910 en
221 1863 314 1910 ait:
350 1878 451 1910 non
489 1862 690 1911 tardum
727 1862 826 1911 fuit
865 1878 1042 1927 agmen
1083 1865 1172 1911 aut
1207 1863 1350 1911 tarde
1382 1862 1694 1924 ambulabat,
1733 1862 1818 1911 sed

123 1935 475 1998 conparatione
514 1937 716 1985 tardum
754 1937 1042 2000 putabatur.
1103 1937 1301 1985 Turnus
1341 1936 1494 1997 enim,
1532 1938 1593 1984 ut
1631 1938 1817 1986 ceteros

7 2031 9 2057 }
48 2020 91 2053 2⁵
121 2010 450 2072 praeveniret,
482 2009 642 2060 ductis
675 2027 839 2060 secum
870 2010 1123 2074 equitibus
1154 2010 1337 2075 viginti
1368 2009 1552 2072 electiS,
1592 2026 1817 2075 egressus

121 2085 313 2133 itineris
363 2084 565 2133 modum
616 2101 712 2147 quo
764 2087 1065 2150 congregata
1111 2084 1383 2134 multitudo
1433 2085 1514 2134 vel
1560 2086 1820 2134 consuevit

123 2158 378 2207 ambulare
418 2159 499 2207 vel
537 2161 704 2222 potest
741 2160 949 2209 celerius
988 2158 1139 2208 venit.
1215 2161 1362 2208 tanta
1399 2160 1665 2208 maturitas
1703 2159 1818 2220 fuit,

2 2251 7 2282 1
121 2235 181 2281 ut
212 2235 326 2281 ante
357 2232 532 2281 urbem
562 2234 862 2296 improvisus
894 2234 1210 2296 apparuisset
1239 2250 1340 2283 non
1370 2234 1471 2281 iam
1501 2232 1694 2294 itinere,
1733 2232 1818 2282 sed

123 2308 267 2369 quasi
318 2306 535 2369 quodam
583 2307 756 2356 volatu
805 2310 1081 2369 pervectus,
1170 2323 1281 2356 cum
1318 2323 1434 2356 vero
1485 2324 1668 2370 equum
1714 2308 1816 2355 eius

49 2390 92 2423 80
123 2379 439 2442 describeret,
471 2380 597 2430 dixit
629 2383 780 2444 caput
812 2382 918 2430 eius
950 2382 1104 2430 fuisse
1137 2382 1405 2446 galeatum,
1438 2397 1590 2445 quam
1622 2381 1818 2445 galeam

242 2555 268 2594 3
311 2565 410 2595 eam
453 2565 541 2596 om.
579 2551 650 2596 ed.
711 2551 714 2609 Ι
773 2552 918 2596 solum
948 2551 990 2595 V
1028 2552 1107 2597 sed
1144 2566 1178 2597 s
1217 2552 1288 2596 ed.
1412 2556 1436 2596 7
1480 2557 1701 2597 monstrat
1743 2551 1815 2595 ed.

124 2613 148 2652 9
188 2610 369 2655 inbellis
399 2609 454 2654 V.
507 2611 511 2669 Ι
562 2611 824 2656 viderentur
860 2613 1090 2666 transpos.
1125 2610 1242 2656 edF.
1367 2615 1421 2654 10
1451 2612 1752 2656 inreverentes
1774 2609 1817 2653 V

122 2669 426 2714 incumbentes
455 2670 616 2727 iynavi
645 2670 716 2714 ed.
812 2674 866 2713 14
898 2671 1106 2715 molietur
1129 2670 1171 2713 V
1197 2684 1310 2715 corr.
1337 2671 1409 2715 ed.
1454 2670 1459 2729 1
1507 2670 1751 2715 etturribus
1773 2668 1817 2712 V

122 2728 338 2773 accedens
381 2730 627 2786 viyilanter
672 2729 744 2773 ed
868 2733 923 2773 22
967 2735 1008 2774 et
1049 2731 1152 2785 quis
1189 2729 1244 2772 V
1368 2734 1424 2773 23
1471 2743 1525 2773 en
1559 2728 1600 2772 V
1638 2730 1704 2773 sic
1742 2727 1815 2773 ed.

123 2790 179 2829 24
211 2790 580 2843 conparationem
603 2787 646 2831 V
671 2802 785 2833 corr.
812 2787 883 2831 ed.
1006 2794 1062 2833 25
1095 2790 1282 2846 eyressis
1313 2788 1385 2832 ed
1500 2793 1556 2832 26
1587 2801 1681 2832 non
1711 2801 1816 2832 con-

0 2886 5 2894 ,
121 2847 265 2890 suevit
296 2846 367 2890 ed.
480 2852 534 2891 27
566 2860 660 2892 non
684 2852 832 2903 potest
852 2847 934 2891 ed.
1048 2852 1102 2891 29
1129 2853 1370 2904 provectus
1401 2847 1472 2891 ed.
1581 2851 1636 2891 30
1668 2847 1816 2891 calca-

0 2967 2 2981 .
26 2911 30 2914 ⁴
122 2909 218 2948 tum
240 2904 283 2948 V
312 2906 541 2962 yaleatum
574 2906 645 2950 ed.

210 2993 307 3027 Don.
324 2994 482 3034 interpr.
496 2995 609 3035 Verg.
633 2995 708 3028 vol.
726 2995 778 3027 ΙΙ.
1494 2997 1547 3036 13
