2050 3226
776 183 1081 230 ,summos
1111 184 1177 229 1x
1715 185 1824 244 273

130 316 522 390 intellegendum
544 338 547 340 “
570 327 647 374 est
693 323 748 373 in
796 319 1068 388 praesenti3
1120 324 1284 373 multa
1332 323 1464 373 enim
1518 325 1679 374 adhuc
1728 326 1826 376 dici

132 401 419 464 potuerant,
465 398 551 448 sed
587 400 642 447 in
680 414 884 462 corpore
928 398 1134 448 mortali
1171 398 1319 447 deum
1356 397 1543 448 diutius
1582 415 1686 449 esse
1725 417 1825 450 non

134 474 322 536 decuit,
367 466 574 537 proinde
612 472 822 522 ulterius
860 472 1021 523 videri
1057 472 1223 522 noluit
1240 482 1243 485 “
1260 474 1311 520 et
1349 472 1601 522 abscessit.
1678 489 1824 535 ayno-

131 562 241 597 vere
277 548 420 596 domn
449 561 676 608 proceres
713 547 975 607 divinaque
1011 547 1108 596 tela
1136 547 1468 596 Dardanidae
1495 545 1827 609 [pharetram-
1843 558 1930 600 660

81 634 102 668 ⁶
133 636 222 682 que
257 623 381 683 fuya
418 616 609 670 sensere
645 620 927 684 sonantem]
934 639 951 670 .·
994 620 1336 682 Dardanidae,
1374 621 1561 684 inquit,
1599 637 1825 685 proceres

132 696 399 759 prudentes
445 699 496 745 et
540 688 694 745 sobrii
739 697 1050 760 agnoverunt
1095 695 1241 744 deum
1284 696 1509 744 locutum
1555 711 1680 757 esse,
1726 713 1827 746 non

131 770 402 831 hominem,
434 773 485 819 et
513 770 628 818 inde
665 771 825 834 magis
865 770 1000 833 quod
1039 786 1179 820 arma
1209 771 1316 819 eius
1345 769 1517 819 divina
1544 770 1826 820 sensissent.

133 836 247 906 erqo*
287 845 490 892 avidum
528 857 727 905 puynae
763 842 934 907 [dictis
976 859 1035 893 ac
1071 845 1272 893 numine
1307 843 1516 906 Phoebi]
1552 842 1828 893 Ascanium

123 918 406 978 prohibent:
443 934 560 983 ergo
593 918 796 967 avidum
827 934 1025 983 pugnae
1055 911 1328 968 Ascanium
1363 920 1414 966 et
1452 934 1543 967 sua
1581 920 1651 980 et,
1692 919 1828 982 quod

58 1006 103 1040 ιο
130 991 448 1056 potissimum
486 991 713 1041 omnibus
752 992 870 1054 fuit,
919 992 1219 1042 auctoritate
1264 992 1454 1041 Phoebi
1499 992 1828 1056 prohibebant

131 1082 193 1115 ne
232 1067 313 1115 cui
350 1082 402 1116 se
441 1066 701 1116 certamini
735 1068 1080 1117 committeret.
1140 1068 1239 1128 ipsi
1267 1068 1323 1115 in
1354 1069 1622 1116 certamina
1651 1082 1828 1116 rursus

131 1141 392 1190 suecedwnt
444 1142 731 1202 animasque
781 1142 838 1189 in
890 1145 1062 1202 aperta
1102 1141 1327 1201 pericula
1380 1142 1595 1198 mittunt,
1649 1144 1827 1206 utpote

133 1230 255 1278 quos
303 1217 478 1278 aperta
524 1216 749 1278 exempla
794 1216 953 1265 certos
1004 1231 1297 1279 securosque
1347 1209 1719 1278 praestiterantss
1790 1217 1828 1264 it

133 1289 315 1337 clamor
363 1290 471 1338 totis
509 1303 603 1350 per
638 1289 1018 1350 propuynacula
1064 1291 1246 1338 muris:
1295 1290 1619 1338 emittebatur
1664 1290 1828 1339 audax

59 1368 101 1409 ιδ
134 1363 320 1412 clamor
356 1379 446 1426 per
483 1363 651 1412 omnia
679 1379 936 1412 murorum
973 1364 1365 1428 propugnacula.
1426 1365 1659 1412 sternitur
1689 1379 1827 1413 omne
1844 1374 1930 1414 666

131 1438 288 1485 solum
326 1438 465 1486 telis:
498 1439 644 1487 tanta
680 1437 783 1486 tela
820 1437 1170 1500 mittebantur,
1208 1440 1267 1487 ut
1306 1453 1501 1486 omnem
1539 1438 1828 1503 obtegerent

131 1514 331 1560 terram.
407 1515 508 1560 lum
556 1514 696 1560 scuta
740 1526 981 1572 cavaeque
1029 1513 1152 1560 dant
1197 1513 1411 1561 sonitum
1454 1513 1590 1571 flictu
1634 1513 1828 1574 yaleae.·

132 1586 266 1649 quod
294 1587 429 1634 terra
459 1585 643 1635 dicitur
670 1587 786 1635 telis
818 1586 1036 1648 obtecta,
1075 1586 1211 1649 quod
1241 1587 1370 1635 ictae
1401 1587 1573 1651 galeae
1603 1590 1654 1636 et
1683 1589 1828 1636 scuta

129 1670 365 1722 percussa
410 1660 605 1710 crebros
651 1659 843 1709 sonitus
890 1660 1100 1724 dabant,
1149 1663 1201 1709 et
1244 1660 1539 1709 bellantium
1584 1661 1740 1709 animi
1778 1663 1829 1710 et

57 1746 102 1780 20
130 1733 397 1783 missilium
456 1735 728 1783 multitudo
791 1737 842 1784 et
901 1734 1102 1798 copiosa
1162 1735 1446 1784 substantia
1502 1735 1826 1800 significatur.

129 1808 384 1856 inducitur
433 1810 747 1872 conparatio,
796 1811 857 1858 ut
906 1810 1200 1858 ostendatur
1249 1812 1438 1874 quanta
1487 1811 1562 1859 vis
1613 1811 1827 1859 telorum

130 1882 307 1931 fuisset
347 1884 396 1931 et
443 1882 860 1945 quemadmodum
903 1883 1205 1933 resonabant
1251 1900 1378 1947 quae
1422 1884 1830 1947 percutiebantur

131 1957 268 2005 telis:
309 1960 520 2017 quantus
551 1959 613 2006 ab
644 1972 819 2006 occasu
847 1959 1047 2007 veniens
1070 1959 1377 2019 pluvialibus
1407 1959 1577 2007 haedis
1607 1960 1830 2007 verberat
1845 1969 1930 2009 670

131 2031 283 2079 imber
319 2031 541 2088 humum,
581 2046 729 2091 quam
765 2032 921 2080 multa
955 2033 1199 2093 yrandine
1235 2033 1390 2081 nimbi
1426 2034 1481 2080 in
1518 2033 1652 2081 vada
1679 2047 1828 2093 prae-

59 2115 102 2149 st
132 2105 354 2164 cipitant‚
407 2119 516 2152 oum
564 2106 790 2167 Iuppiter
837 2107 1067 2154 horridus
1120 2108 1304 2155 austris
1356 2110 1539 2167 torquet
1592 2101 1828 2167 aquosam

130 2179 332 2227 hiemem
370 2182 414 2227 et
450 2179 580 2227 caelo
618 2194 742 2228 cava
778 2181 952 2228 nubila
988 2182 1186 2242 rumpit.
1261 2182 1367 2230 tam
1410 2182 1602 2242 crebra,
1647 2182 1827 2244 inquit,

132 2254 330 2302 fuerant
369 2269 495 2315 quae
533 2248 802 2302 mittebant
840 2257 1084 2304 certantes
1124 2257 1275 2318 atque
1312 2255 1386 2303 ita
1423 2271 1659 2318 percussa
1694 2271 1826 2304 reso-

132 2326 321 2376 nabant
367 2339 519 2390 quam
565 2326 744 2377 densae
790 2330 908 2377 sunt
951 2329 1178 2391 pluviae,
1229 2345 1340 2378 cum
1377 2329 1651 2378 haedorum
1690 2329 1825 2378 sidus

133 2394 323 2462 existit,
371 2403 422 2450 et
466 2401 884 2464 quemadmodum
932 2403 1145 2466 crepitat
1191 2404 1404 2468 grando,
1444 2419 1557 2452 cum
1596 2403 1761 2452 densis
1801 2419 1826 2452 e

61 2488 104 2521 30
132 2475 346 2524 nubibus
385 2475 627 2526 funditur.

250 2550 518 2598 Pandarus
564 2553 607 2598 et
651 2550 818 2598 Bitias
861 2550 1021 2617 Idaeo·
1053 2550 1299 2600 Alcanore
1344 2553 1479 2609 creti,
1528 2566 1645 2611 quos
1689 2551 1827 2599 Iovis

135 2623 298 2671 eduxit
345 2624 450 2672 luco
500 2625 736 2673 silvestris
784 2625 976 2673 Hibera
1026 2626 1263 2674 abietibus
1311 2627 1508 2674 iuvenes
1550 2626 1733 2685 patriis
1784 2628 1828 2673 et

254 2770 277 2808 1
305 2766 454 2810 adhuc
478 2779 565 2809 om.
584 2765 656 2810 ed.
752 2770 781 2809 4
804 2766 1223 2823 pharetramque—
1242 2772 1268 2811 5
1293 2771 1527 2812 sonantem
1550 2766 1681 2810 deest
1703 2766 1754 2810 in
1768 2765 1824 2822 V,

135 2823 217 2868 sed
249 2824 522 2880 explicatur.
616 2829 639 2867 7
674 2826 771 2869 eius
802 2838 890 2869 om.
915 2825 987 2870 ed.
1081 2830 1108 2870 8
1139 2827 1522 2871 dictis—Phoebi
1549 2825 1680 2869 deest
1702 2825 1824 2879 inV,

136 2883 218 2927 sed
249 2883 522 2939 explicatur.
616 2889 672 2928 15
702 2897 886 2928 versum
917 2888 1018 2939 665,
1050 2884 1132 2941 qui
1163 2885 1295 2929 deest
1324 2885 1374 2928 in
1397 2884 1452 2938 V,
1486 2884 1593 2928 add.
1624 2884 1710 2939 ed„
1743 2885 1825 2929 sed

135 2955 229 2985 non
259 2942 531 2998 explicatur.
633 2947 688 2987 18
719 2944 867 2988 dictae
894 2944 1046 3001 yaliae
1068 2943 1111 2987 V
1140 2945 1233 2989 icta
1262 2946 1395 3001 yalea
1426 2943 1497 2987 ed.
1597 2948 1654 2987 24
1685 2945 1826 2990 imber

137 3014 225 3044 om.
249 3000 305 3045 V.
427 3006 481 3045 32
513 3002 670 3047 hibera
692 3002 735 3046 V
759 3003 910 3047 Hiera
939 3002 1011 3048 ed.
1060 3003 1065 3062 Ι
1110 3017 1249 3060 pares
1278 3017 1362 3059 pro
1389 3004 1560 3059 patriis
1581 2996 1636 3047 V.

224 3089 321 3123 Don.
338 3090 495 3130 interpr.
509 3091 622 3132 Vei-g.
646 3091 722 3125 vol.
739 3091 791 3124 ΙΙ.
1502 3095 1556 3134 18
