2050 3226
237 149 310 203 54
706 146 939 192 DONATI
969 147 1250 191 INTERPR.
1275 146 1455 191 VERG.

235 289 462 350 repetens
503 287 655 336 etiam
690 286 783 336 illa
821 288 872 334 et
909 286 1133 336 sensibus
1174 287 1277 335 eius
1314 287 1571 335 inculcans
1602 301 1728 349 quae
1759 286 1925 350 cupie-

133 375 218 415 335
234 362 323 410 bat
358 361 554 425 inpleri.
618 363 671 408 tn
699 363 837 421 potes
873 362 1138 409 unanimos
1176 375 1372 409 armare
1408 362 1464 408 in
1491 361 1687 421 proelia
1720 363 1925 421 fratres:

233 452 417 500 magna
456 436 640 498 quippe
677 434 836 483 virtus
876 437 951 484 est
995 435 1277 483 naturalem
1324 435 1564 498 dissipare
1613 435 1924 484 concordiam

235 512 286 558 et
316 525 398 558 eos
432 524 556 572 quos
586 524 716 558 unus
755 510 957 572 sanguis
987 508 1215 571 idemque
1246 511 1419 558 uterus
1458 509 1633 573 genuit
1661 510 1714 557 in
1747 510 1924 558 altero-

233 601 346 632 rum
383 583 590 632 exitium
629 598 909 646 provocare.
988 584 1123 646 quod
1159 583 1324 646 ipsum
1361 583 1545 632 idcirco
1577 582 1797 646 positum
1835 586 1924 645 est,

148 717 153 720 ἢ
234 661 292 706 ut
337 657 679 706 ostenderetur
722 656 917 706 Allecto
969 657 1081 718 plus
1131 673 1275 719 posse
1329 673 1478 720 quam
1533 656 1711 705 Iunoni
1760 658 1926 706 fuerat

233 732 584 780 necessarium:
636 732 680 780 si
728 731 859 779 enim
908 733 1105 794 poterat
1148 732 1292 793 pulso
1339 731 1685 795 germanitatis
1725 731 1925 780 adfectu

233 822 333 854 non
378 805 525 854 modo
571 805 624 853 in
671 804 996 854 dissensiones
1043 821 1216 854 verum
1265 806 1415 854 etiam
1463 805 1517 853 in
1566 805 1698 854 bella
1747 806 1923 854 fratres

234 896 447 942 armare,
497 880 657 928 multo
706 879 921 928 validius
967 880 1134 940 potuit
1178 879 1416 928 extrarios
1464 883 1514 927 et
1550 880 1831 944 incognitos
1869 882 1923 928 in

234 970 414 1003 novam
475 953 696 1002 coeuntis
763 953 1031 1001 amicitiam
1094 953 1358 1002 dissociare
1420 955 1572 1016 atque
1642 953 1921 1003 dissolvere.

234 1032 375 1088 atque
405 1028 530 1076 odiis
567 1042 763 1075 versare
808 1028 996 1075 domos:
1045 1032 1187 1089 potes
1228 1027 1340 1076 odia
1379 1043 1630 1076 conserere
1668 1029 1801 1076 inter
1840 1044 1921 1077 eos

234 1118 356 1166 quos
395 1119 548 1150 unum
577 1100 815 1150 domicilii
846 1101 1149 1149 consortium
1178 1104 1316 1150 tenet
1344 1104 1641 1165 tantumque
1671 1103 1922 1150 inmittere

235 1176 535 1224 seditionum
573 1176 787 1238 pondus,
827 1178 884 1224 ut
918 1175 1131 1238 parietes
1173 1191 1367 1239 quoque
1407 1179 1560 1239 atque
1598 1177 1710 1239 ipsa
1744 1176 1922 1225 funda-

232 1253 402 1298 menta
456 1251 728 1298 vertantur.
812 1253 865 1297 tn
916 1251 1117 1297 verbera
1176 1251 1307 1298 tectis
1358 1251 1681 1310 funereasque
1740 1251 1924 1310 inferre

231 1326 389 1384 faces:
434 1323 661 1384 verbera,
699 1323 886 1386 inquit,
933 1325 982 1371 et
1020 1324 1152 1371 faces
1199 1324 1450 1385 funereas,
1495 1325 1588 1372 hoc
1636 1327 1711 1372 est
1755 1325 1922 1372 litium

231 1399 475 1446 motiones
532 1399 581 1446 et
635 1412 808 1446 causas
863 1400 1004 1459 potes
1053 1398 1227 1445 alienis
1273 1398 1415 1446 tectis
1462 1398 1739 1460 inmittere,
1793 1415 1921 1461 quae

231 1487 390 1534 usque
431 1471 494 1519 ad
531 1471 790 1519 interitum
834 1471 1249 1519 commanentium
1293 1473 1514 1520 tendant.
1591 1475 1733 1534 potes
1773 1473 1923 1520 semel

231 1547 453 1608 positum
493 1545 719 1593 omnibus
761 1547 963 1607 aptatur
1002 1561 1127 1607 quae
1161 1546 1386 1594 diximus.
1445 1547 1532 1594 tibi
1561 1548 1763 1594 nomina
1791 1547 1923 1594 mille

230 1619 389 1681 [mille
419 1620 621 1667 nocendi
652 1618 810 1680 artes]
818 1637 833 1666 .·
871 1635 958 1681 per
987 1619 1189 1668 nomina
1219 1619 1404 1668 formas
1435 1621 1673 1682 ostendit,
1710 1620 1763 1667 in
1796 1636 1920 1683 quas

232 1708 467 1742 conversa
518 1693 750 1741 mutabat
798 1693 950 1741 etiam
1004 1709 1100 1756 quo
1154 1695 1352 1756 poterat
1400 1694 1631 1756 vocitari3
1684 1694 1737 1742 id
1791 1695 1922 1742 enim
1952 1710 1972 1741 2

230 1768 503 1830 incipiebat
533 1783 636 1815 esse
675 1768 727 1814 in
761 1767 893 1829 quod
925 1767 1123 1815 volebat
1154 1769 1280 1815 forte
1320 1769 1554 1816 converti.
1630 1768 1766 1816 mille
1804 1784 1919 1817 vero

233 1845 363 1890 artes
416 1841 626 1889 nocendi
679 1841 1010 1903 suppetebant
1063 1841 1143 1890 0111
1198 1842 1344 1889 facile
1406 1842 1573 1890 fuerat
1627 1858 1731 1891 esse
1787 1844 1919 1904 quod

164 1962 173 1972 ,
231 1916 393 1964 vellet.
460 1915 724 1974 fecundum
755 1918 946 1962 concute
969 1919 1161 1975 pectus:
1200 1916 1300 1963 scio
1331 1917 1505 1977 pectus
1535 1919 1680 1964 tuum
1711 1916 1921 1965 nocendi

232 1989 423 2038 artibus
471 1988 772 2049 redundare,
821 1989 914 2036 hoc
960 1990 1003 2036 si
1050 1990 1301 2052 exagitare
1351 1991 1591 2052 volueris,
1641 1991 1920 2052 proferetur

230 2063 343 2111 inde
392 2062 631 2125 quicquid
677 2062 800 2109 mihi
839 2066 915 2110 est
959 2064 1304 2112 necessarium.
1380 2064 1571 2113 interea
1607 2065 1724 2113 licet
1771 2065 1916 2112 scele-

230 2154 340 2184 rum
402 2136 771 2184 conflandorum
829 2137 1035 2184 artificio
1091 2137 1242 2185 Furia
1298 2138 1597 2186 redundaret
1650 2140 1699 2186 et
1751 2141 1918 2186 nosset

232 2210 351 2272 quid
391 2212 580 2273 ageret,
620 2213 784 2258 tamen
815 2210 940 2258 Iuno
973 2211 1286 2259 vehementer
1319 2213 1371 2259 in
1403 2227 1495 2260 sua
1526 2227 1674 2260 causa
1706 2211 1917 2259 sollicita

231 2283 462 2332 desiderii
523 2299 769 2332 summam
821 2284 1001 2332 iterum
1061 2301 1117 2333 ac
1172 2301 1316 2348 saepe
1371 2287 1620 2334 succincta
1673 2285 1914 2333 brevitate

230 2358 553 2406 commendat.
611 2358 796 2413 dissice,
829 2358 1014 2419 inquit,
1046 2361 1341 2419 conpositam
1368 2375 1550 2419 pacem,
1583 2373 1686 2407 sere
1709 2360 1915 2407 crimina

126 2441 212 2480 340
232 2433 354 2488 belli,
388 2447 531 2480 arma
561 2432 675 2479 vetit
697 2435 958 2491 poscatque
988 2434 1135 2480 simul
1165 2435 1421 2494 rapiatque
1451 2435 1696 2481 iuventus:
1733 2448 1914 2495 magna

348 2607 372 2645 2
405 2603 646 2646 unanimes
676 2601 748 2646 ed.
834 2606 859 2644 3
891 2603 1036 2646 virtus
1061 2603 1100 2645 V
1131 2604 1200 2647 vis
1231 2604 1301 2647 ed.
1387 2609 1414 2646 4
1445 2604 1636 2647 alterum
1660 2602 1700 2643 V
1727 2615 1813 2645 om.
1841 2603 1910 2645 ed.

231 2667 254 2704 7
288 2663 407 2706 enim
439 2675 526 2704 om.
553 2661 624 2704 ed.
702 2665 727 2703 9
753 2666 988 2705 extraneos
1013 2662 1082 2705 ed.
1168 2667 1220 2705 17
1246 2663 1611 2707 comminantium
1634 2660 1676 2705 V
1701 2675 1812 2704 corr.
1841 2662 1910 2703 ed.

230 2725 283 2763 19
317 2721 439 2764 mille
469 2720 663 2764 nocendi
692 2726 811 2764 artes
842 2720 973 2763 deest
1003 2721 1052 2763 in
1083 2721 1138 2774 V,
1172 2721 1253 2764 sed
1285 2721 1553 2777 explicatur.
1674 2723 1729 2763 20
1761 2733 1847 2775 quo
1871 2720 1912 2763 V

228 2781 348 2834 quod
371 2780 440 2823 ed.
519 2784 573 2822 21
599 2780 651 2823 in
674 2793 760 2834 quo
784 2779 962 2823 dolebat
984 2779 1026 2821 V
1043 2780 1113 2823 011.
1139 2782 1190 2824 in
1214 2781 1333 2836 quod
1355 2781 1529 2824 volebat
1550 2792 1646 2822 nos.
1725 2783 1779 2821 22
1804 2792 1911 2834 sup—

220 2839 402 2893 petebat
431 2837 473 2881 V
505 2852 618 2882 corr.
651 2838 723 2881 ed.
816 2842 872 2880 24
904 2839 1078 2894 ayitare
1110 2839 1180 2882 ed.
1233 2840 1236 2892 Ι
1281 2840 1517 2895 profertwr
1547 2837 1616 2881 ed.
1711 2841 1765 2879 25
1805 2838 1910 2881 inde

228 2899 338 2951 quia
368 2898 478 2952 quid
507 2896 550 2940 V
580 2898 611 2941 i.
641 2897 760 2953 quod
791 2896 862 2941 ed.
985 2901 1039 2940 28
1071 2912 1171 2953 sepe
1202 2897 1244 2941 V
1273 2900 1456 2954 saepius
1486 2897 1557 2941 ed.
1673 2899 1727 2939 29
1762 2897 1912 2951 inquit

229 2970 316 2999 om.
351 2956 421 2999 ed.
545 2960 600 2999 30
630 2961 788 3012 poscat
818 2970 931 3012 quae
962 2955 1017 2999 V.

1955 1339 1997 1372 15

1950 2078 1992 2112 25

1947 2447 1990 2479 30
