2050 3226
250 174 356 227 348
724 170 955 216 DONATI
985 170 1266 215 INTERPR.
1290 171 1468 216 VERG.

249 327 349 359 non
364 314 586 373 noverat,
610 327 699 360 nec
723 311 849 360 dixit
873 312 1095 359 aetatum
1117 310 1341 373 ipsarum
1365 309 1620 359 definitam
1644 311 1936 360 distantiam

249 401 339 434 nec
378 385 489 447 quis
529 386 740 435 alterum
778 401 984 433 numero
1022 385 1240 446 praeiret
1277 400 1540 447 annorum,
1570 384 1702 434 inter
1732 387 1936 446 aetateS,

146 469 232 509 435
247 458 433 522 inquit,
484 460 740 508 amborum
789 475 887 507 non
938 458 1210 522 plurimum
1246 458 1357 507 fuit.
1433 460 1608 520 eyreyii
1644 461 1830 520 forma.-
1875 460 1940 508 ad
2033 469 2042 487 '

250 533 417 582 omnia
455 535 674 596 pertinet
710 534 822 582 laus
860 533 960 581 ista
1009 534 1197 581 formae
1243 535 1294 581 et
1340 533 1458 581 talis
1503 532 1729 597 intellegi
1772 535 1941 596 potest

250 608 413 670 qualis
452 607 663 670 Euryali
711 607 828 668 fuit,
883 607 943 655 de
993 623 1093 670 quo
1143 606 1269 654 dixit
1318 600 1392 673 (5,
1418 601 1548 673 344)
1599 610 1687 670 „et
1731 608 1946 671 pulchro
1975 619 2011 652 -5

248 681 448 730 veniens
488 683 541 729 in
581 697 782 744 corpore
821 679 1032 730 virtus“.
1086 681 1172 728 sed
1209 681 1338 740 quis,
1377 681 1471 730 hoc
1509 683 1584 730 est
1622 682 1707 730 sed
1746 681 1939 745 quibus,

247 757 475 804 Fortuna
504 759 711 817 ueyarat
729 755 784 802 iu
802 756 1021 815 patriam
1042 755 1245 803 reditus:
1268 755 1412 803 ambo
1437 757 1567 804 enim
1597 771 1711 804 mox
1742 756 1942 804 fuerant

247 830 501 891 morituri,
541 830 676 892 quod
713 830 939 877 futurum
976 829 1160 878 idcirco
1198 830 1447 892 praedixit
1482 831 1653 892 poeta,
1705 831 1939 892 quoniam

164 895 168 898 ’
248 906 457 952 noverat
488 903 853 952 ordinationem
885 903 1116 952 carminis
1149 903 1240 952 sui.
1292 904 1425 963 ipsos
1455 918 1736 952 concurrere
1749 919 1937 964 passus

247 979 367 1026 haut
404 981 566 1026 tamen
603 979 729 1026 iuter
766 992 817 1026 se
853 979 1021 1038 mayui
1058 981 1285 1038 requator
1319 976 1533 1038 Olympi:
1571 993 1685 1026 cum
1714 994 1803 1040 pro
1835 978 1936 1027 suis
1973 990 2014 1022 ιο
2048 1015 2050 1020 .

248 1051 475 1114 partibus
514 1055 725 1113 starent,
764 1067 863 1100 non
902 1067 984 1100 eos
1022 1052 1250 1114 permisit
1278 1050 1505 1114 Iuppiter
1533 1052 1664 1100 inter
1693 1067 1797 1101 sese
1828 1068 1940 1102 con-

247 1126 430 1189 fligere.
506 1141 618 1174 moa·
654 1127 763 1174 illos
800 1141 894 1174 sua
931 1127 1041 1186 fata
1077 1129 1277 1174 manent
1311 1126 1496 1174 maiore
1533 1127 1623 1174 sub
1653 1126 1806 1175 hoste:
1843 1142 1940 1175 ser-

249 1200 498 1249 vabantur
521 1202 666 1262 enim,
696 1203 754 1248 ut
784 1199 876 1248 sub
907 1201 1048 1248 hoste
1079 1201 1267 1248 maiore
1297 1199 1698 1262 procumberent3
1730 1200 1943 1249 alterum

249 1274 381 1322 enim
420 1274 640 1336 Turnus,
680 1275 892 1323 alterum
929 1273 1123 1323 Aeneas
1142 1274 1354 1323 'occidit

147 1359 233 1398 440
366 1349 566 1397 Interea
614 1363 752 1397 soror
800 1349 934 1396 alma
981 1352 1139 1397 mouet
1186 1348 1435 1397 succedere
1482 1348 1654 1396 Lauso
1702 1349 1940 1405 Turnum,
1974 1360 2022 1404 1⁶3

250 1423 334 1482 qui
355 1423 541 1471 volucri
565 1437 714 1471 curru
736 1423 950 1470 medium
972 1427 1102 1471 secat
1125 1437 1321 1484 aymeu:
1345 1423 1463 1470 dum
1485 1422 1610 1470 talia
1640 1425 1942 1486 gererentur,

249 1497 461 1545 Iuturna
501 1497 761 1545 admonuit
799 1497 1022 1544 Turnum
1061 1499 1121 1545 ut
1158 1496 1322 1545 Lauso
1363 1496 1663 1558 succederet,
1715 1498 1801 1558 qui
1839 1499 1942 1545 tur·
2033 1526 2037 1548 ι

249 1570 394 1619 bidus
434 1571 522 1619 illo
561 1572 783 1634 tempore
822 1570 1016 1619 volucri
1054 1587 1200 1619 curru
1238 1570 1456 1618 medium
1503 1586 1681 1634 agmen
1728 1571 1941 1619 secabat.

250 1645 474 1707 volabat,
524 1644 711 1707 inquit,
763 1660 907 1693 curru
958 1647 1009 1693 et
1056 1646 1189 1693 tanti
1239 1644 1452 1708 agminis
1497 1644 1634 1692 nullo
1681 1644 1944 1693 tenebatur
2022 1641 2024 1646 ’

249 1719 609 1781 inpedimento:
634 1720 707 1767 ita
731 1718 969 1767 cedebant
1000 1720 1167 1767 omnia
1197 1720 1501 1782 properanti.
1555 1722 1610 1766 ut
1630 1719 1753 1767 vidit
1774 1720 1940 1775 socios,

250 1797 450 1852 tempus,
491 1790 529 1858 †
568 1794 793 1841 desistere
825 1808 1021 1854 puyua:
1066 1793 1196 1842 vidit
1240 1792 1315 1841 bis
1365 1792 1728 1856 accipiendum,
1773 1795 1832 1841 ut
1877 1793 1944 1842 sit

251 1867 379 1915 vidit
417 1868 598 1928 socios,
637 1867 766 1916 vidit
804 1869 854 1915 et
890 1871 1109 1930 tempus;
1147 1869 1205 1915 ut
1245 1867 1308 1915 ad
1347 1868 1529 1928 socios,
1574 1867 1760 1929 inquit,
1805 1869 1944 1915 venit

251 1944 300 1989 et
349 1941 478 1989 vidit
528 1941 648 2003 quid
698 1944 950 2005 ageretur,
1001 1941 1188 1990 scilicet
1237 1941 1370 2003 quod
1418 1941 1471 1989 in
1520 1941 1771 2003 praesenti
1815 1943 1944 1990 esset

249 2015 418 2063 Pallas
442 2018 638 2077 tempus
671 2019 974 2078 oportunum
995 2018 1221 2076 nanctus,
1245 2017 1303 2063 ut
1327 2015 1548 2063 omnium
1581 2017 1944 2078 conquiesceret

250 2105 442 2153 pugna,
481 2090 634 2145 solus,
676 2090 770 2150 ait,
810 2105 890 2151 eqo
929 2091 983 2138 in
1021 2090 1256 2138 Pallanta
1292 2090 1446 2149 feror,
1486 2090 1578 2138 soli
1614 2090 1735 2137 mihi
1771 2089 1943 2138 Pallas
1974 2102 1994 2133 ε

373 2279 394 2318 1
429 2276 625 2320 novisset
654 2275 725 2319 ed.
841 2281 866 2318 2
900 2277 1001 2332 quis
1024 2275 1108 2319 VR
1139 2277 1220 2332 qui
1251 2275 1321 2319 ed.
1367 2275 1371 2330 ῐ
1411 2276 1595 2331 praeire
1626 2280 1871 2319 tanuorum
1902 2275 1943 2317 R

244 2349 361 2391 prae
390 2336 458 2379 ire
489 2339 720 2379 tantorum
744 2334 785 2377 V
811 2336 1024 2391 praeiret.
1056 2340 1288 2380 tantorum
1320 2334 1391 2378 ed.
1417 2348 1493 2390 pr.
1517 2339 1695 2379 tautum
1727 2334 1795 2377 ed.
1822 2335 1940 2389 post.

254 2399 279 2437 3
306 2394 482 2450 plurim
504 2393 602 2437 VR.
639 2393 643 2451 Ι
679 2395 857 2450 eyreyia
888 2394 959 2439 ed.
1052 2399 1079 2438 4
1111 2395 1267 2439 omnia
1289 2393 1375 2438 VR
1404 2407 1555 2438 omues
1585 2392 1656 2438 ed.
1753 2398 1778 2436 5
1812 2407 1943 2450 eury-

253 2454 352 2497 alia
383 2452 439 2496 V.
570 2457 595 2496 6
637 2453 716 2497 sed
756 2466 938 2496 erasum
980 2453 1027 2496 in
1071 2454 1125 2497 R.
1258 2458 1281 2496 7
1325 2454 1377 2497 iu
1413 2453 1575 2508 patria
1614 2452 1811 2496 reditum
1844 2451 1941 2496 VR.
1980 2480 1982 2486 ι

254 2517 280 2555 8
313 2513 528 2568 quoniam
558 2513 769 2556 uoluerat
791 2512 875 2555 VR
906 2527 977 2569 qu.
1003 2518 1192 2558 noverat
1220 2526 1303 2556 nos
1337 2511 1394 2555 cf.
1422 2516 1490 2565 11,
1509 2515 1594 2555 565
1626 2513 1799 2555 temere
1827 2513 1940 2554 mut.

254 2571 325 2614 ed.
413 2576 465 2614 11
501 2584 573 2616 eos
603 2585 692 2615 om.
719 2571 788 2614 ed.
828 2571 832 2629 Ι
867 2586 959 2616 sese
982 2571 1067 2616 VR
1097 2586 1142 2616 se
1173 2572 1244 2615 ed.
1331 2575 1383 2614 12
1416 2583 1594 2626 mayore
1617 2569 1697 2613 Vs
1759 2575 1811 2614 15
1843 2584 1942 2615 suc-
2011 2588 2015 2608 ε

254 2644 431 2675 currere
473 2630 544 2674 ed.
683 2635 736 2673 16
783 2644 969 2675 currum
1010 2631 1205 2675 medium
1243 2630 1340 2674 VR.
1391 2629 1396 2688 Ι
1452 2629 1570 2673 talia
1603 2628 1688 2672 VR
1730 2630 1828 2673 alia
1870 2629 1940 2673 ed.

256 2694 309 2732 17
342 2690 590 2734 succideret
619 2690 687 2744 (in
718 2689 938 2733 lemmate
970 2691 1113 2745 recte)
1137 2690 1222 2733 VR
1251 2693 1528 2734 succurreret
1558 2688 1630 2731 ed.
1727 2693 1782 2732 20
1806 2702 1943 2744 prae-

247 2749 444 2804 paranti
466 2749 520 2792 R.
614 2754 668 2792 21
700 2750 808 2804 post
830 2754 1003 2804 tempus
1027 2748 1219 2793 distinxi
1242 2749 1434 2804 propter
1455 2747 1902 2802 interpretationem.

255 2808 462 2852 desistere
499 2821 660 2864 puyua
691 2806 775 2850 VR
813 2808 856 2851 d.
884 2822 1068 2864 puyriae
1111 2808 1182 2852 ed.
1223 2809 1270 2851 et
1308 2806 1475 2863 optimi
1506 2806 1643 2862 Verg.
1675 2806 1798 2850 libri.
1861 2819 1909 2850 se

254 2866 483 2910 infinitivo
527 2867 641 2922 quid
683 2866 910 2910 faciamus
952 2868 1002 2910 in
1043 2866 1430 2923 interpretatione
1464 2865 1637 2909 Donati
1670 2879 1764 2909 non
1793 2865 1941 2918 video,

255 2926 451 2970 desistite
482 2939 587 2969 eum
619 2925 787 2982 legisse
818 2928 946 2981 puto.
1071 2931 1126 2970 24
1160 2927 1268 2982 post
1298 2925 1460 2970 Pallas
1491 2924 1705 2968 distinxit
1737 2924 1823 2979 ed.‚
1856 2937 1941 2981 ego

255 2998 348 3027 non
380 2984 585 3029 distinxi.
635 2985 639 3043 Ι
690 2986 890 3030 onmium
923 2998 1010 3029 om.
1038 2985 1109 3030 ed.
1232 2989 1287 3028 25
1320 2985 1389 3028 ait
1419 2997 1506 3027 om.
1533 2983 1603 3027 ed.
