2050 3226
240 127 310 181 58
709 123 943 169 DONATI
973 125 1255 170 INTERPR.
1278 125 1460 170 VERG.
2001 0 2030 165 ΙΙ,

136 276 221 316 365
238 264 581 325 Ledaeamque
617 265 872 314 Helenam.
900 265 1146 314 Troianas
1185 267 1315 314 vexit
1351 265 1418 314 ad
1461 266 1613 314 urbis.
1689 266 1806 326 quid
1842 270 1929 315 tua

238 343 411 387 sancta
457 339 602 398 fides,
654 340 772 399 quid
821 354 942 388 ewra
991 341 1195 399 antiqua
1243 343 1436 388 tuorum
1486 343 1530 387 et
1573 341 1928 401 consanguineo

238 414 407 461 totiens
453 414 572 462 data
617 413 812 463 dextera
860 415 1060 462 Turno?
1121 416 1166 462 si
1207 428 1355 475 qener
1401 417 1599 462 caterua
1637 415 1822 474 petitur
1871 414 1929 462 de

233 491 372 548 qente
409 487 610 536 Latinis
654 487 798 547 idque
842 488 972 536 sedet
1007 488 1271 547 Faunique
1306 492 1534 548 premunt
1576 492 1619 536 te
1664 489 1805 537 iussa
1834 503 1930 548 pa-

237 562 410 618 rentiS,
449 575 638 609 omnem
675 562 892 621 equidem
929 563 1129 622 sceptris
1166 566 1347 610 terram
1385 576 1508 622 quae
1553 562 1708 610 libera
1750 563 1930 611 nostris
1982 573 2004 607 υ

136 647 221 687 370
239 636 439 683 dissidet
491 638 737 684 enternam
781 650 891 684 reor
937 639 980 683 et
1023 637 1094 684 sic
1138 636 1294 684 dicere
1339 637 1490 684 divos,
1568 640 1610 684 et
1651 639 1837 693 Turne,
1885 637 1930 684 si

150 717 154 720 ’
229 710 401 769 prima
446 710 618 758 domus
662 713 908 770 repetatur
952 711 1106 771 orqu,
1153 710 1373 758 Inachus
1410 708 1730 770 Acrisiusque
1757 714 1930 770 patres

236 784 515 843 mediaeque
571 785 834 844 Mycenae:
904 784 1037 846 apud
1096 785 1333 832 maritum
1394 785 1622 833 locutura
1683 784 1742 832 de
1796 784 1930 833 filiae

239 858 459 906 conubiis
498 860 660 906 mater
697 873 796 906 non
835 857 1007 906 debuit
1044 859 1121 906 uti
1158 859 1439 920 principiis3
1482 861 1603 906 tunc
1642 858 1773 906 enim
1812 860 1931 907 sunt

238 933 539 994 necessaria,
579 948 691 980 cum
730 931 864 995 apud
904 934 1192 980 extraneum
1230 947 1398 980 sumus
1437 932 1589 980 verba
1628 933 1833 994 facturi,
1871 934 1931 981 ut
1962 926 2034 990 1οὲ

239 1008 509 1068 attentum,
555 1006 840 1055 benivolum
883 1006 1189 1068 docilemque
1227 1005 1504 1055 reddamus.
1580 1007 1634 1054 in
1679 1007 1931 1069 praesenti

237 1095 352 1128 vero
393 1082 642 1129 attentum
680 1096 766 1129 cur
811 1081 1017 1142 faceret,
1065 1096 1177 1128 cum
1222 1079 1435 1128 Latinus
1483 1095 1684 1129 causam
1729 1080 1930 1129 nosset?

237 1154 523 1204 benivolum
561 1170 668 1215 cur,
707 1170 820 1202 cum
858 1156 1058 1218 negotio
1097 1155 1229 1202 filiae
1268 1157 1443 1217 utpote
1483 1157 1628 1217 pater
1664 1170 1763 1202 non
1803 1157 1931 1203 esset

236 1227 525 1277 nociturus?
564 1228 772 1277 docilem
796 1229 1057 1291 quomodo,
1090 1244 1203 1276 cum
1227 1230 1363 1291 apud
1386 1245 1498 1277 eum
1523 1230 1672 1277 sciret
1695 1228 1930 1277 causam?

235 1319 335 1351 non
373 1303 648 1351 insinuatio
680 1302 890 1366 negotii⁷
930 1303 1015 1351 sed
1048 1303 1322 1366 disputatio
1354 1303 1525 1351 exinde
1558 1305 1728 1351 exorta
1757 1303 1931 1352 haberi
1962 1313 2004 1346 15

237 1377 422 1425 debuit.
498 1377 676 1439 incipit
724 1378 883 1440 igitur
933 1377 994 1424 ab
1044 1377 1166 1440 ipsis
1218 1377 1593 1439 quaestionibus
1649 1378 1928 1426 deformans

236 1451 425 1499 factum
463 1452 513 1499 et
551 1466 813 1512 personam
851 1452 1042 1511 mariti,
1089 1467 1325 1515 generum
1368 1451 1637 1513 inprobans
1685 1452 1791 1499 eius
1831 1467 1928 1499 ser-

235 1540 502 1587 monesque
552 1524 732 1587 quibus
774 1529 948 1588 sponte
994 1525 1072 1572 illi
1122 1525 1373 1573 obtulerat
1410 1525 1588 1586 filiam,
1642 1527 1715 1573 ita
1760 1527 1928 1573 tamen

237 1600 345 1662 agit
396 1614 509 1646 cum
553 1600 757 1660 marito,
809 1601 868 1646 ut
906 1599 1110 1647 suadere
1155 1599 1321 1661 potius
1377 1615 1527 1662 quam
1574 1599 1929 1661 reprehendere

235 1672 477 1720 videatur.
555 1673 878 1721 conveniebat
915 1674 1008 1720 hoc
1048 1674 1232 1736 quippe
1270 1673 1576 1721 reverentiae
1618 1673 1841 1721 maritali
1879 1676 1929 1722 et
1960 1685 2003 1717 20

237 1748 283 1794 ei
330 1763 458 1808 quae
505 1747 785 1809 imperandi
832 1748 1012 1809 cupida
1061 1747 1263 1795 mollius
1316 1747 1448 1809 apud
1498 1764 1609 1795 eum
1659 1747 1800 1809 loqui
1846 1747 1926 1795 de-

235 1821 412 1868 buerat
458 1821 547 1883 qui
604 1822 928 1883 principalem
981 1822 1033 1868 in
1089 1821 1245 1869 filiam
1306 1821 1482 1869 habuit
1530 1823 1830 1883 potestatem
1879 1825 1928 1870 et

235 1894 448 1942 hominis
495 1899 711 1943 mentem
758 1911 787 1943 a
833 1895 1075 1956 promisso
1123 1895 1355 1944 divellere
1403 1895 1649 1957 cupiebat.
1727 1895 1927 1956 oblitus,

235 1968 420 2031 inquit,
469 1968 587 2031 quid
633 1969 859 2031 patribus
913 1969 966 2016 in
1012 1969 1227 2017 filiarum
1273 1969 1619 2017 coniunctione
1667 1970 1928 2018 conveniat

235 2045 345 2090 tota
375 2043 572 2104 penitus
604 2044 791 2104 pietate
825 2045 976 2105 atque
1006 2044 1266 2091 honestate
1298 2045 1481 2092 reiecta
1511 2060 1611 2091 non
1641 2044 1926 2105 petentibus
1958 2053 2000 2086 25

236 2116 367 2164 ultro
407 2116 591 2179 ingeris
630 2117 806 2164 filiam!
883 2133 972 2164 nec
1018 2118 1195 2165 saltem
1240 2119 1444 2179 respicis
1486 2117 1664 2179 quibus
1707 2133 1796 2165 nec
1835 2117 1925 2165 sub

238 2205 336 2251 quo
377 2193 554 2239 eventu
596 2191 662 2238 sis
694 2191 924 2238 miseram
954 2191 1231 2239 traditurus
1263 2192 1541 2255 naufragis,
1579 2190 1724 2239 undis
1758 2192 1925 2239 eiectis

236 2267 286 2312 et
323 2265 574 2327 perpetuis
608 2264 850 2312 erroribus
890 2265 1053 2328 vagis,
1094 2265 1272 2327 quibus
1313 2265 1450 2313 sedes
1489 2265 1656 2312 nullae
1691 2267 1741 2312 et
1771 2265 1926 2313 domi-

236 2338 405 2386 cilium
443 2353 634 2399 semper
670 2339 927 2386 incertum.
1006 2339 1127 2400 quid
1173 2340 1376 2401 prodest
1415 2339 1596 2387 habere
1635 2339 1923 2400 praecipuos

237 2427 361 2475 quos
402 2411 465 2459 ad
504 2412 703 2459 exilium
750 2412 1102 2474 sempiternum
1148 2413 1351 2462 fortuna
1397 2411 1686 2460 damnavit?
1746 2413 1925 2460 vellem
1957 2423 1999 2454 30

235 2487 309 2548 id,
355 2487 556 2546 marite,
606 2486 732 2546 fieri,
789 2486 831 2535 si
878 2487 1094 2535 consiliis
1141 2489 1243 2535 tuis
1292 2486 1547 2535 commoda
1588 2486 1668 2534 vel
1717 2486 1924 2534 honesta

358 2647 411 2686 14
454 2656 623 2687 cum—
641 2656 827 2686 causam
875 2641 1080 2697 corrupit
1126 2642 1196 2684 ed.
1325 2646 1379 2684 15
1421 2642 1582 2685 habere
1625 2641 1844 2685 debuisset
1882 2641 1924 2684 V

238 2703 307 2746 ed.
348 2703 506 2747 haberi
543 2702 697 2745 debuit
733 2715 830 2744 nos.
957 2705 1008 2743 17
1041 2702 1189 2744 meriti
1219 2700 1261 2744 V
1291 2701 1449 2745 mariti
1487 2700 1557 2744 ed.
1606 2700 1609 2757 Ι
1661 2713 1850 2755 quorum
1881 2700 1923 2743 V

235 2776 447 2817 qenerum
493 2774 578 2804 nos
625 2774 711 2803 om.
752 2760 822 2803 ed.
891 2760 894 2817 1
963 2773 1184 2804 sermones
1229 2760 1392 2815 quibus
1429 2758 1472 2801 V
1519 2773 1554 2803 s.
1590 2760 1670 2814 qui
1714 2759 1784 2802 ed.
1833 2773 1921 2803 ser-

235 2834 470 2876 monesque
501 2820 663 2876 quibus
701 2833 797 2863 nos,
921 2823 976 2862 26
1009 2820 1172 2874 quibus
1201 2833 1282 2862 nec
1320 2832 1407 2861 om,
1442 2817 1512 2861 ed.
1635 2821 1691 2860 28
1723 2819 1850 2873 vaqis
1881 2818 1922 2860 V

237 2880 351 2923 actis
382 2880 452 2923 ed.
577 2882 632 2922 30
664 2879 852 2923 exilium
882 2879 1200 2932 sempiternum
1232 2877 1399 2921 omisso
1431 2877 1493 2920 ad
1522 2876 1565 2920 V
1596 2877 1732 2920 exilio
1762 2878 1921 2932 sempi-

238 2943 362 2982 terno
394 2939 464 2982 ed.
