2050 3226
223 142 293 196 38
694 138 928 184 DONATI
956 138 1238 184 INTERPR.
1263 138 1444 184 VERG.

222 279 315 328 sibi
352 279 601 344 coniungi.
675 281 922 328 tractatus
958 279 1041 326 hic
1078 294 1287 343 magnus
1327 280 1423 340 est,
1461 279 1520 326 ut
1554 278 1787 327 credibile
1824 279 1912 328 fiat

222 354 358 416 quod
409 369 511 402 non
562 355 760 416 poterat
813 354 962 402 credi.
1038 354 1208 416 gentes
1266 353 1399 401 enim
1458 352 1648 414 plureS,
1708 353 1914 415 plurimi

219 427 417 492 populi,
476 443 601 491 quos
653 428 793 475 nulla
846 427 1242 489 quaerendorum
1294 427 1593 475 auxiliorum
1645 428 1913 476 necessitas

221 505 439 567 cogeret,
486 501 685 565 quando
731 502 965 564 poterant
1002 502 1216 550 aliorum
1257 501 1616 549 adminiculum
1663 517 1914 564 quaerere,

220 576 318 625 nisi
356 576 477 640 quia
509 575 695 624 muniri
723 576 928 624 fortiore
958 591 1113 623 manu
1144 577 1195 623 et
1222 576 1487 623 meliorum
1517 590 1719 624 accessu
1748 576 1916 624 ornari

178 669 183 672 ·
221 649 521 713 cupiebant?
594 649 725 698 unde
780 646 899 713 quia
952 649 1120 712 potuit
1169 648 1269 697 dici
1328 650 1373 697 si
1419 649 1587 712 rogati
1636 650 1778 711 estis,
1828 665 1916 698 cur

221 740 321 773 non
367 726 443 772 est
487 724 678 772 factum
716 723 850 786 quod
894 722 1197 786 petebamini
1244 724 1294 770 et
1338 723 1586 786 supplices
1631 739 1765 772 nunc
1810 739 1914 772 esse

220 797 506 847 maluistis?
559 798 673 846 huic
721 799 857 860 parti
905 812 1018 845 mox
1058 797 1273 845 occurrit
1318 796 1485 846 dicens
1538 798 1625 846 sed
1671 812 1762 846 nos
1805 798 1914 857 fata

118 881 205 922 240
222 873 365 921 deam
413 876 601 920 vestras
646 873 893 932 exquirere
938 874 1095 919 terras
1138 871 1357 930 imperiis
1406 885 1539 932 eyere
1586 872 1720 920 suis:
1772 872 1913 920 dimi·

221 948 400 1008 simus,
437 946 624 1008 inquit,
674 945 985 994 commodum
1023 946 1248 993 nostrum
1293 947 1343 992 et
1381 945 1712 1007 conpendium
1755 962 1913 994 rema-

221 1021 371 1069 nendi
408 1023 459 1068 et
487 1020 711 1084 rogantis
742 1035 843 1067 non
874 1020 1171 1082 sprevimus,
1211 1018 1296 1066 sed
1327 1017 1530 1067 deorum
1563 1020 1703 1069 iussa
1734 1019 1912 1081 quibus

222 1095 286 1143 ad
330 1096 421 1143 has
471 1096 629 1143 terras
684 1094 954 1158 agebamur
1004 1093 1354 1155 praeponenda
1407 1093 1718 1142 credidimus.
1794 1094 1914 1142 haec

222 1169 428 1217 dicendo
483 1169 780 1217 nonnullum
829 1170 1015 1215 metum
1065 1166 1250 1230 ingerit
1298 1167 1544 1228 audienti,
1599 1184 1660 1215 ne
1712 1169 1917 1216 auderet

221 1259 403 1307 negare
442 1243 577 1304 quod
613 1242 946 1304 promiserant
990 1242 1209 1290 numina.
1285 1242 1398 1289 hine
1441 1242 1720 1290 Dardanas
1766 1245 1912 1298 ortus,

221 1318 314 1364 hae
350 1318 541 1376 repetit:
593 1332 682 1364 nec
719 1331 832 1376 nos,
876 1315 1064 1377 inquit,
1109 1316 1207 1363 huc
1246 1315 1476 1364 aestimes
1514 1331 1669 1364 novos
1707 1317 1915 1378 venisse,

223 1391 309 1440 sed
347 1391 638 1439 Dardanum
675 1405 918 1438 remeasse
965 1406 1078 1437 cum
1125 1390 1251 1450 suis,
1298 1405 1386 1437 nec
1431 1389 1689 1454 incognita
1734 1393 1914 1453 petere,

222 1465 308 1513 sed
345 1466 564 1527 repetere
604 1465 846 1528 originem
885 1466 1121 1511 nostram.
1189 1464 1431 1522 iussisque
1467 1465 1743 1524 inyentibas
1779 1468 1917 1525 aryel

222 1538 398 1598 Apollo
426 1539 729 1598 Tyrrhenam
759 1538 826 1585 ad
851 1538 1082 1598 Thybrim
1113 1540 1155 1584 et
1176 1538 1327 1596 fontis
1355 1538 1488 1585 vada
1518 1552 1665 1586 saera
1691 1539 1916 1586 Nwmiei:

220 1612 404 1674 Apollo
443 1613 566 1660 haec
604 1612 710 1659 fieri
746 1613 897 1659 iussit
934 1613 984 1659 et
1022 1611 1100 1659 sui
1147 1611 1444 1659 auctoritate
1489 1611 1703 1660 nominis
1752 1613 1915 1676 coegit

222 1689 272 1735 et
309 1686 493 1749 inpulit
529 1688 799 1748 potestate,
845 1687 905 1733 ut
946 1701 1290 1747 quaereremus
1331 1685 1572 1747 Thybrim
1617 1688 1669 1734 et
1715 1686 1916 1734 Numici

220 1761 555 1809 venerabilem
585 1760 787 1808 fontem.
851 1759 1022 1807 multis
1054 1759 1313 1823 generibus
1345 1759 1596 1807 adstruxit
1624 1759 1915 1822 petitionem

222 1850 387 1883 suam:
439 1834 659 1895 rogavit,
709 1834 913 1894 terruit,
961 1833 1278 1882 denuntiavit
1322 1833 1651 1881 inhumanum
1697 1834 1825 1895 fore,
1872 1835 1915 1882 si

221 1911 474 1971 sperneret
505 1923 643 1968 suos,
661 1921 663 1923 ’
683 1907 999 1970 sacrilegium
1035 1923 1231 1969 quoque
1260 1907 1597 1968 incursurum,
1637 1907 1680 1956 si
1710 1907 1913 1957 deorum

219 1981 462 2030 iudicium
492 1981 826 2045 refragatione
859 1981 1084 2030 violaret.
1154 1982 1239 2028 dai
1277 1982 1363 2029 tibi
1392 1985 1651 2041 praeterea
1687 1983 1913 2041 fortunae

213 2071 380 2117 parva
414 2057 598 2115 prioris
634 2070 862 2111 manera,
903 2056 1137 2114 reliquias
1171 2056 1321 2103 Troia
1353 2070 1408 2103 ex
1440 2056 1639 2104 ardente
1675 2060 1914 2115 receptas:

221 2132 478 2193 praeterea
536 2129 805 2192 inportune
865 2129 1086 2191 positum
1150 2128 1423 2190 videbitur,
1493 2130 1728 2192 quoniam
1788 2130 1913 2177 nihil

220 2205 386 2252 fuerat
423 2206 572 2252 antea
610 2203 804 2263 datum,
844 2203 887 2250 si
916 2203 1198 2250 intellectus
1230 2204 1505 2251 multorum
1534 2204 1911 2266 interpositione

221 2279 455 2326 confusus
495 2293 594 2324 non
631 2279 889 2325 reseretur.
949 2277 1095 2324 huius
1135 2277 1292 2340 igitur
1330 2277 1583 2340 aperiendi
1621 2292 1770 2325 causa
1800 2293 1912 2324 nar·

219 2351 429 2400 rationis
469 2351 725 2412 superiora
761 2352 1042 2412 repetamus
1080 2352 1385 2400 retrahentes
1419 2367 1545 2414 quae
1576 2348 1911 2400 narrationem

1949 959 1990 991 10

1947 1329 1987 1362 15

1945 1700 1989 1732 20

1944 2068 1987 2101 25

222 2426 520 2474 diviserunt:
572 2425 748 2472 Troius
793 2423 982 2472 Aeneas
1022 2427 1111 2472 tua
1149 2440 1238 2472 nos
1290 2426 1354 2472 ad
1391 2426 1566 2473 limina
1614 2426 1775 2486 misit,
1825 2425 1911 2473 dat
1943 2437 1984 2469 30

220 2500 313 2547 tibi
363 2501 622 2562 praeterea
671 2499 901 2545 fortunae
955 2514 1110 2559 parva
1163 2499 1340 2560 prioris
1395 2515 1621 2560 munera,
1674 2498 1909 2562 reliquias

221 2573 372 2621 Troia
410 2590 470 2620 ex
507 2572 710 2620 ardente
742 2574 979 2634 receptas
1049 2588 1157 2619 ecce
1190 2572 1419 2621 dictionis
1451 2573 1736 2637 integritas,
1774 2572 1912 2620 misit

220 2663 309 2696 nos
350 2648 567 2707 Aeneas,
607 2648 667 2693 ut
703 2661 988 2709 rogaremus
1026 2647 1098 2706 te,
1143 2649 1400 2708 praeterea
1440 2648 1527 2695 dat
1556 2646 1651 2695 tibi
1691 2662 1909 2694 munera.

342 2835 363 2872 1
405 2831 616 2875 credibile
645 2829 687 2874 V
726 2830 989 2874 incredibile
1029 2829 1099 2874 ed.
1223 2835 1248 2874 5
1288 2832 1513 2876 meliorem
1543 2829 1586 2873 V
1624 2830 1804 2874 meliore
1835 2829 1906 2872 ed.

221 2890 455 2933 meliorum
486 2903 582 2933 nos.
678 2893 731 2933 13
764 2889 946 2933 audiret
975 2888 1030 2932 V.
1124 2894 1178 2932 15
1211 2892 1437 2934 existimes
1468 2889 1539 2933 ed.
1627 2892 1679 2931 19
1711 2890 1909 2932 nominis

223 2948 263 2991 V
288 2948 359 2992 ed.
392 2950 625 2993 numinis?
747 2952 803 2990 24
835 2948 1110 2991 iudiciorum
1142 2948 1213 2992 ed.
1247 2949 1425 2992 iudicia
1456 2948 1527 2993 ed.
1560 2949 1679 3002 post.
