2050 3226
4 1780 14 2056 ὲ

0 2141 12 2443 ς

759 127 1064 174 AENEIDOS
1088 128 1197 173 VIII
1722 129 1826 184 151

141 271 231 334 qui
267 270 438 333 aliqua
476 267 717 318 violentia
760 268 1021 331 patefiunt.
1089 281 1198 330 erqo
1242 268 1497 328 insperata
1541 268 1832 328 deprensum

139 345 194 393 in
232 343 335 392 luce
370 346 565 403 repente
593 343 929 402 incbuswmque
959 356 1077 390 cavo
1107 356 1227 391 saxo
1260 344 1402 402 atque
1430 342 1625 390 insueta
1653 342 1831 391 ruden-

139 421 232 466 tem
275 418 481 478 desuper
524 415 723 465 Alcides
766 417 872 465 telis
908 417 1102 478 premit.
1185 431 1303 480 ergo
1351 431 1499 478 quem
1546 415 1836 478 prodiderat

140 492 226 541 lux
264 493 314 540 et
358 507 535 540 cavum
582 491 894 540 concluserat
938 506 1114 539 saxum
1158 489 1416 553 premebat
1453 489 1651 538 Alcides
1699 491 1835 539 omni

75 577 111 616 ,5
141 581 317 631 genere
354 565 570 614 telorum
606 566 715 614 loco
755 566 806 613 et
841 564 1027 614 virtute
1066 565 1307 628 superior.
1360 564 1447 612 i]le
1484 566 1655 613 tamen
1691 564 1834 612 rude-

36 698 42 707 Ι
139 640 228 689 bat
264 641 484 702 insueta,
521 639 720 688 insueta
757 638 892 700 ideo,
932 638 1052 702 quia
1096 655 1371 702 numquam
1417 638 1482 687 ad
1518 640 1716 687 tantam
1753 654 1835 686 ne·

141 715 423 764 cessitatem
470 716 689 764 venerat.
775 714 954 762 rudere
1005 713 1237 762 dicuntur
1280 713 1442 761 ferae:
1488 714 1838 762 convenienter

141 787 294 837 etiam
337 788 419 836 hic
463 788 640 848 rudere
679 788 842 837 dictus
883 789 979 850 est,
1020 787 1141 850 quia
1178 787 1377 837 semifer
1413 787 1524 837 fuit.
1602 791 1646 835 et
1680 787 1838 836 ramis
1853 795 1940 835 250

139 863 384 923 vastisque
421 863 692 911 molaribus
729 863 903 910 instat:
942 862 1061 924 quia
1097 862 1225 910 rami
1263 861 1497 910 arborum
1525 862 1740 910 minores
1774 861 1839 910 ad

67 949 113 983 ιο
139 936 429 1000 inplendam
461 936 579 986 Caci
607 952 777 985 necem
806 936 1043 1000 proficere
1076 937 1172 986 soli
1201 951 1302 984 non
1330 937 1586 999 poterant,
1616 935 1839 985 instabat

142 1014 192 1060 et
213 1011 487 1060 molaribus
510 1011 722 1075 magniS‚
746 1010 938 1060 seilicet
966 1010 1228 1060 roboribus
1261 1010 1493 1059 arborum
1522 1011 1838 1075 fragmentis-

142 1102 236 1148 que
277 1101 524 1134 saxorum.
576 1086 658 1133 ille
697 1088 859 1134 autem
898 1090 1073 1146 (neque
1111 1086 1240 1133 enim
1268 1085 1394 1146 fuya
1423 1086 1526 1133 iam
1556 1099 1704 1146 super
1732 1085 1840 1133 ulla

136 1160 332 1220 pericli)
378 1161 608 1220 faucibus
652 1160 891 1220 inqentem
934 1160 1129 1219 fumwm
1174 1154 1423 1224 (mirabile
1468 1159 1622 1220 dictu)
1670 1159 1842 1207 evomit

141 1234 433 1293 involvitque
463 1234 660 1282 domum
697 1234 903 1295 caliyine
933 1248 1077 1282 caeca
1109 1236 1418 1294 prospectum
1449 1234 1658 1293 eripiens
1689 1233 1841 1281 oculis

69 1322 112 1357 ιε
139 1309 464 1370 ylorneratque
508 1309 599 1356 sub
650 1311 791 1356 antro
841 1308 1130 1368 fumiferam
1178 1310 1361 1355 noctem
1415 1308 1683 1356 commixtis
1730 1308 1842 1368 iyne
1857 1315 1943 1356 255

143 1383 374 1431 tenebris:
422 1382 508 1430 ille
562 1397 676 1430 cum
725 1382 1006 1431 adverteret
1052 1382 1316 1430 discrimen
1362 1397 1595 1444 praesens
1641 1381 1843 1431 vivendi

142 1457 223 1505 vel
259 1456 487 1520 fugiendi
524 1471 663 1519 spem
701 1456 915 1518 nullam,
946 1457 1099 1506 vertit
1130 1471 1181 1504 se
1213 1455 1275 1504 ad
1315 1470 1375 1505 ea
1413 1456 1597 1518 quibus
1627 1456 1843 1519 putabat

141 1530 406 1579 Herculem
460 1531 638 1579 terreri
692 1531 915 1593 potuisse
971 1531 1108 1579 fumo
1155 1532 1306 1593 atque
1351 1530 1564 1579 flammis
1609 1531 1843 1580 universa

143 1605 465 1666 confundens,
502 1607 563 1652 ut
593 1607 762 1668 erepto
793 1605 929 1654 hosti
958 1607 1226 1668 prospectu
1256 1606 1442 1654 vitaret
1474 1604 1610 1668 quod
1639 1604 1844 1653 videbat

70 1693 114 1726 ιο
142 1679 344 1730 instare.
396 1694 496 1727 non
527 1679 636 1727 tulit
665 1677 864 1728 Alcides
902 1680 1108 1728 animis:
1145 1679 1223 1728 his
1254 1679 1454 1728 Alcides
1492 1679 1843 1743 magnanimus

143 1753 322 1802 terreri
358 1770 458 1802 non
503 1754 683 1816 potuit.
767 1768 909 1814 seque
953 1754 1058 1815 ipse
1094 1768 1189 1815 per
1233 1755 1392 1815 iynem
1431 1754 1692 1813 praecipiti
1736 1754 1847 1801 iecit

144 1829 299 1876 saltu:
328 1829 472 1876 tanto
504 1828 569 1875 ad
598 1828 843 1876 ultionem
873 1828 1067 1877 fervore
1098 1843 1370 1892 properans
1398 1827 1515 1876 Caci
1545 1829 1845 1891 contempsit

144 1901 374 1950 incendia
422 1919 608 1965 perque
657 1902 824 1965 ipsum
871 1902 1039 1967 ignem
1097 1918 1202 1951 sese
1254 1901 1532 1965 intrepidus
1585 1903 1703 1951 iecit
1755 1918 1844 1951 nec

145 1975 309 2039 ipsam
357 1976 455 2024 loci
508 1976 827 2024 altitudinem
875 1978 1117 2026 metuens.
1210 1991 1308 2036 qua
1354 1977 1604 2038 plurimus
1656 1976 1845 2026 undam

72 2063 116 2097 25
144 2052 314 2110 fumus
353 2051 454 2111 ayit
489 2051 759 2110 nebulaque
787 2052 959 2112 inqens
989 2065 1161 2112 specus
1191 2054 1383 2100 aestuat
1412 2054 1548 2099 atra:
1584 2051 1844 2113 prudentis

147 2124 366 2187 suspicio
406 2124 494 2173 illo
534 2123 772 2173 tendebat
807 2125 897 2173 ubi
935 2126 1097 2190 caligo
1134 2126 1311 2187 maior,
1350 2125 1548 2174 densior
1584 2126 1749 2174 fumus
1796 2127 1846 2174 et

147 2198 374 2247 incendia
420 2198 630 2248 fortiora
677 2199 976 2248 crescebant.
1061 2200 1279 2248 dubitari
1324 2201 1458 2247 enim
1501 2216 1602 2248 non
1647 2201 1846 2262 poterat

146 2272 253 2321 illie
291 2273 446 2321 latere
486 2272 830 2335 desperantem
867 2273 955 2322 ubi
992 2274 1224 2323 fortiores
1269 2273 1483 2323 insidiae
1530 2274 1843 2337 superabant.

147 2347 224 2395 hic
265 2345 449 2395 Cacum
486 2348 540 2394 in
579 2348 786 2395 tenebris
823 2348 1053 2396 incendia
1089 2364 1224 2397 vana
1260 2351 1525 2397 vomentem
1564 2349 1762 2408 corripit
1792 2349 1846 2395 in
1861 2357 1948 2398 260

0 2446 6 2487 3
74 2432 120 2466 ⁸0
149 2420 330 2469 nodum
369 2421 628 2480 conplexus
665 2420 739 2485 [et
769 2423 906 2483 anyit
933 2423 1193 2471 inhaerens
1224 2423 1365 2471 elisos
1396 2422 1557 2470 oculos
1587 2425 1630 2470 et
1667 2423 1847 2470 siccum

149 2496 390 2555 sanquine
423 2494 643 2557 yutturs·
682 2511 794 2544 cum
830 2512 930 2544 non
968 2495 1221 2545 videretur
1258 2497 1312 2544 in
1349 2496 1588 2557 tenebris,
1635 2512 1723 2559 per
1762 2511 1843 2544 eas

148 2568 357 2617 insidias
397 2572 574 2631 captus
614 2572 690 2618 est
729 2569 907 2632 quibus
946 2585 997 2618 se
1037 2572 1324 2634 speraverat
1370 2586 1648 2620 evasurum.
1733 2585 1846 2617 cum

271 2714 297 2753 6
339 2710 439 2754 ideo
473 2709 516 2753 V
561 2711 742 2767 quidem
784 2711 856 2755 ed.
986 2716 1011 2755 ‘1
1054 2712 1210 2767 faerae
1243 2711 1300 2757 V.
1424 2716 1478 2755 10
1514 2712 1730 2767 perficere
1771 2710 1842 2754 ed.

153 2772 208 2811 11
233 2770 598 2826 praementisque
623 2783 842 2815 saxorum
867 2769 907 2813 V
936 2771 1291 2828 fraymentisque
1319 2785 1354 2815 s.
1387 2785 1471 2814 nos
1495 2771 1846 2827 praeruptisque

151 2841 186 2871 s.
219 2827 412 2872 molibus
443 2828 515 2872 ed.
631 2834 686 2873 13
711 2830 879 2885 pericli
907 2835 973 2875 est
1002 2829 1073 2875 ed.
1190 2835 1244 2875 17
1277 2831 1348 2875 vel
1370 2829 1412 2873 V
1444 2835 1485 2874 et
1516 2829 1587 2872 ed.
1698 2833 1752 2873 18
1784 2835 1846 2874 te-

152 2887 254 2930 neri
283 2886 353 2930 ed.
448 2891 503 2930 23
531 2901 701 2945 perque
731 2890 882 2945 ipsum
912 2890 1060 2946 iynem
1083 2888 1126 2933 V
1149 2891 1323 2934 temere
1347 2890 1461 2932 mut.
1488 2888 1558 2932 ed.
1646 2893 1702 2934 30
1734 2894 1843 2934 et—

155 2948 208 2987 31
240 2951 398 3002 quitur
429 2945 562 2991 deest
590 2947 641 2991 in
663 2947 719 3002 V,
753 2948 836 2992 sed
868 2947 1140 3004 explicatur.
