2050 3226
223 167 332 220 230
695 165 928 210 DONATI
958 165 1024 209 IN
1026 165 1239 210 TERPR.
1264 165 1443 210 VERG.

117 315 202 354 315
244 302 247 305 ’
336 306 540 366 Eyressi
584 309 820 365 superant
862 307 1025 365 fossas
1070 306 1312 364 noctisque
1350 319 1443 365 per
1485 306 1713 354 mnbram
1751 309 1914 354 eastra

220 380 423 428 inimica
445 383 641 440 petunt:
679 379 986 428 transierunt
1016 379 1175 427 fossas
1209 378 1389 441 quibus
1413 379 1513 428 tuti
1537 382 1684 428 antea
1715 379 1914 428 fuerant

219 455 270 501 et
314 456 646 516 pervenerunt
692 453 755 502 ad
800 454 910 502 loca
954 453 1066 515 ipsa
1110 453 1164 500 in
1203 453 1384 515 quibus
1427 453 1672 518 degebant
1707 453 1914 515 inimici,

220 527 353 590 quod
403 527 503 576 fuit
552 529 688 576 factu
742 528 1038 576 facillimum
1089 528 1294 575 iuvante
1347 527 1531 576 auxilio
1583 527 1912 576 tenebrarum.

221 604 384 650 castra
424 602 548 650 dixit
585 601 795 650 militari
836 617 973 649 more
1012 617 1111 649 non
1158 603 1442 650 constructa
1486 601 1782 664 parietibuS‚
1829 601 1914 650 sed
1967 616 1987 649 5

219 676 385 724 locum
432 676 519 739 qui
566 675 767 724 tenebat
818 675 1099 723 exercitum.
1182 675 1348 723 multis
1393 678 1555 724 tamen
1601 679 1712 724 ante
1756 676 1916 735 futuri

219 751 384 798 exitio:
429 749 524 798 etsi
569 751 779 813 perituri
817 751 1038 810 fuerant,
1077 750 1183 797 erat
1220 751 1388 797 tamen
1429 750 1671 798 solacium
1712 748 1914 814 gloriae,

219 823 339 886 quia
383 825 568 872 multos
615 826 729 872 ante
776 825 976 871 fuerant
1021 823 1243 871 occisuri.
1325 824 1529 872 inimica
1571 826 1736 872 castra
1774 823 1915 884 dixit,

171 928 175 930 -
220 899 455 960 quoniam
500 898 589 946 illo
637 898 995 946 contenderant
1038 898 1169 945 unde
1208 913 1308 945 non
1357 900 1498 945 erant
1534 897 1765 946 redituri:
1815 913 1914 945 non

218 988 335 1036 ergo
368 972 515 1034 quasi
545 971 767 1021 diversae
799 973 957 1035 partis
990 974 1155 1020 castra
1189 971 1316 1019 dixit
1345 972 1572 1032 inimica,
1611 971 1697 1020 sed
1727 973 1913 1035 specia-
1946 987 1989 1019 10

217 1046 332 1094 liter
347 1046 469 1094 Niso
495 1047 544 1094 et
560 1046 797 1109 Euryalo.
837 1046 1142 1095 occasionem
1165 1045 1475 1109 peragendae
1499 1045 1661 1094 caedis
1678 1045 1917 1094 dederant

218 1121 304 1182 qui
349 1120 580 1169 iacebant
622 1137 713 1183 pro
752 1121 984 1182 mortuis,
1029 1122 1204 1183 utpote
1252 1135 1376 1182 quos
1415 1121 1720 1184 fatigaverat
1768 1120 1914 1169 ludus

218 1198 268 1243 et
299 1194 511 1243 ebrietas
547 1198 795 1257 presserat
825 1198 874 1243 et
897 1195 1185 1257 possederat
1216 1210 1429 1242 somnus.
1492 1210 1602 1242 ecce
1625 1194 1914 1256 conparatio

217 1270 347 1332 regis
388 1270 437 1316 et
474 1269 619 1332 regis,
652 1270 832 1317 ducum
872 1272 921 1317 et
960 1269 1156 1330 ducum,
1188 1268 1429 1316 exercitus
1462 1271 1511 1316 et
1543 1269 1801 1330 exercitus,
1833 1285 1914 1332 ge-

218 1346 409 1391 storum
438 1343 491 1390 in
523 1343 851 1391 Troianorum
882 1346 1024 1406 parte
1057 1345 1108 1391 et
1136 1343 1462 1391 Rutulorum:
1500 1342 1694 1391 Aeneas
1735 1343 1914 1390 descri—
1947 1356 1988 1390 15

217 1417 356 1465 bitur
378 1417 594 1481 vigilans
620 1420 670 1464 et
700 1418 753 1465 in
784 1417 1060 1481 peregrinis
1093 1432 1242 1480 agens
1267 1418 1398 1464 inter
1428 1416 1589 1481 gentis
1620 1417 1914 1481 incognitas,

218 1492 414 1539 Turnus
440 1491 612 1540 sedens
637 1492 690 1539 in
709 1492 822 1540 luco
843 1492 971 1539 nihil
995 1492 1237 1555 cogitans,
1260 1493 1433 1553 utpote
1459 1492 1546 1554 qui
1569 1491 1696 1539 nihil
1712 1506 1914 1553 prorsus

217 1566 394 1614 fuisset
432 1565 716 1629 adgressus,
755 1565 853 1614 nisi
890 1568 1019 1614 esset
1055 1566 1285 1628 inpulsus
1326 1565 1388 1613 ab
1427 1581 1486 1613 ea
1518 1581 1644 1628 quae
1684 1564 1912 1613 Troianis

217 1643 346 1689 esset
376 1639 580 1688 inimica
612 1656 837 1703 quaeque
869 1642 1041 1703 ageret
1064 1655 1266 1688 causam
1298 1654 1439 1687 suam
1462 1640 1513 1687 et
1535 1639 1749 1688 aliorum
1779 1640 1912 1688 malo

216 1715 328 1777 ipsa
358 1713 560 1762 Aenean
598 1715 839 1762 niteretur
869 1714 1110 1776 occidere3
1149 1714 1392 1762 exercitus
1431 1729 1546 1762 vero
1585 1713 1913 1761 Troianorum
1944 1727 1988 1760 20

216 1787 456 1836 mandata
478 1790 608 1852 regis
633 1789 711 1837 sui
733 1789 865 1836 recte
890 1788 1185 1849 custodiens,
1202 1787 1433 1852 vigilans,
1459 1787 1666 1849 sobrius,
1690 1789 1912 1836 intentus

218 1878 275 1910 ac
314 1862 525 1926 diligens
564 1865 614 1911 et
651 1879 711 1910 ne
750 1865 869 1911 tunc
902 1863 1103 1925 quidem
1135 1861 1326 1925 aliquid
1357 1861 1626 1911 concedens
1659 1863 1761 1910 otio
1801 1878 1913 1910 cum

216 1937 373 1984 hostis
406 1937 579 1985 vinum
610 1938 659 1984 et
691 1952 889 1985 somnus
923 1944 1250 1999 oppresserat,
1281 1936 1585 1984 Rutulorum
1615 1952 1731 1985 vero
1764 1937 1912 1997 iners,

218 2010 505 2071 dissolutus,
522 2011 840 2072 temulentus,
855 2011 974 2059 belli
997 2013 1218 2073 tempore
1243 2011 1523 2058 luxuriosus
1548 2026 1836 2073 pronusque
1859 2012 1911 2058 in

216 2085 391 2132 ludum
413 2087 709 2148 tantumque
733 2085 797 2132 ad
819 2085 1024 2134 insidias
1048 2088 1239 2148 patens,
1256 2086 1315 2132 ut
1338 2084 1530 2133 duobus
1547 2084 1775 2133 Troianis
1800 2100 1907 2133 san·
1943 2097 1985 2130 25

218 2158 415 2223 guinem
449 2159 760 2221 praebuisset
791 2162 842 2207 et
873 2161 1014 2208 colla.
1077 2175 1202 2221 quos
1236 2158 1353 2206 licet
1384 2159 1592 2207 adversa
1621 2160 1911 2219 tenuissent,

218 2248 364 2281 ausos
387 2236 555 2280 tamen
578 2233 898 2281 memorabile
924 2233 1022 2281 fuit
1055 2235 1104 2281 et
1128 2234 1431 2282 interfecisse
1454 2233 1696 2295 plurimos
1730 2232 1911 2296 glorio-

218 2323 342 2355 sum.
404 2307 749 2355 describuntur
782 2309 881 2356 iam
916 2307 1130 2355 ludibria
1161 2307 1482 2355 Rutulorum:
1517 2307 1708 2367 passim
1744 2321 1910 2354 somno

217 2382 420 2441 vinoque
447 2395 540 2440 per
577 2382 771 2429 herbam
813 2397 1017 2442 corpora
1053 2383 1172 2442 fusa
1201 2381 1376 2429 vident.
1437 2380 1624 2442 passim
1657 2380 1781 2428 dixit
1811 2397 1910 2429 non

217 2471 352 2503 more
387 2455 717 2503 dormientum
751 2472 862 2503 cum
895 2455 1204 2504 ordinatione
1242 2455 1432 2517 aliqua,
1468 2454 1553 2502 sed
1585 2454 1663 2501 uti
1698 2455 1910 2518 quisque
1943 2467 1986 2498 30

219 2531 478 2593 superatus
517 2529 754 2578 ebrietate
795 2530 1096 2590 conciderat,
1135 2545 1233 2577 non
1270 2528 1439 2577 stratis
1478 2529 1659 2590 iacere,
1698 2529 1783 2576 sed
1822 2546 1911 2592 per

340 2691 364 2729 9
398 2686 720 2731 contenderant
743 2685 783 2727 V
810 2686 880 2729 ed.
914 2686 1077 2730 hant?
1169 2689 1224 2728 20
1255 2685 1358 2740 ipsa
1381 2684 1422 2727 V
1451 2685 1602 2739 ipsum
1633 2684 1704 2727 ed.
1749 2683 1753 2742 Ι
1797 2685 1909 2728 oeci-

219 2747 323 2790 dere
346 2746 387 2789 V
419 2747 678 2802 eoetinyuere
709 2744 779 2788 ed.
903 2749 958 2787 22
991 2758 1076 2800 qno
1100 2744 1142 2787 V
1167 2744 1237 2787 ed.
1271 2758 1372 2787 eum
1410 2757 1493 2786 nos
1535 2744 1746 2799 (fortasse
1777 2757 1909 2798 quom

219 2806 268 2849 in
309 2805 560 2860 archetypo
604 2804 725 2859 fuit).
856 2807 911 2846 23
955 2804 1076 2847 iners
1118 2804 1364 2847 dissolutus
1393 2801 1436 2844 V
1473 2805 1648 2846 temere
1686 2803 1798 2846 mut.
1836 2802 1907 2845 ed.

222 2870 277 2908 24
320 2866 587 2908 temulentus
621 2863 663 2906 V
705 2876 759 2906 ae
801 2864 1044 2906 temulenta
1084 2864 1184 2907 vini
1223 2863 1292 2906 vis
1334 2861 1404 2904 ed.
1454 2861 1457 2918 A
1506 2862 1767 2905 Znaeuriosas
1802 2875 1909 2916 pro-

220 2938 390 2979 nasque
428 2924 499 2967 ed.
622 2927 677 2966 25
711 2926 877 2978 patens
907 2921 948 2963 V
982 2927 1188 2977 patentes
1216 2921 1461 2976 impulerat
1491 2921 1561 2963 ed.
1684 2925 1739 2964 26
1772 2933 1909 2976 prae-

222 2984 422 3027 buissent
452 2983 522 3026 ed.
646 2986 699 3024 27
734 2995 874 3025 ausus
898 2980 939 3023 V
963 2981 1034 3024 ed.
1067 2994 1203 3025 ausos
1233 2993 1329 3023 nos.
1378 2980 1382 3037 Ι
1432 2980 1734 3024 memorabilis
1765 2979 1835 3023 ed.
