2050 3226
601 842 756 896 AEN
756 840 973 896 EIDOS
1011 841 1234 895 LIBER
1270 840 1388 895 ΧΠ.

267 967 468 1014 Turnus
512 969 567 1014 nt
610 966 848 1027 infractos
898 965 1101 1014 adverso
1146 966 1314 1014 Marte
1359 965 1569 1014 Latinos
1615 966 1843 1027 defecisse

145 1040 297 1089 videt:
346 1056 493 1104 saepe
542 1040 755 1090 diximus
800 1039 1042 1088 librorum
1087 1039 1254 1102 capita
1293 1055 1323 1088 a
1362 1041 1628 1088 continuae
1673 1056 1843 1090 narra-

146 1115 298 1163 tionis
336 1117 480 1164 textu
516 1130 617 1162 non
655 1130 759 1164 esse
793 1114 1027 1176 discreta,
1066 1114 1153 1163 sed
1180 1114 1363 1162 habere
1391 1114 1661 1163 transitum
1692 1130 1842 1178 quen-

148 1188 282 1255 dam,
315 1206 464 1252 quem
493 1188 680 1238 habent
706 1188 944 1237 dictiones
977 1189 1130 1237 etiam
1159 1189 1213 1236 in
1243 1187 1421 1237 medio.
1474 1188 1658 1237 finibus
1687 1189 1845 1254 igitur

96 1278 115 1311 5
146 1263 395 1312 undecimi
420 1262 551 1324 libri,
583 1264 670 1327 qui
690 1263 996 1312 Rutulorum
1026 1261 1308 1312 certaminis
1337 1262 1547 1312 adversa
1576 1263 1846 1324 continent,

148 1339 301 1401 caput
355 1337 635 1387 duodecimi
678 1337 956 1400 respondet.
1040 1336 1247 1400 proinde
1292 1336 1500 1386 Latinos
1548 1352 1674 1399 quos
1721 1337 1847 1386 dixit

147 1427 246 1460 non
286 1412 416 1460 solos
456 1411 687 1460 debemus
728 1413 950 1475 accipere
992 1411 1081 1474 qui
1118 1411 1208 1460 sub
1247 1410 1429 1459 Latino
1470 1411 1707 1475 agebant,
1760 1412 1847 1460 sed

148 1501 229 1534 eos
262 1501 458 1549 quoque
491 1485 580 1548 qui
610 1487 816 1534 fuerunt
844 1486 898 1534 in
927 1485 1153 1548 partibus
1186 1485 1366 1548 Turni3
1405 1502 1521 1535 nam
1556 1485 1628 1534 sic
1658 1485 1847 1534 dictum

148 1563 223 1609 est
263 1558 503 1608 Camillae
542 1562 703 1609 morte
743 1561 903 1610 omnis
942 1575 1047 1608 esse
1085 1559 1339 1621 turbatos,
1377 1562 1437 1607 ut
1474 1561 1637 1623 primo
1675 1560 1849 1609 Volsci

75 1650 117 1682 10
146 1635 200 1682 in
239 1634 414 1698 fugam
451 1635 582 1683 versi
613 1634 921 1685 viderentur:
962 1650 1071 1683 ecce
1109 1634 1255 1682 mixti
1284 1634 1507 1695 fuerant,
1546 1649 1647 1682 non
1676 1633 1849 1683 Latini

148 1709 265 1770 soli,
312 1708 397 1757 sed
437 1709 590 1757 etiam
629 1709 719 1757 ah'i
757 1709 1046 1774 congregati
1085 1725 1143 1756 ex
1180 1709 1409 1771 plurimis
1449 1707 1696 1772 gentibus.
1771 1709 1846 1756 in·

147 1783 333 1832 fractos
373 1783 603 1831 nonnulli
645 1783 700 1830 in
739 1782 930 1832 duabus
976 1783 1200 1846 partibus
1253 1782 1489 1831 orationis
1528 1785 1725 1845 ponunt
1762 1783 1848 1830 ad-

149 1860 366 1905 serentes
404 1858 459 1905 in
506 1857 776 1920 aliquando
821 1860 1045 1906 minuere
1084 1859 1135 1905 et
1177 1873 1359 1921 augere
1406 1855 1692 1919 aliquando.
1766 1856 1848 1905 hic

149 1934 317 1979 tamen
357 1933 552 1980 constat
588 1948 688 1980 non
719 1933 894 1996 negari
924 1932 1131 1992 fractos,
1172 1931 1257 1979 sed
1287 1932 1455 1993 potius
1487 1930 1631 1980 valde
1662 1931 1848 1980 fractos

78 2020 120 2052 15
151 2005 367 2066 ostendi,
419 2005 553 2068 quod
602 2006 768 2069 ipsum
827 2009 886 2055 ut
941 2005 1226 2068 plenissime
1278 2005 1560 2067 roboretur,
1607 2005 1847 2054 infit-actos

149 2079 203 2126 in
249 2095 351 2127 una
392 2082 535 2142 parte
581 2080 822 2129 orationis
867 2096 1048 2143 ponere
1095 2079 1328 2128 debemus
1375 2081 1434 2128 ut
1477 2082 1553 2128 est
1596 2079 1847 2128 inflexum.

150 2152 372 2215 infi-acti,
403 2154 592 2217 inquit,
624 2155 823 2203 fuerant
845 2153 1017 2202 Latini
1047 2153 1339 2218 pugnando:
1377 2154 1582 2202 infracti
1604 2153 1851 2203 sentiendi

151 2230 270 2276 sunt
308 2227 474 2276 animo
513 2229 704 2277 scilicet
742 2231 792 2277 et
829 2228 1042 2289 viribuS,
1091 2230 1265 2291 utpote
1306 2227 1393 2290 qui
1442 2227 1649 2277 adverso
1687 2228 1847 2276 Marte

151 2305 459 2365 pugnassent
496 2305 546 2350 et
577 2302 869 2351 deteriorem
907 2304 1207 2364 metuerent,
1244 2302 1447 2351 infracti
1477 2318 1593 2366 ergo
1627 2301 1714 2364 qui
1742 2302 1848 2350 nol-

78 2390 122 2423 20
152 2376 258 2424 lent
289 2376 525 2440 congredi
554 2379 604 2425 et
635 2378 722 2440 qui
751 2378 854 2425 iam
885 2391 1108 2440 pugnare
1139 2392 1238 2424 non
1266 2379 1482 2440 possent.
1536 2391 1693 2438 usque
1726 2375 1848 2424 adeo

154 2449 296 2498 valde
328 2451 512 2498 fractos
546 2450 692 2512 dixit,
723 2454 780 2499 ut
811 2453 1049 2513 sequatur
1079 2450 1314 2499 defecisse
1338 2450 1488 2500 videt.
1543 2450 1746 2498 deficere
1775 2452 1852 2498 est

153 2524 283 2571 enim
320 2541 419 2573 non
458 2527 655 2572 tantum
694 2525 872 2573 lassari
909 2540 1082 2573 verum
1124 2524 1276 2574 etiam
1316 2542 1345 2573 a
1384 2523 1640 2573 commodo
1679 2522 1848 2572 unius-

154 2599 391 2661 cuiusque
455 2598 528 2645 rei
589 2598 856 2658 discedere,
918 2598 1050 2661 quod
1103 2599 1195 2647 hoc
1248 2600 1356 2647 loco
1410 2597 1722 2647 sentiendum
1775 2601 1851 2647 est

155 2671 409 2734 defecisse,
447 2688 538 2735 pro
578 2673 744 2720 Turno
789 2672 889 2720 iam
937 2673 1068 2722 nolle
1107 2689 1332 2737 pugnare
1371 2675 1422 2720 et
1459 2672 1709 2720 adfectum
1748 2687 1848 2720 cer-

81 2759 123 2792 25
154 2747 422 2807 tammum,
462 2746 595 2808 quod
632 2747 842 2795 ulterius
873 2746 1000 2795 ferre
1038 2763 1138 2795 non
1169 2749 1420 2810 poterant,
1458 2746 1697 2794 reiecisse.
1755 2760 1850 2794 sua

275 2891 301 2930 ὅ
334 2889 567 2932 continent
590 2886 632 2929 V
656 2888 855 2932 continet
877 2887 948 2932 ed.
1046 2894 1072 2932 6
1096 2888 1328 2944 respondit
1350 2886 1390 2930 V
1417 2901 1531 2931 corr.
1558 2887 1629 2931 ed.
1724 2891 1747 2930 7
1773 2887 1850 2931 sed

154 2960 228 2990 eos
250 2945 293 2989 V
323 2953 367 2991 et
395 2947 617 3002 interpos.
643 2946 713 2990 ed.
808 2951 834 2990 9
865 2952 1050 2993 mortem
1072 2947 1128 2991 V.
1165 2956 1168 3003 ι
1198 2948 1403 3003 primum
1435 2947 1506 2990 ed.
1601 2951 1656 2990 14
1686 2959 1851 3002 neyare

156 3005 275 3049 edF.
369 3010 422 3049 19
455 3006 671 3050 deteriore
689 3005 732 3049 V
755 3020 841 3051 -ra
866 3006 938 3052 ed.
1030 3011 1087 3051 20
1114 3008 1209 3051 iam
1237 3020 1324 3051 om.
1352 3005 1424 3050 ed.
1516 3010 1571 3049 22
1597 3006 1754 3050 lazari
1777 3005 1849 3049 ed.

247 3095 344 3127 Don.
362 3094 522 3134 interpr.
535 3096 648 3135 Verg.
673 3096 747 3127 vol.
763 3095 815 3127 11.
1527 3098 1581 3137 35
