2050 3226
818 151 1121 197 AENEmos
1151 150 1216 196 XI
1751 155 1861 210 489

170 290 390 352 hibetur,
438 293 496 340 ut
544 292 707 340 virum
752 292 934 341 fortem
979 307 1009 341 a
1054 291 1272 355 scapulis
1318 293 1554 355 contegat
1596 307 1751 355 usque
1799 292 1862 342 ad

171 366 358 414 ventris
396 364 629 414 ultimam
666 368 873 429 partem.
952 380 1160 429 squama.
1197 367 1274 415 est
1311 381 1440 428 quae
1487 368 1712 415 currente
1750 366 1861 415 sub·

169 439 356 488 tilitate
394 440 518 488 artis
558 439 627 489 sic
658 441 976 503 conponitur‚
1013 442 1072 488 ut
1105 439 1349 503 serpentis
1385 440 1609 489 imitetur
1647 440 1861 489 exuvias.

168 527 406 575 surasque
434 513 700 562 incluserat
728 529 872 571 aure,
906 518 1122 576 tempora
1150 514 1316 562 nudus
1346 514 1529 563 adhuc:
1565 516 1681 577 post
1701 517 1862 562 muni·

70 621 73 626 .
168 589 337 636 menta
387 588 573 651 quippe
626 587 782 637 totius
833 587 1050 651 corporis
1101 587 1357 638 inducitur
1400 588 1559 652 galea.
1636 591 1862 651 tempora

95 969 138 1002 10

94 1338 135 1372 15

91 1712 134 1745 80

91 2086 133 2119 25

168 662 329 711 nudus
380 677 534 726 genus
587 678 692 711 esse
744 662 1012 712 locutionis
1071 663 1313 712 similibus
1363 662 1484 711 locis
1543 662 1861 712 ostendimus,

168 736 400 796 laterique
445 737 721 785 accinxerat
770 751 955 786 ensem:
1003 737 1218 800 sumpsit
1267 737 1370 785 alia
1419 736 1597 799 quibus
1646 739 1864 786 muniret

168 812 348 873 corpus
394 825 562 872 suum,
608 826 773 860 ensem
819 826 935 860 vero
987 827 1084 874 quo
1130 811 1396 873 perimeret
1442 810 1668 860 inimicos
1714 811 1864 860 lateri

167 899 255 933 suo
288 886 404 947 apte
435 884 707 947 suspendit.
756 885 1062 946 futyebatque
1093 885 1196 934 alta
1226 885 1486 934 decurrens
1516 899 1699 934 aureus
1728 900 1863 935 arce:
1878 893 1964 933 490

167 957 366 1007 veniens
407 958 469 1007 ab
509 974 620 1007 arce
649 961 788 1008 totus
820 974 1002 1008 aureus
1033 959 1320 1022 apparebat.
1379 959 1650 1021 exultatque
1681 961 1863 1009 animis

167 1036 211 1080 et
238 1047 323 1093 spe
350 1033 454 1082 iam
476 1033 719 1094 praecipit
747 1034 951 1082 hostem:
980 1033 1051 1082 sic
1075 1034 1255 1082 animis
1287 1033 1558 1094 exultabat,
1585 1035 1644 1082 ut
1668 1033 1863 1082 hostem

165 1107 268 1155 iam
322 1122 374 1156 se
427 1122 686 1171 superasse
741 1107 1020 1156 confideret.
1095 1107 1316 1156 mittitur
1367 1107 1680 1171 conparatiO,
1733 1123 1861 1171 quae

167 1180 389 1230 carmina
427 1183 687 1231 consuevit
724 1198 919 1231 ornare:
971 1182 1131 1242 qualis
1175 1183 1262 1230 ubi
1299 1183 1521 1242 abruptis
1558 1183 1685 1243 fuyit
1714 1196 1862 1242 prae·

165 1256 302 1315 sepia
339 1256 514 1304 vinetis
552 1257 748 1304 tandem
779 1256 899 1304 liber
929 1270 1078 1315 equus
1115 1254 1406 1318 [campoque
1427 1257 1614 1316 potitus
1652 1259 1816 1316 aperto
1811 1254 1863 1318 ].·

165 1331 426 1392 praesepia
450 1329 650 1392 quidem
680 1332 885 1393 propter
915 1331 1204 1379 alimoniam
1227 1333 1373 1394 grata
1404 1332 1521 1378 sunt
1543 1329 1861 1391 animalibuS‚

165 1404 252 1452 sed
283 1403 524 1453 diuturna
553 1405 764 1453 retentio
795 1405 1109 1454 vinculorum
1138 1404 1240 1452 illis
1277 1403 1543 1453 admodum
1573 1404 1739 1468 gravis
1771 1407 1861 1453 est.

164 1477 370 1540 proinde
407 1479 671 1541 praesepia
708 1478 992 1542 fugiuntur,
1039 1494 1150 1526 cum
1190 1481 1305 1542 post
1351 1478 1602 1527 exclusam
1643 1478 1860 1527 inediam

165 1551 466 1601 desiderium
502 1552 747 1601 libertatis
788 1552 997 1614 accedit,
1047 1556 1105 1602 ut
1141 1554 1377 1616 pensetur
1412 1553 1708 1601 luxuriando
1746 1568 1859 1615 cap-

163 1625 338 1676 tivitas
372 1629 423 1675 et
443 1627 604 1690 ruptis
628 1627 842 1676 vinculis
866 1627 1148 1676 taediorum
1171 1642 1322 1675 nexus
1347 1626 1562 1690 nodique
1586 1627 1860 1675 solvantur.

165 1704 252 1749 aut
279 1701 361 1750 ille
389 1702 445 1750 in
469 1704 667 1762 pastus,
707 1702 800 1750 hoc
831 1704 908 1750 est
936 1701 989 1749 in
1019 1703 1168 1765 prata
1198 1702 1277 1751 vel
1308 1716 1517 1764 pascua,
1548 1704 1862 1760 armentaque

163 1775 314 1823 tendit
350 1790 610 1836 equarum:
659 1778 750 1823 aut
795 1776 980 1825 ventris
1028 1778 1117 1824 aut
1154 1775 1376 1824 libidinis
1415 1790 1567 1824 causa
1614 1777 1860 1837 raptatur.

164 1853 251 1896 aut
281 1850 513 1898 adsuetus
544 1864 701 1909 aquae
725 1850 965 1911 perfundi
987 1850 1188 1908 flumine
1217 1853 1351 1897 noto:
1382 1851 1472 1898 aut
1501 1850 1631 1897 certe
1654 1849 1860 1898 festinat
1876 1854 1962 1894 495

165 1923 230 1971 ad
266 1923 475 1985 flumen,
515 1925 658 1972 cuius
698 1940 829 1987 aqua
867 1923 1030 1973 lavari
1067 1924 1338 1972 consuevit.
1400 1924 1594 1972 emicat:
1635 1924 1742 1986 ipse
1781 1939 1859 1972 ex-

163 1997 306 2059 ponit
355 1997 478 2060 quid
526 1998 594 2046 sit
643 1998 844 2047 emicat:
903 1999 1195 2057 arrectisque
1241 1998 1406 2057 fremit
1453 1998 1718 2046 cervicibus
1767 1998 1860 2046 alte

164 2071 425 2120 luxurians
471 2072 735 2132 luduntque
779 2073 924 2120 iubae
963 2087 1055 2132 per
1093 2072 1235 2128 colla,
1269 2086 1364 2132 per
1401 2086 1588 2120 armos:
1625 2072 1718 2120 hoc
1753 2075 1859 2120 erat

164 2145 396 2207 emicare,
427 2146 621 2208 placere
653 2145 750 2194 sibi
781 2147 917 2194 omni
946 2149 1090 2209 parte
1120 2145 1474 2207 membrorum,
1506 2146 1623 2194 dum
1655 2146 1859 2194 arrectis

164 2219 436 2268 cervicibus
476 2235 527 2268 se
566 2219 618 2268 in
659 2221 819 2268 altum
858 2220 1026 2283 erigit,
1074 2219 1192 2268 dum
1230 2236 1318 2283 per
1356 2220 1484 2269 colla
1527 2221 1634 2268 eius
1672 2236 1858 2283 perque

164 2309 326 2343 armos
365 2294 591 2342 ludentes
632 2309 798 2342 comae
838 2294 1138 2343 funduntur:
1175 2295 1270 2342 hoc
1309 2293 1372 2343 ad
1413 2309 1610 2356 corpus,
1653 2293 1716 2341 ad
1755 2295 1858 2341 ani-

163 2384 300 2416 mum
345 2384 461 2417 vero
508 2368 677 2416 fremit
722 2370 774 2416 et
818 2368 1099 2417 luxuriatur
1136 2368 1366 2431 pertinet.
1443 2369 1586 2417 obvia
1624 2368 1702 2416 cui
1750 2367 1858 2415 Vol-

284 2558 310 2597 2
342 2559 548 2599 currente
571 2553 611 2597 V
638 2553 709 2597 ed.
742 2566 800 2597 ne
832 2555 1099 2610 suspectum
1122 2554 1339 2598 videatur
1363 2554 1418 2597 cf.
1448 2558 1488 2605 2,
1509 2557 1606 2597 765.
1693 2558 1718 2596 5
1751 2558 1856 2597 tem-

157 2626 268 2669 pore
313 2613 380 2669 (in
426 2613 646 2658 lemmate
692 2614 909 2668 tempora)
949 2612 1004 2657 V.
1140 2618 1193 2657 12
1236 2614 1435 2658 mittitur
1468 2612 1510 2656 V
1553 2611 1742 2656 additur
1784 2611 1854 2655 ed.

168 2677 221 2715 14
252 2677 733 2728 campoque—aperto
765 2672 896 2715 deest
925 2671 975 2716 in
998 2671 1054 2726 V,
1087 2672 1168 2716 sed
1201 2672 1474 2728 explicatur.
1522 2671 1526 2729 Ι
1571 2672 1750 2726 potitur
1784 2671 1855 2714 ed.

167 2735 221 2774 16
251 2733 441 2776 retentio
464 2731 506 2775 V
535 2732 780 2776 retinentia
810 2731 882 2775 ed.
1013 2736 1066 2775 17
1105 2732 1294 2789 fugiunt
1332 2731 1403 2774 ed.
1534 2733 1589 2773 20
1628 2735 1857 2774 armenta-

164 2803 549 2847 que—equarum
586 2792 694 2846 post
726 2795 891 2846 pastus
925 2790 1032 2835 add.
1065 2790 1153 2844 ed„
1185 2790 1267 2834 sed
1298 2789 1460 2834 eadem
1492 2787 1631 2833 verba
1662 2788 1856 2832 inferius

164 2863 248 2904 pro
283 2849 502 2894 lemmate
534 2849 778 2893 scribenda
810 2851 954 2893 erant.
1006 2850 1010 2908 Ι
1056 2855 1199 2906 prata
1236 2850 1304 2893 vel
1343 2863 1443 2907 om„
1465 2848 1535 2892 ed.
1660 2851 1715 2890 22
1747 2861 1856 2903 per-

165 2908 324 2962 fundit
366 2908 421 2953 V.
558 2913 613 2952 23
662 2909 816 2952 lavare
861 2907 915 2952 V.
974 2908 978 2966 Ι
1037 2910 1200 2954 emicat
1246 2908 1307 2951 ad
1353 2906 1631 2951 antecedens
1685 2906 1856 2950 lemma

167 2968 410 3023 transponi
441 2967 601 3012 malim
632 2969 824 3023 propter
853 2967 1053 3022 festinat.
