2050 3226
205 187 314 240 226
677 182 910 228 DONATI
939 182 1220 227 INTERPR.
1245 181 1425 228 VERG.

203 326 283 372 tot
318 323 509 373 incerta
546 324 710 373 fuerat
746 321 1036 372 subiturus?
1097 321 1221 384 quid
1258 322 1345 370 ille
1383 322 1560 386 largiri
1594 337 1694 370 non
1725 322 1898 371 debuit

205 397 423 448 consorti
471 397 727 462 sanguinis
779 398 880 459 sui,
930 413 1083 459 quam
1131 411 1231 444 non
1279 398 1480 444 tantum
1528 399 1718 461 generis
1764 396 1895 444 ratio

202 488 376 522 verum
408 473 560 521 etiam
588 473 700 535 ipsa
729 471 968 519 tuebatur
1005 471 1307 532 antiquitas,
1347 486 1499 534 quam
1529 470 1796 519 decorabat
1824 470 1899 520 fili

202 547 456 609 meritum,
499 562 651 609 quam
699 545 889 594 Priami
934 560 1114 593 nomen
1160 544 1371 592 ornabat
1417 546 1504 607 qui
1549 560 1671 594 avus
1721 545 1898 593 fuisset

202 619 421 670 Ascani?
492 621 615 669 haec
653 619 972 682 pertinebant
1011 617 1075 666 ad
1113 618 1337 666 ordinem
1374 619 1590 682 generis:
1637 618 1758 667 dicit
1794 617 1897 667 iam
1950 631 1970 665 5

201 696 360 758 ipsius
391 709 491 742 non
520 695 753 742 inmerito
784 691 1130 756 praeferenda3
1168 693 1357 741 frustra
1389 692 1573 756 quippe
1603 693 1714 742 laus
1748 692 1896 757 origi-

202 769 279 818 nis
327 768 576 832 tangitur,
626 768 725 816 nisi
760 767 867 830 ipse
918 768 1005 829 qui
1054 766 1294 815 laudatur
1338 767 1559 816 moribus
1605 766 1807 830 optimis
1847 768 1911 823 et,

202 842 452 906 probitate
506 841 639 891 vitae
692 841 963 890 maioribus
1019 840 1120 889 suis
1174 843 1307 889 recte
1359 841 1672 904 respondeat.
1749 856 1897 901 qaam

168 917 432 965 ‘miseram
485 917 638 964 tenuit
687 931 788 964 non
839 916 952 963 Ilia
1001 915 1140 963 telbas
1188 929 1375 963 mecum
1427 916 1744 972 excedentM,
1797 930 1898 963 non

199 992 393 1039 moenia
429 991 558 1051 reqis
587 988 819 1038 Acestae:
856 990 999 1050 haec,
1037 989 1225 1052 inquit,
1263 990 1464 1037 tantum
1495 1005 1573 1037 me
1606 988 1802 1050 dilexit,
1839 991 1898 1037 ut
1929 1003 1971 1035 10

199 1064 342 1113 illam
379 1081 457 1112 me
495 1064 751 1113 recedente
783 1063 841 1111 de
875 1063 1025 1111 Troia
1062 1078 1151 1111 nec
1187 1062 1443 1127 originalis
1482 1066 1643 1112 terrae
1681 1066 1896 1112 retenta-

200 1141 278 1187 ret
317 1138 538 1187 adfectus
577 1154 667 1187 nec
706 1140 981 1187 ceterarum
1011 1138 1311 1186 cessantium
1341 1137 1565 1186 tardaret
1603 1137 1897 1200 exemplum.

199 1214 322 1262 haec
361 1212 496 1275 apud
532 1212 748 1261 Acesten
785 1215 883 1260 mei
921 1227 1071 1261 causa
1109 1211 1269 1260 otium
1307 1211 1469 1259 labori
1506 1228 1607 1260 non
1643 1211 1898 1275 praetulit,

201 1286 499 1350 contempsit
530 1286 731 1335 delicias
763 1285 1143 1335 adfluentissimi
1174 1285 1319 1348 civis,
1357 1302 1419 1334 ne
1450 1285 1695 1334 desereret
1723 1285 1897 1333 filium.

199 1362 327 1410 hanc
364 1375 446 1422 090
483 1376 639 1409 nunc:
676 1360 931 1411 videamus
960 1360 1084 1423 quid
1113 1359 1291 1408 sentiri
1319 1359 1499 1423 possit:
1537 1361 1687 1421 hanc,
1717 1360 1898 1422 inquit,
1929 1371 1971 1405 15

202 1451 328 1499 quae
373 1437 574 1483 tantum
619 1434 804 1483 laboris
849 1451 962 1482 mea
1007 1449 1160 1483 causa
1198 1434 1437 1497 suscepit,
1484 1450 1610 1497 quae
1653 1433 1896 1482 matribus

201 1509 390 1558 cunctis
421 1509 524 1558 tale
554 1510 854 1558 monstravit
883 1509 1176 1573 exemplum,
1209 1525 1337 1572 quae
1369 1510 1654 1558 nostrorum
1676 1507 1899 1557 taedium

200 1599 301 1632 non
339 1584 493 1633 sensit
530 1599 772 1644 errorum,
816 1600 944 1646 quae
992 1584 1326 1631 constantiam
1372 1583 1591 1632 servavit
1633 1598 1793 1644 usque
1834 1582 1897 1630 ad

200 1658 335 1720 ipsos
376 1657 600 1720 effectus3
647 1673 737 1721 ego
786 1673 932 1720 quem
972 1657 1202 1706 convenit
1237 1655 1494 1705 redhibere
1532 1655 1772 1704 maternis
1811 1657 1896 1704 ad-

200 1731 412 1781 fectibus
450 1730 877 1796 religiosissimam
915 1732 1095 1793 vicem,
1142 1746 1233 1795 ego
1273 1746 1425 1793 supra
1461 1732 1681 1779 matrum
1716 1746 1897 1778 nomen
1927 1743 1971 1777 20

201 1806 411 1855 dilectus
437 1806 499 1854 ab
531 1822 604 1867 ea,
635 1821 726 1870 ego
759 1806 849 1867 qui
878 1804 1067 1869 ing-rati
1099 1805 1298 1867 culpam
1329 1804 1575 1852 declinare
1608 1804 1896 1866 debueram3

200 1896 351 1941 nunc,
400 1880 614 1929 sollicito
665 1879 854 1928 scilicet
897 1882 1143 1942 tempore,
1187 1895 1284 1942 quo
1323 1878 1481 1927 hostis
1523 1881 1687 1927 castra
1725 1880 1897 1928 nostra

200 1954 546 2015 circumdedit,
605 1969 726 2017 quo,
785 1953 981 2002 etiamsi
1035 1953 1276 2014 abessem,
1335 1953 1482 2000 debui
1536 1969 1709 2002 curare
1754 1969 1895 2015 prae-

201 2029 414 2077 sentiam
450 2043 627 2076 meam.
698 2028 929 2088 iynaram
972 2028 1119 2075 huius
1166 2028 1495 2087 quodcumque
1532 2028 1707 2087 pericli
1751 2027 1896 2086 inque

199 2103 466 2151 salutatam
498 2102 686 2161 linquo:
725 2101 859 2164 quod
896 2101 996 2150 fuit
1032 2100 1237 2150 maximi
1275 2101 1496 2163 sceleris,
1540 2103 1598 2149 ut
1635 2101 1895 2165 peregrina
1926 2113 1969 2146 25

202 2178 252 2225 et
281 2176 560 2239 periculosa
590 2175 841 2238 petiturus
872 2191 973 2223 non
1003 2176 1278 2224 rettulisset
1307 2175 1362 2223 id
1390 2174 1562 2237 matri,
1593 2174 1740 2223 huius
1773 2176 1896 2223 facti

199 2250 376 2299 inserit
419 2250 792 2314 purgationem,
830 2265 891 2297 ne
929 2265 1070 2298 reum
1107 2250 1243 2298 laesa
1281 2251 1442 2312 pietas
1480 2248 1737 2310 retineret,
1783 2263 1893 2306 nox,

202 2325 297 2385 ait,
344 2327 388 2372 et
423 2327 510 2372 tua
547 2324 678 2371 testis
716 2324 932 2379 dextera,
973 2324 1100 2383 quod
1137 2338 1372 2383 nequeam
1412 2324 1643 2372 lacrimas
1674 2323 1895 2383 perferre

193 2399 419 2459 parentis
435 2415 451 2446 .·
504 2396 823 2446 iureiurando
875 2397 1096 2446 adhibito
1148 2398 1462 2446 confirmavit
1509 2412 1562 2446 se
1610 2412 1710 2445 non
1758 2396 1893 2459 inpie

202 2474 375 2534 facere,
407 2470 493 2520 sed
517 2471 651 2533 quod
672 2472 905 2520 lacrimas
937 2474 1042 2520 eius
1073 2472 1201 2520 ferre
1233 2488 1333 2520 non
1356 2473 1538 2535 posset,
1571 2486 1696 2535 quas
1719 2471 1894 2518 fusura
1924 2483 1969 2515 30

202 2547 387 2607 fuerat,
419 2547 463 2594 si
493 2545 652 2594 filium
682 2546 735 2593 in
766 2545 859 2594 tali
890 2561 1041 2594 causa
1071 2545 1262 2594 videret
1293 2545 1565 2594 abscedere.
1619 2545 1890 2605 hoclexem-

321 2707 347 2746 5
378 2703 461 2747 hoc
486 2702 743 2759 pertinebat
773 2701 844 2744 ed.
954 2705 1007 2745 15
1041 2715 1117 2759 090
1140 2701 1182 2746 V
1213 2715 1316 2760 erqo
1348 2701 1419 2746 ed.
1455 2701 1461 2759 1
1496 2701 1655 2745 sentiri
1678 2699 1720 2743 V
1750 2700 1893 2756 siqni-

200 2762 339 2816 ἥσατο
370 2761 441 2805 ed.
527 2764 581 2804 19
612 2766 681 2805 ret
707 2760 858 2805 hibere
881 2760 922 2803 V
946 2761 1131 2805 reddere
1159 2761 1229 2804 ed.
1316 2765 1372 2804 20
1403 2765 1590 2805 matrem
1612 2758 1655 2802 V
1679 2771 1794 2802 corr.
1819 2759 1890 2802 ed.

202 2825 258 2863 22
296 2821 517 2865 sollicitus
540 2819 583 2864 V
609 2819 682 2864 ed.
713 2824 787 2863 -to
817 2833 913 2862 noe.
963 2820 966 2877 y
1017 2821 1069 2863 in
1106 2826 1300 2876 tempore
1338 2819 1408 2863 ed.
1458 2819 1463 2877 Ι
1514 2822 1672 2863 ‘nostra
1704 2831 1792 2860 om.
1819 2818 1890 2861 ed.

202 2883 259 2922 24
300 2880 419 2923 hanc
460 2893 537 2937 090
577 2892 703 2923 nanc
744 2878 956 2922 lemmati
997 2879 1215 2934 praefixit
1256 2878 1328 2923 ed.
1450 2882 1506 2922 26
1545 2882 1587 2922 et
1616 2876 1658 2921 V
1690 2881 1743 2921 ut
1774 2876 1845 2920 ed.
1883 2876 1888 2930 Ι

201 2939 405 2982 retulisse
444 2940 496 2983 in
534 2938 576 2983 V
621 2938 866 2984 rettulisset
905 2938 956 2982 id
996 2951 1079 2982 nos
1121 2939 1171 2983 id
1214 2951 1302 2982 om.
1343 2937 1414 2982 ed.
1545 2940 1597 2980 31
1643 2937 1684 2980 si
1725 2949 1813 2979 om.
1850 2934 1892 2979 V

205 3011 317 3041 corr.
352 2997 422 3041 ed.
