2050 3226
231 116 340 170 584
705 114 937 159 DONATI
965 114 1032 159 IN
1033 114 1246 160 TERPR.
1275 114 1451 160 VERG.

227 256 487 305 inventum
510 255 774 304 artificiose
799 253 1132 317 conpositum,
1162 252 1323 316 primo
1354 256 1413 302 ut
1443 254 1614 304 alitem
1644 257 1922 304 masculum

228 329 524 391 inmitteret3
563 330 607 378 si
639 329 770 377 enim
801 329 986 375 femina
1017 330 1168 389 esset,
1207 343 1307 376 non
1335 330 1564 393 tangeret
1585 328 1782 378 Aeneae
1812 347 1922 393 per-

230 419 424 466 sonam,
475 404 647 451 deinde
694 404 767 451 ait
811 401 943 450 Iovis
987 402 1112 463 aleS,
1162 404 1220 450 ut
1263 402 1565 451 turbandum
1614 403 1787 452 foedus
1833 420 1924 452 nec

229 477 582 541 perficiendum
619 492 722 525 esse
761 475 913 524 etiam
942 474 1169 538 Iuppiter
1204 475 1454 525 videretur
1491 477 1762 526 ostendere.
1817 477 1923 542 agi-

229 551 372 600 tabat
417 552 502 599 ille
545 552 747 599 litoreas
795 565 932 610 aves,
982 550 1207 598 innoxias
1258 549 1448 599 scilicet
1494 567 1584 600 nec
1629 553 1924 614 inportunas
1977 562 1998 597 5

167 667 170 670 Δ
230 627 478 688 cuiquam,
509 625 659 673 rubra
689 640 778 686 per
809 624 1023 685 aethera,
1055 625 1192 672 caelo
1223 624 1409 673 mundo
1442 627 1493 672 et
1523 641 1715 688 sereno3
1748 641 1925 674 aurora

230 701 362 748 enim
406 701 524 747 tunc
563 699 733 762 vigore
779 698 974 761 integro
1025 698 1251 760 splendet
1302 714 1412 746 cum
1458 699 1599 748 nulla
1647 700 1775 748 nube
1822 701 1924 749 fus-

139 815 143 818 .
230 778 383 822 catur.
438 773 575 821 dedit
605 772 651 820 ei
682 772 852 821 avium
882 771 1270 832 multitudinem,
1303 788 1430 835 quae
1461 773 1763 837 significaret
1793 790 1924 822 excr-

230 848 405 909 citum,
444 847 620 895 dehinc
657 847 722 894 ad
759 846 918 894 undas
956 846 1153 908 lapsum
1185 846 1310 894 dixit
1338 845 1675 910 maioremque
1715 863 1926 910 cycnum

229 921 436 984 pedibus
475 920 756 982 sustulisse,
794 922 852 968 ut
881 921 1012 968 inter
1045 921 1260 969 minores
1291 936 1526 983 personas
1559 921 1729 984 aliqua
1758 923 1927 984 potior
1957 934 2000 966 ιο

230 994 514 1059 putaretur,
553 996 707 1056 hunc,
747 995 840 1055 ait,
881 1010 1090 1057 cycnum
1121 995 1286 1043 subito
1322 996 1464 1043 uncis
1495 995 1701 1058 pedibus
1732 997 1925 1058 rapuit:

230 1085 338 1118 ecce
360 1069 414 1117 in
435 1069 546 1132 ipso
578 1068 730 1117 etiam
752 1072 973 1117 monstro
997 1069 1195 1117 Aeneae
1218 1084 1431 1131 persona
1453 1069 1620 1131 potior
1648 1071 1926 1132 invenitur3

229 1160 346 1192 nam
369 1143 497 1191 nihil
527 1145 603 1192 est
631 1144 725 1191 hoc
747 1159 924 1207 genere
956 1142 1091 1191 alitis
1117 1143 1313 1204 fortius,
1343 1145 1519 1206 utpote
1552 1143 1686 1206 quod
1717 1145 1928 1208 erigitur

230 1219 450 1280 corporis
489 1219 650 1266 forma
697 1219 749 1265 et
795 1219 957 1266 rostro
1006 1217 1355 1280 unguibusque
1407 1220 1656 1266 armatum
1695 1221 1771 1267 est
1818 1235 1926 1281 per-

229 1292 441 1354 indeque
473 1291 711 1355 quicquid
739 1292 958 1339 tenuerit
990 1291 1171 1352 laniat,
1211 1292 1388 1340 dehinc
1426 1293 1546 1354 quia
1578 1293 1827 1354 pertinens
1864 1293 1927 1341 ad
1957 1302 2000 1337 15

230 1366 400 1415 Iovem
429 1368 598 1414 tutum
628 1367 704 1414 est
734 1381 927 1427 semper
956 1380 1044 1413 nec
1076 1366 1229 1413 alicui
1251 1366 1472 1428 periculo
1505 1366 1740 1415 subiacet.
1795 1382 1926 1415 exer-

232 1441 358 1489 citus
404 1442 511 1503 ipse
557 1441 712 1501 inerS,
761 1439 956 1488 inbellis
1003 1455 1092 1501 per
1136 1440 1338 1488 litoreas
1391 1455 1506 1489 aves
1553 1440 1926 1502 ostendebatur3

231 1531 348 1563 nam
386 1515 513 1562 nihil
551 1517 626 1562 est
661 1514 764 1562 illis
804 1513 1097 1576 oportunius
1137 1514 1201 1561 ad
1238 1513 1497 1576 praedam,
1537 1530 1688 1576 cycno
1728 1530 1925 1578 quoque

231 1588 447 1651 ineptius
498 1589 646 1649 nihil,
698 1589 788 1651 qui
831 1590 938 1636 tam
983 1587 1128 1635 facile
1170 1587 1336 1650 potuit
1386 1588 1519 1650 capi,
1571 1589 1768 1651 quando
1815 1604 1926 1637 cum

233 1663 405 1711 ceteris
457 1662 631 1711 avibus
681 1662 850 1711 volare
899 1677 999 1710 non
1053 1661 1235 1722 valuit,
1286 1661 1460 1710 deinde
1509 1662 1622 1724 rapi
1671 1665 1720 1710 et
1767 1664 1926 1711 teneri
1957 1677 2002 1709 20

232 1737 505 1801 unguibus,
557 1737 691 1798 quod
739 1735 904 1799 ipsum
953 1738 1058 1784 sine
1108 1736 1348 1799 sanguine
1396 1751 1452 1784 ac
1502 1736 1789 1786 vulneribus
1828 1752 1926 1784 non

234 1812 344 1859 fuit.
401 1825 624 1859 arrexere
655 1811 845 1859 animos
866 1810 1013 1858 Itali:
1043 1825 1156 1857 cum
1187 1813 1350 1858 essent
1387 1826 1446 1857 ex
1475 1810 1676 1872 publico
1706 1812 1928 1859 tractatu

235 1886 482 1947 suspensi,
522 1886 871 1933 converterunt
907 1885 959 1931 in
998 1899 1112 1932 aves
1151 1884 1475 1932 intentionem
1512 1899 1687 1946 suam,
1713 1901 1774 1932 ne
1805 1885 1928 1947 quid

234 1975 323 2021 pro
357 1958 460 2006 suis
490 1959 715 2021 partibus
747 1960 801 2006 in
831 1959 921 2006 illa
952 1959 1257 2021 spectatione
1290 1959 1593 2022 colligerent.
1641 1962 1928 2018 cunctaeque

231 2033 448 2080 volucres
480 2036 758 2080 convertunt
787 2033 994 2081 clamore
1015 2034 1201 2093 fuqam,
1233 2033 1458 2080 mirabile
1487 2033 1610 2089 visu,
1645 2033 1927 2094 aetheraque
1958 2045 2000 2077 25

233 2108 493 2155 obscurant
522 2107 695 2165 pinnis
733 2107 1002 2166 hostemque
1032 2121 1125 2166 per
1163 2121 1317 2154 auras
1353 2109 1489 2167 facta
1525 2108 1652 2154 nube
1684 2111 1925 2166 premunt,

131 2185 217 2224 255
234 2181 381 2228 donec
418 2181 467 2227 vi
504 2181 657 2227 victus
698 2185 740 2227 et
775 2182 881 2240 ipso
910 2181 1128 2240 pondere
1170 2180 1340 2239 defecit
1369 2181 1704 2240 praedamque
1742 2195 1799 2228 ex
1836 2195 1927 2228 un-

230 2255 408 2315 ‚quz'bus
446 2254 547 2302 ales
579 2255 781 2312 proiecit
817 2255 965 2312 fluvio
998 2255 1286 2314 penitusque
1322 2255 1376 2302 in
1414 2255 1586 2302 nubila
1619 2256 1769 2315 fuqit:
1805 2255 1926 2302 haec

235 2343 350 2392 pars
397 2327 588 2389 aliquid
630 2328 795 2390 potuit
841 2328 1118 2391 significare
1162 2344 1251 2390 pro
1298 2328 1486 2376 Turno:
1535 2344 1652 2376 nam
1700 2329 1925 2377 volucres

236 2405 440 2450 cunctae
480 2402 714 2449 densatae
752 2402 805 2448 in
845 2405 1095 2450 catervam
1133 2405 1284 2464 atque
1332 2403 1601 2451 instantius
1641 2405 1926 2465 persecutae
1957 2415 2000 2446 30

235 2478 487 2540 raptorem
518 2475 791 2539 adegerunt
821 2477 1072 2523 remittere
1103 2475 1351 2540 unguibus
1383 2477 1639 2539 praedam,
1680 2475 1812 2538 quod
1841 2477 1926 2524 ille

355 2638 381 2676 6
420 2646 504 2688 per
546 2633 727 2677 aethera
760 2630 802 2673 V
840 2631 891 2675 in
934 2633 1093 2676 aethra
1135 2632 1206 2676 ed.
1258 2632 1262 2691 Ι
1314 2637 1355 2677 et
1397 2646 1486 2676 om.
1522 2631 1593 2675 ed.
1727 2633 1781 2673 10
1823 2631 1926 2674 sub-

235 2692 392 2736 tulisse
425 2691 475 2735 V.
600 2695 653 2735 13
695 2691 890 2748 ereqitwr
920 2689 974 2734 V.
1099 2695 1151 2734 15
1185 2693 1326 2736 laniet
1349 2691 1390 2734 V
1414 2691 1485 2735 ed.
1519 2695 1599 2734 -at
1628 2702 1723 2733 nos,
1773 2689 1776 2746 ξ
1819 2703 1926 2744 per-

237 2752 349 2795 tinet
373 2750 444 2794 ed.
531 2754 583 2793 18
612 2751 881 2806 oportunius
897 2747 938 2791 V
962 2751 1267 2805 importumius
1291 2751 1349 2794 ed
1358 2750 1407 2794 F.
1501 2753 1554 2794 19
1578 2749 1778 2804 ineptius
1794 2747 1834 2790 V
1852 2748 1924 2792 ed.

236 2811 460 2854 inertius?
560 2813 616 2852 20
647 2810 795 2865 rapiet
817 2808 859 2851 V
888 2810 995 2864 ‘rapi
1026 2813 1066 2853 et
1095 2823 1179 2852 nos
1202 2811 1357 2865 potuit
1387 2809 1458 2853 ed.
1554 2813 1607 2851 21
1641 2807 1925 2851 vulneribus-

237 2882 319 2923 que
362 2869 434 2971 edf
491 2927 521 2970 d
564 2873 619 2911 22
664 2883 719 2913 ex
753 2868 940 2924 publico
974 2866 1016 2910 V
1055 2881 1110 2911 ex
1148 2870 1294 2912 omine
1330 2882 1378 2924 p.
1419 2868 1490 2911 ed.
1624 2870 1679 2909 24
1719 2871 1925 2921 expecta-

238 2929 358 2971 tione
463 2940 487 2970 e
526 2962 534 2970 .
