<?xml version="1.0" encoding="UTF-8"?>
<!DOCTYPE html PUBLIC "-//W3C//DTD XHTML 1.0 Transitional//EN"
    "http://www.w3.org/TR/xhtml1/DTD/xhtml1-transitional.dtd">
<html xmlns="http://www.w3.org/1999/xhtml" xml:lang="en" lang="en">
 <head>
  <title>
</title>
<meta http-equiv="Content-Type" content="text/html;charset=utf-8" />
  <meta name='ocr-system' content='tesseract 3.04.00' />
  <meta name='ocr-capabilities' content='ocr_page ocr_carea ocr_par ocr_line ocrx_word'/>
</head>
<body>
  <div class='ocr_page' id='page_1' title='image "./interpretationes02donauoft_0281.png"; bbox 0 0 2050 3226; ppageno 0'>
   <div class='ocr_carea' id='block_1_1' title="bbox 0 199 3 1633">
    <p class='ocr_par' dir='ltr' id='par_1_1' title="bbox 0 199 3 1633">
     <span class='ocr_line' id='line_1_1' title="bbox 0 199 3 1633; baseline 0 0"><span class='ocrx_word' id='word_1_1' title='bbox 0 199 3 1633; x_wconf 95' lang='lat' dir='ltr'><strong> </strong></span> 
     </span>
    </p>
   </div>
   <div class='ocr_carea' id='block_1_2' title="bbox 770 197 1814 256">
    <p class='ocr_par' dir='ltr' id='par_1_2' title="bbox 770 197 1814 256">
     <span class='ocr_line' id='line_1_2' title="bbox 770 197 1814 256; baseline 0.001 -13"><span class='ocrx_word' id='word_1_2' title='bbox 770 197 1075 244; x_wconf 75' lang='lat' dir='ltr'><strong>AENEmos</strong></span> <span class='ocrx_word' id='word_1_3' title='bbox 1105 198 1170 243; x_wconf 85' lang='lat' dir='ltr'><strong>1x</strong></span> <span class='ocrx_word' id='word_1_4' title='bbox 1202 219 1204 222; x_wconf 55' lang='lat'>&gt;</span> <span class='ocrx_word' id='word_1_5' title='bbox 1707 203 1814 256; x_wconf 82' lang='lat'><strong>277</strong></span> 
     </span>
    </p>
   </div>
   <div class='ocr_carea' id='block_1_3' title="bbox 124 337 1819 626">
    <p class='ocr_par' dir='ltr' id='par_1_3' title="bbox 124 337 1819 626">
     <span class='ocr_line' id='line_1_3' title="bbox 127 337 1819 402; baseline 0.001 -15"><span class='ocrx_word' id='word_1_6' title='bbox 127 337 422 388; x_wconf 68' lang='lat' dir='ltr'><strong>describitur</strong></span> <span class='ocrx_word' id='word_1_7' title='bbox 464 337 568 388; x_wconf 91' lang='lat' dir='ltr'><strong>iam</strong></span> <span class='ocrx_word' id='word_1_8' title='bbox 613 341 832 402; x_wconf 81' lang='lat' dir='ltr'><strong>quantae</strong></span> <span class='ocrx_word' id='word_1_9' title='bbox 871 339 939 387; x_wconf 88' lang='lat' dir='ltr'><strong>sit</strong></span> <span class='ocrx_word' id='word_1_10' title='bbox 974 338 1178 388; x_wconf 87' lang='lat' dir='ltr'><strong>virtutis</strong></span> <span class='ocrx_word' id='word_1_11' title='bbox 1215 337 1494 402; x_wconf 84' lang='lat' dir='ltr'><strong>phalarica:</strong></span> <span class='ocrx_word' id='word_1_12' title='bbox 1530 340 1819 402; x_wconf 82' lang='lat' dir='ltr'><strong>perforavit</strong></span> 
     </span>
     <span class='ocr_line' id='line_1_4' title="bbox 126 411 1819 477; baseline 0.001 -16"><span class='ocrx_word' id='word_1_13' title='bbox 126 412 318 462; x_wconf 82' lang='lat' dir='ltr'><strong>duobus</strong></span> <span class='ocrx_word' id='word_1_14' title='bbox 347 413 485 461; x_wconf 89' lang='lat' dir='ltr'><strong>tauri</strong></span> <span class='ocrx_word' id='word_1_15' title='bbox 514 413 663 462; x_wconf 86' lang='lat' dir='ltr'><strong>coriis</strong></span> <span class='ocrx_word' id='word_1_16' title='bbox 694 415 960 476; x_wconf 85' lang='lat' dir='ltr'><strong>procurata</strong></span> <span class='ocrx_word' id='word_1_17' title='bbox 988 411 1300 462; x_wconf 85' lang='lat' dir='ltr'><strong>munimenta</strong></span> <span class='ocrx_word' id='word_1_18' title='bbox 1324 415 1375 461; x_wconf 84' lang='lat' dir='ltr'><strong>et</strong></span> <span class='ocrx_word' id='word_1_19' title='bbox 1396 413 1603 462; x_wconf 88' lang='lat' dir='ltr'><strong>loricam</strong></span> <span class='ocrx_word' id='word_1_20' title='bbox 1628 414 1819 477; x_wconf 82' lang='lat' dir='ltr'>duplici</span> 
     </span>
     <span class='ocr_line' id='line_1_5' title="bbox 124 480 1816 554; baseline 0.001 -19"><span class='ocrx_word' id='word_1_21' title='bbox 124 501 336 550; x_wconf 87' lang='lat' dir='ltr'><strong>squama</strong></span> <span class='ocrx_word' id='word_1_22' title='bbox 373 488 664 536; x_wconf 86' lang='lat' dir='ltr'><strong>consertam.</strong></span> <span class='ocrx_word' id='word_1_23' title='bbox 741 486 795 535; x_wconf 89' lang='lat' dir='ltr'><strong>in</strong></span> <span class='ocrx_word' id='word_1_24' title='bbox 832 487 995 550; x_wconf 88' lang='lat' dir='ltr'><strong>primo</strong></span> <span class='ocrx_word' id='word_1_25' title='bbox 1041 486 1169 536; x_wconf 86' lang='lat' dir='ltr'><strong>libro</strong></span> <span class='ocrx_word' id='word_1_26' title='bbox 1209 480 1368 554; x_wconf 88' lang='grc'>(368)</span> <span class='ocrx_word' id='word_1_27' title='bbox 1415 487 1542 536; x_wconf 87' lang='lat' dir='ltr'><strong>dixit</strong></span> <span class='ocrx_word' id='word_1_28' title='bbox 1581 489 1816 550; x_wconf 87' lang='lat' dir='ltr'><strong>„taurino</strong></span> 
     </span>
     <span class='ocr_line' id='line_1_6' title="bbox 125 559 1817 626; baseline 0.001 -17"><span class='ocrx_word' id='word_1_29' title='bbox 125 562 370 624; x_wconf 83' lang='lat' dir='ltr'><strong>quantum</strong></span> <span class='ocrx_word' id='word_1_30' title='bbox 392 564 596 624; x_wconf 80' lang='lat' dir='ltr'><strong>possent</strong></span> <span class='ocrx_word' id='word_1_31' title='bbox 618 560 922 610; x_wconf 86' lang='lat' dir='ltr'><strong>circumdare</strong></span> <span class='ocrx_word' id='word_1_32' title='bbox 944 562 1087 626; x_wconf 88' lang='lat' dir='ltr'><strong>tergo</strong></span> <span class='ocrx_word' id='word_1_33' title='bbox 1095 559 1147 610; x_wconf 75' lang='lat'><strong>“2</strong></span> <span class='ocrx_word' id='word_1_34' title='bbox 1177 560 1256 609; x_wconf 90' lang='lat' dir='ltr'><strong>hic</strong></span> <span class='ocrx_word' id='word_1_35' title='bbox 1281 560 1590 624; x_wconf 77' lang='lat' dir='ltr'><strong>splendidius</strong></span> <span class='ocrx_word' id='word_1_36' title='bbox 1620 562 1817 611; x_wconf 86' lang='lat' dir='ltr'><strong>locutus</strong></span> 
     </span>
    </p>
   </div>
   <div class='ocr_carea' id='block_1_4' title="bbox 72 634 1819 700">
    <p class='ocr_par' dir='ltr' id='par_1_4' title="bbox 72 634 1819 700">
     <span class='ocr_line' id='line_1_7' title="bbox 72 634 1819 700; baseline 0 -17"><span class='ocrx_word' id='word_1_37' title='bbox 72 650 93 684; x_wconf 73' lang='grc' dir='ltr'><strong>ο</strong></span> <span class='ocrx_word' id='word_1_38' title='bbox 124 634 199 683; x_wconf 88' lang='lat' dir='ltr'><strong>ait</strong></span> <span class='ocrx_word' id='word_1_39' title='bbox 236 634 333 684; x_wconf 90' lang='lat' dir='ltr'><strong>duo</strong></span> <span class='ocrx_word' id='word_1_40' title='bbox 371 637 549 685; x_wconf 82' lang='lat' dir='ltr'><strong>taurea</strong></span> <span class='ocrx_word' id='word_1_41' title='bbox 585 637 749 700; x_wconf 88' lang='lat' dir='ltr'><strong>terga,</strong></span> <span class='ocrx_word' id='word_1_42' title='bbox 795 651 896 684; x_wconf 92' lang='lat' dir='ltr'><strong>non</strong></span> <span class='ocrx_word' id='word_1_43' title='bbox 934 635 1063 684; x_wconf 85' lang='lat' dir='ltr'><strong>dixit</strong></span> <span class='ocrx_word' id='word_1_44' title='bbox 1100 634 1316 685; x_wconf 84' lang='lat' dir='ltr'><strong>taurina.</strong></span> <span class='ocrx_word' id='word_1_45' title='bbox 1394 635 1628 696; x_wconf 76' lang='lat' dir='ltr'><strong>conlapsa</strong></span> <span class='ocrx_word' id='word_1_46' title='bbox 1665 639 1819 684; x_wconf 76' lang='lat' dir='ltr'><strong>rwtmt</strong></span> 
     </span>
    </p>
   </div>
   <div class='ocr_carea' id='block_1_5' title="bbox 121 709 1820 997">
    <p class='ocr_par' dir='ltr' id='par_1_5' title="bbox 121 709 1820 997">
     <span class='ocr_line' id='line_1_8' title="bbox 121 709 1818 773; baseline 0.001 -17"><span class='ocrx_word' id='word_1_47' title='bbox 121 709 348 758; x_wconf 83' lang='lat' dir='ltr'><strong>inmania</strong></span> <span class='ocrx_word' id='word_1_48' title='bbox 373 710 615 758; x_wconf 87' lang='lat' dir='ltr'><strong>membra:</strong></span> <span class='ocrx_word' id='word_1_49' title='bbox 651 709 873 759; x_wconf 92' lang='lat' dir='ltr'><strong>nondum</strong></span> <span class='ocrx_word' id='word_1_50' title='bbox 897 709 1116 758; x_wconf 77' lang='lat' dir='ltr'><strong>ostendit</strong></span> <span class='ocrx_word' id='word_1_51' title='bbox 1136 709 1333 758; x_wconf 88' lang='lat' dir='ltr'><strong>ruinam</strong></span> <span class='ocrx_word' id='word_1_52' title='bbox 1357 710 1581 758; x_wconf 86' lang='lat' dir='ltr'><strong>cadentis</strong></span> <span class='ocrx_word' id='word_1_53' title='bbox 1603 710 1818 773; x_wconf 91' lang='lat' dir='ltr'><strong>plenam,</strong></span> 
     </span>
     <span class='ocr_line' id='line_1_9' title="bbox 122 781 1820 847; baseline 0.001 -17"><span class='ocrx_word' id='word_1_54' title='bbox 122 781 210 831; x_wconf 91' lang='lat' dir='ltr'><strong>sed</strong></span> <span class='ocrx_word' id='word_1_55' title='bbox 247 782 453 832; x_wconf 89' lang='lat' dir='ltr'><strong>dicendo</strong></span> <span class='ocrx_word' id='word_1_56' title='bbox 485 783 721 847; x_wconf 88' lang='lat' dir='ltr'><strong>conlapsa</strong></span> <span class='ocrx_word' id='word_1_57' title='bbox 758 786 912 833; x_wconf 90' lang='lat' dir='ltr'><strong>ruunt</strong></span> <span class='ocrx_word' id='word_1_58' title='bbox 940 783 1164 832; x_wconf 88' lang='lat' dir='ltr'><strong>inmania</strong></span> <span class='ocrx_word' id='word_1_59' title='bbox 1191 783 1415 833; x_wconf 91' lang='lat' dir='ltr'><strong>membra</strong></span> <span class='ocrx_word' id='word_1_60' title='bbox 1444 784 1820 847; x_wconf 80' lang='lat' dir='ltr'><strong>praenuntiavit</strong></span> 
     </span>
     <span class='ocr_line' id='line_1_10' title="bbox 122 855 1817 922; baseline 0.001 -17"><span class='ocrx_word' id='word_1_61' title='bbox 122 855 466 921; x_wconf 83' lang='lat' dir='ltr'><strong>descriptionis</strong></span> <span class='ocrx_word' id='word_1_62' title='bbox 518 858 744 922; x_wconf 83' lang='lat' dir='ltr'><strong>aliquam</strong></span> <span class='ocrx_word' id='word_1_63' title='bbox 792 859 998 921; x_wconf 89' lang='lat' dir='ltr'><strong>partem.</strong></span> <span class='ocrx_word' id='word_1_64' title='bbox 1083 858 1170 907; x_wconf 85' lang='lat' dir='ltr'><strong>dat</strong></span> <span class='ocrx_word' id='word_1_65' title='bbox 1218 858 1359 907; x_wconf 86' lang='lat' dir='ltr'><strong>tellus</strong></span> <span class='ocrx_word' id='word_1_66' title='bbox 1405 859 1659 920; x_wconf 76' lang='lat' dir='ltr'><strong>yemitwm:</strong></span> <span class='ocrx_word' id='word_1_67' title='bbox 1711 858 1817 920; x_wconf 74' lang='lat'>1110,</span> 
     </span>
     <span class='ocr_line' id='line_1_11' title="bbox 121 931 1817 997; baseline 0.001 -18"><span class='ocrx_word' id='word_1_68' title='bbox 121 931 310 994; x_wconf 89' lang='lat' dir='ltr'><strong>inquit,</strong></span> <span class='ocrx_word' id='word_1_69' title='bbox 356 931 562 980; x_wconf 76' lang='lat' dir='ltr'><strong>cadente</strong></span> <span class='ocrx_word' id='word_1_70' title='bbox 602 947 714 981; x_wconf 89' lang='lat' dir='ltr'><strong>cum</strong></span> <span class='ocrx_word' id='word_1_71' title='bbox 758 932 891 981; x_wconf 84' lang='lat' dir='ltr'><strong>tanti</strong></span> <span class='ocrx_word' id='word_1_72' title='bbox 929 933 1149 995; x_wconf 89' lang='lat' dir='ltr'><strong>corporis</strong></span> <span class='ocrx_word' id='word_1_73' title='bbox 1186 932 1402 995; x_wconf 91' lang='lat' dir='ltr'><strong>pondere</strong></span> <span class='ocrx_word' id='word_1_74' title='bbox 1441 932 1633 997; x_wconf 85' lang='lat' dir='ltr'><strong>gemuit</strong></span> <span class='ocrx_word' id='word_1_75' title='bbox 1668 934 1817 982; x_wconf 87' lang='lat' dir='ltr'><strong>terra.</strong></span> 
     </span>
    </p>
   </div>
   <div class='ocr_carea' id='block_1_6' title="bbox 49 1005 1817 1072">
    <p class='ocr_par' dir='ltr' id='par_1_6' title="bbox 49 1005 1817 1072">
     <span class='ocr_line' id='line_1_12' title="bbox 49 1005 1817 1072; baseline 0.001 -18"><span class='ocrx_word' id='word_1_76' title='bbox 49 1021 92 1055; x_wconf 81' lang='grc' dir='ltr'><strong>ιο</strong></span> <span class='ocrx_word' id='word_1_77' title='bbox 122 1008 166 1053; x_wconf 89' lang='lat' dir='ltr'><strong>et</strong></span> <span class='ocrx_word' id='word_1_78' title='bbox 203 1005 410 1066; x_wconf 83' lang='lat' dir='ltr'><strong>clipewm</strong></span> <span class='ocrx_word' id='word_1_79' title='bbox 439 1020 587 1068; x_wconf 88' lang='lat' dir='ltr'><strong>super</strong></span> <span class='ocrx_word' id='word_1_80' title='bbox 615 1007 806 1055; x_wconf 87' lang='lat' dir='ltr'><strong>intonat</strong></span> <span class='ocrx_word' id='word_1_81' title='bbox 834 1008 1030 1068; x_wconf 71' lang='lat' dir='ltr'><strong>inqens:</strong></span> <span class='ocrx_word' id='word_1_82' title='bbox 1066 1022 1250 1071; x_wconf 88' lang='lat' dir='ltr'><strong>magna</strong></span> <span class='ocrx_word' id='word_1_83' title='bbox 1282 1006 1432 1070; x_wconf 87' lang='lat' dir='ltr'><strong>clipei</strong></span> <span class='ocrx_word' id='word_1_84' title='bbox 1462 1008 1649 1069; x_wconf 89' lang='lat' dir='ltr'><strong>species</strong></span> <span class='ocrx_word' id='word_1_85' title='bbox 1679 1022 1817 1072; x_wconf 86' lang='lat' dir='ltr'><strong>mag-</strong></span> 
     </span>
    </p>
   </div>
   <div class='ocr_carea' id='block_1_7' title="bbox 113 1080 1921 1367">
    <p class='ocr_par' dir='ltr' id='par_1_7' title="bbox 113 1080 1921 1367">
     <span class='ocr_line' id='line_1_13' title="bbox 121 1080 1818 1144; baseline 0.002 -17"><span class='ocrx_word' id='word_1_86' title='bbox 121 1095 242 1127; x_wconf 89' lang='lat' dir='ltr'><strong>num</strong></span> <span class='ocrx_word' id='word_1_87' title='bbox 287 1081 474 1128; x_wconf 85' lang='lat' dir='ltr'><strong>fecerat</strong></span> <span class='ocrx_word' id='word_1_88' title='bbox 518 1095 715 1142; x_wconf 88' lang='lat' dir='ltr'><strong>sonum,</strong></span> <span class='ocrx_word' id='word_1_89' title='bbox 764 1080 818 1128; x_wconf 92' lang='lat' dir='ltr'><strong>in</strong></span> <span class='ocrx_word' id='word_1_90' title='bbox 862 1082 1062 1129; x_wconf 89' lang='lat' dir='ltr'><strong>tantum</strong></span> <span class='ocrx_word' id='word_1_91' title='bbox 1106 1083 1167 1129; x_wconf 85' lang='lat' dir='ltr'><strong>ut</strong></span> <span class='ocrx_word' id='word_1_92' title='bbox 1212 1081 1404 1130; x_wconf 89' lang='lat' dir='ltr'><strong>caelum</strong></span> <span class='ocrx_word' id='word_1_93' title='bbox 1445 1083 1708 1144; x_wconf 89' lang='lat' dir='ltr'><strong>putaretur</strong></span> <span class='ocrx_word' id='word_1_94' title='bbox 1743 1083 1818 1130; x_wconf 91' lang='lat' dir='ltr'><strong>in-</strong></span> 
     </span>
     <span class='ocr_line' id='line_1_14' title="bbox 120 1154 1921 1215; baseline 0.001 -13"><span class='ocrx_word' id='word_1_95' title='bbox 120 1155 358 1203; x_wconf 88' lang='lat' dir='ltr'><strong>tonuisse.</strong></span> <span class='ocrx_word' id='word_1_96' title='bbox 427 1154 542 1203; x_wconf 86' lang='lat' dir='ltr'><strong>talis</strong></span> <span class='ocrx_word' id='word_1_97' title='bbox 578 1155 634 1203; x_wconf 85' lang='lat' dir='ltr'><strong>in</strong></span> <span class='ocrx_word' id='word_1_98' title='bbox 663 1155 881 1204; x_wconf 83' lang='lat' dir='ltr'><strong>Euboico</strong></span> <span class='ocrx_word' id='word_1_99' title='bbox 919 1155 1172 1204; x_wconf 83' lang='lat' dir='ltr'><strong>Baiarum</strong></span> <span class='ocrx_word' id='word_1_100' title='bbox 1209 1155 1345 1203; x_wconf 84' lang='lat' dir='ltr'><strong>litore</strong></span> <span class='ocrx_word' id='word_1_101' title='bbox 1383 1156 1630 1215; x_wconf 79' lang='lat' dir='ltr'><strong>quondam</strong></span> <span class='ocrx_word' id='word_1_102' title='bbox 1666 1170 1818 1204; x_wconf 75' lang='lat' dir='ltr'><strong>saxea</strong></span> <span class='ocrx_word' id='word_1_103' title='bbox 1836 1163 1921 1204; x_wconf 82' lang='lat'><strong>710</strong></span> 
     </span>
     <span class='ocr_line' id='line_1_15' title="bbox 113 1228 1817 1290; baseline 0.002 -15"><span class='ocrx_word' id='word_1_104' title='bbox 113 1228 226 1288; x_wconf 90' lang='lat' dir='ltr'><strong>pila</strong></span> <span class='ocrx_word' id='word_1_105' title='bbox 275 1228 426 1285; x_wconf 82' lang='lat' dir='ltr'><strong>cadit,</strong></span> <span class='ocrx_word' id='word_1_106' title='bbox 472 1229 667 1290; x_wconf 72' lang='lat' dir='ltr'><strong>maynis</strong></span> <span class='ocrx_word' id='word_1_107' title='bbox 716 1244 864 1290; x_wconf 79' lang='lat' dir='ltr'><strong>quam</strong></span> <span class='ocrx_word' id='word_1_108' title='bbox 911 1229 1119 1277; x_wconf 85' lang='lat' dir='ltr'><strong>molibus</strong></span> <span class='ocrx_word' id='word_1_109' title='bbox 1164 1232 1277 1278; x_wconf 90' lang='lat' dir='ltr'><strong>ante</strong></span> <span class='ocrx_word' id='word_1_110' title='bbox 1315 1233 1638 1278; x_wconf 77' lang='lat' dir='ltr'><strong>constructam</strong></span> <span class='ocrx_word' id='word_1_111' title='bbox 1667 1234 1817 1290; x_wconf 89' lang='lat' dir='ltr'><strong>ponto</strong></span> 
     </span>
     <span class='ocr_line' id='line_1_16' title="bbox 120 1302 1818 1367; baseline 0.002 -18"><span class='ocrx_word' id='word_1_112' title='bbox 120 1302 331 1351; x_wconf 87' lang='lat' dir='ltr'><strong>iaciunt:</strong></span> <span class='ocrx_word' id='word_1_113' title='bbox 382 1303 537 1351; x_wconf 88' lang='lat' dir='ltr'><strong>talem</strong></span> <span class='ocrx_word' id='word_1_114' title='bbox 586 1303 673 1352; x_wconf 87' lang='lat' dir='ltr'><strong>dat</strong></span> <span class='ocrx_word' id='word_1_115' title='bbox 721 1303 941 1352; x_wconf 88' lang='lat' dir='ltr'><strong>sonitum</strong></span> <span class='ocrx_word' id='word_1_116' title='bbox 991 1302 1118 1366; x_wconf 85' lang='lat' dir='ltr'><strong>pila,</strong></span> <span class='ocrx_word' id='word_1_117' title='bbox 1166 1319 1319 1367; x_wconf 89' lang='lat' dir='ltr'><strong>quam</strong></span> <span class='ocrx_word' id='word_1_118' title='bbox 1357 1303 1443 1351; x_wconf 91' lang='lat' dir='ltr'><strong>diu</strong></span> <span class='ocrx_word' id='word_1_119' title='bbox 1482 1306 1818 1353; x_wconf 78' lang='lat' dir='ltr'><strong>constructam</strong></span> 
     </span>
    </p>
   </div>
   <div class='ocr_carea' id='block_1_8' title="bbox 48 1375 1818 1440">
    <p class='ocr_par' dir='ltr' id='par_1_8' title="bbox 48 1375 1818 1440">
     <span class='ocr_line' id='line_1_17' title="bbox 48 1375 1818 1440; baseline 0.001 -16"><span class='ocrx_word' id='word_1_120' title='bbox 48 1390 91 1424; x_wconf 78' lang='lat'><strong>1⁶</strong></span> <span class='ocrx_word' id='word_1_121' title='bbox 120 1375 313 1425; x_wconf 85' lang='lat' dir='ltr'><strong>iaciunt</strong></span> <span class='ocrx_word' id='word_1_122' title='bbox 367 1379 522 1440; x_wconf 90' lang='lat' dir='ltr'><strong>ponto</strong></span> <span class='ocrx_word' id='word_1_123' title='bbox 572 1376 755 1426; x_wconf 89' lang='lat' dir='ltr'><strong>Baiani</strong></span> <span class='ocrx_word' id='word_1_124' title='bbox 806 1377 969 1426; x_wconf 86' lang='lat' dir='ltr'><strong>litoris</strong></span> <span class='ocrx_word' id='word_1_125' title='bbox 1022 1376 1261 1426; x_wconf 89' lang='lat' dir='ltr'><strong>homines.</strong></span> <span class='ocrx_word' id='word_1_126' title='bbox 1353 1378 1424 1426; x_wconf 88' lang='lat' dir='ltr'><strong>sic</strong></span> <span class='ocrx_word' id='word_1_127' title='bbox 1475 1378 1565 1426; x_wconf 87' lang='lat' dir='ltr'><strong>illa</strong></span> <span class='ocrx_word' id='word_1_128' title='bbox 1617 1379 1818 1427; x_wconf 88' lang='lat' dir='ltr'><strong>ruinam</strong></span> 
     </span>
    </p>
   </div>
   <div class='ocr_carea' id='block_1_9' title="bbox 44 1762 89 1796">
    <p class='ocr_par' dir='ltr' id='par_1_9' title="bbox 44 1762 89 1796">
     <span class='ocr_line' id='line_1_18' title="bbox 44 1762 89 1796; baseline 0 0"><span class='ocrx_word' id='word_1_129' title='bbox 44 1762 89 1796; x_wconf 77' lang='lat'><strong>20</strong></span> 
     </span>
    </p>
   </div>
   <div class='ocr_carea' id='block_1_10' title="bbox 45 2131 88 2165">
    <p class='ocr_par' dir='ltr' id='par_1_10' title="bbox 45 2131 88 2165">
     <span class='ocr_line' id='line_1_19' title="bbox 45 2131 88 2165; baseline 0 0"><span class='ocrx_word' id='word_1_130' title='bbox 45 2131 88 2165; x_wconf 74' lang='lat'><strong>25</strong></span> 
     </span>
    </p>
   </div>
   <div class='ocr_carea' id='block_1_11' title="bbox 114 1451 1918 2548">
    <p class='ocr_par' dir='ltr' id='par_1_11' title="bbox 114 1451 1918 2182">
     <span class='ocr_line' id='line_1_20' title="bbox 114 1451 1817 1513; baseline 0.002 -15"><span class='ocrx_word' id='word_1_131' title='bbox 114 1464 279 1511; x_wconf 87' lang='lat' dir='ltr'><strong>prona</strong></span> <span class='ocrx_word' id='word_1_132' title='bbox 324 1451 474 1499; x_wconf 81' lang='lat' dir='ltr'><strong>trahit</strong></span> <span class='ocrx_word' id='word_1_133' title='bbox 509 1452 799 1513; x_wconf 74' lang='lat' dir='ltr'><strong>penitusque</strong></span> <span class='ocrx_word' id='word_1_134' title='bbox 843 1451 988 1500; x_wconf 79' lang='lat' dir='ltr'><strong>vadis</strong></span> <span class='ocrx_word' id='word_1_135' title='bbox 1031 1451 1185 1500; x_wconf 86' lang='lat' dir='ltr'><strong>inlisa</strong></span> <span class='ocrx_word' id='word_1_136' title='bbox 1228 1452 1484 1500; x_wconf 72' lang='lat' dir='ltr'><strong>recumbit:</strong></span> <span class='ocrx_word' id='word_1_137' title='bbox 1531 1452 1656 1501; x_wconf 84' lang='lat' dir='ltr'><strong>dixit</strong></span> <span class='ocrx_word' id='word_1_138' title='bbox 1693 1452 1817 1501; x_wconf 89' lang='lat' dir='ltr'><strong>duas</strong></span> 
     </span>
     <span class='ocr_line' id='line_1_21' title="bbox 121 1523 1819 1590; baseline 0.001 -17"><span class='ocrx_word' id='word_1_139' title='bbox 121 1539 294 1573; x_wconf 80' lang='lat' dir='ltr'><strong>causas</strong></span> <span class='ocrx_word' id='word_1_140' title='bbox 351 1523 530 1588; x_wconf 87' lang='lat' dir='ltr'><strong>quibus</strong></span> <span class='ocrx_word' id='word_1_141' title='bbox 580 1525 847 1575; x_wconf 88' lang='lat' dir='ltr'><strong>violentior</strong></span> <span class='ocrx_word' id='word_1_142' title='bbox 894 1525 1116 1574; x_wconf 85' lang='lat' dir='ltr'><strong>volvitur</strong></span> <span class='ocrx_word' id='word_1_143' title='bbox 1165 1528 1216 1575; x_wconf 90' lang='lat' dir='ltr'><strong>et</strong></span> <span class='ocrx_word' id='word_1_144' title='bbox 1265 1541 1377 1574; x_wconf 91' lang='lat' dir='ltr'><strong>cum</strong></span> <span class='ocrx_word' id='word_1_145' title='bbox 1427 1526 1621 1590; x_wconf 88' lang='lat' dir='ltr'><strong>ingenti</strong></span> <span class='ocrx_word' id='word_1_146' title='bbox 1671 1526 1819 1575; x_wconf 85' lang='lat' dir='ltr'><strong>ruina</strong></span> 
     </span>
     <span class='ocr_line' id='line_1_22' title="bbox 119 1599 1818 1664; baseline 0.001 -17"><span class='ocrx_word' id='word_1_147' title='bbox 119 1599 361 1662; x_wconf 85' lang='lat' dir='ltr'><strong>pervenit.</strong></span> <span class='ocrx_word' id='word_1_148' title='bbox 422 1615 526 1647; x_wconf 87' lang='lat' dir='ltr'><strong>una</strong></span> <span class='ocrx_word' id='word_1_149' title='bbox 557 1602 634 1648; x_wconf 90' lang='lat' dir='ltr'><strong>est</strong></span> <span class='ocrx_word' id='word_1_150' title='bbox 664 1599 783 1663; x_wconf 85' lang='lat' dir='ltr'><strong>quia</strong></span> <span class='ocrx_word' id='word_1_151' title='bbox 820 1599 996 1648; x_wconf 87' lang='lat' dir='ltr'><strong>multis</strong></span> <span class='ocrx_word' id='word_1_152' title='bbox 1035 1601 1086 1648; x_wconf 89' lang='lat' dir='ltr'><strong>et</strong></span> <span class='ocrx_word' id='word_1_153' title='bbox 1123 1599 1254 1649; x_wconf 85' lang='lat' dir='ltr'><strong>saxis</strong></span> <span class='ocrx_word' id='word_1_154' title='bbox 1294 1602 1345 1649; x_wconf 90' lang='lat' dir='ltr'><strong>et</strong></span> <span class='ocrx_word' id='word_1_155' title='bbox 1380 1599 1702 1664; x_wconf 87' lang='lat' dir='ltr'><strong>inpensarum</strong></span> <span class='ocrx_word' id='word_1_156' title='bbox 1733 1601 1818 1649; x_wconf 89' lang='lat' dir='ltr'><strong>ad-</strong></span> 
     </span>
     <span class='ocr_line' id='line_1_23' title="bbox 119 1673 1815 1738; baseline 0.002 -18"><span class='ocrx_word' id='word_1_157' title='bbox 119 1673 355 1721; x_wconf 85' lang='lat' dir='ltr'><strong>mixtione</strong></span> <span class='ocrx_word' id='word_1_158' title='bbox 379 1675 676 1738; x_wconf 82' lang='lat' dir='ltr'><strong>congeritur,</strong></span> <span class='ocrx_word' id='word_1_159' title='bbox 704 1674 864 1723; x_wconf 84' lang='lat' dir='ltr'><strong>altera</strong></span> <span class='ocrx_word' id='word_1_160' title='bbox 888 1674 1008 1736; x_wconf 91' lang='lat' dir='ltr'><strong>quia</strong></span> <span class='ocrx_word' id='word_1_161' title='bbox 1030 1676 1240 1738; x_wconf 87' lang='lat' dir='ltr'><strong>urgetur</strong></span> <span class='ocrx_word' id='word_1_162' title='bbox 1260 1674 1314 1723; x_wconf 88' lang='lat' dir='ltr'><strong>in</strong></span> <span class='ocrx_word' id='word_1_163' title='bbox 1337 1690 1574 1738; x_wconf 87' lang='lat' dir='ltr'><strong>praeceps</strong></span> <span class='ocrx_word' id='word_1_164' title='bbox 1596 1674 1815 1738; x_wconf 89' lang='lat' dir='ltr'><strong>penitus-</strong></span> 
     </span>
     <span class='ocr_line' id='line_1_24' title="bbox 120 1746 1816 1812; baseline 0.001 -17"><span class='ocrx_word' id='word_1_165' title='bbox 120 1763 217 1809; x_wconf 90' lang='lat' dir='ltr'><strong>que</strong></span> <span class='ocrx_word' id='word_1_166' title='bbox 254 1746 396 1796; x_wconf 86' lang='lat' dir='ltr'><strong>vadis</strong></span> <span class='ocrx_word' id='word_1_167' title='bbox 442 1748 594 1797; x_wconf 87' lang='lat' dir='ltr'><strong>inlisa</strong></span> <span class='ocrx_word' id='word_1_168' title='bbox 637 1748 895 1797; x_wconf 89' lang='lat' dir='ltr'><strong>recumbit.</strong></span> <span class='ocrx_word' id='word_1_169' title='bbox 971 1763 1167 1797; x_wconf 89' lang='lat' dir='ltr'><strong>necesse</strong></span> <span class='ocrx_word' id='word_1_170' title='bbox 1215 1750 1348 1798; x_wconf 90' lang='lat' dir='ltr'><strong>enim</strong></span> <span class='ocrx_word' id='word_1_171' title='bbox 1387 1751 1464 1798; x_wconf 90' lang='lat' dir='ltr'><strong>est</strong></span> <span class='ocrx_word' id='word_1_172' title='bbox 1500 1750 1603 1798; x_wconf 90' lang='lat' dir='ltr'><strong>ima</strong></span> <span class='ocrx_word' id='word_1_173' title='bbox 1648 1751 1816 1812; x_wconf 89' lang='lat' dir='ltr'><strong>petere</strong></span> 
     </span>
     <span class='ocr_line' id='line_1_25' title="bbox 121 1822 1815 1887; baseline 0.002 -19"><span class='ocrx_word' id='word_1_174' title='bbox 121 1836 248 1883; x_wconf 92' lang='lat' dir='ltr'><strong>quae</strong></span> <span class='ocrx_word' id='word_1_175' title='bbox 271 1822 466 1886; x_wconf 88' lang='lat' dir='ltr'><strong>magnis</strong></span> <span class='ocrx_word' id='word_1_176' title='bbox 496 1822 798 1885; x_wconf 85' lang='lat' dir='ltr'><strong>ponderibus</strong></span> <span class='ocrx_word' id='word_1_177' title='bbox 824 1822 1012 1872; x_wconf 88' lang='lat' dir='ltr'><strong>cadunt</strong></span> <span class='ocrx_word' id='word_1_178' title='bbox 1042 1826 1092 1872; x_wconf 89' lang='lat' dir='ltr'><strong>et</strong></span> <span class='ocrx_word' id='word_1_179' title='bbox 1129 1825 1272 1872; x_wconf 91' lang='lat' dir='ltr'><strong>tanto</strong></span> <span class='ocrx_word' id='word_1_180' title='bbox 1312 1823 1591 1887; x_wconf 89' lang='lat' dir='ltr'><strong>depressius</strong></span> <span class='ocrx_word' id='word_1_181' title='bbox 1627 1825 1815 1886; x_wconf 88' lang='lat' dir='ltr'><strong>quanto</strong></span> 
     </span>
     <span class='ocr_line' id='line_1_26' title="bbox 118 1895 1817 1960; baseline 0.002 -17"><span class='ocrx_word' id='word_1_182' title='bbox 118 1895 376 1957; x_wconf 90' lang='lat' dir='ltr'><strong>posuerint</strong></span> <span class='ocrx_word' id='word_1_183' title='bbox 429 1898 675 1960; x_wconf 86' lang='lat' dir='ltr'><strong>graviora.</strong></span> <span class='ocrx_word' id='word_1_184' title='bbox 769 1913 877 1946; x_wconf 90' lang='lat' dir='ltr'><strong>ecce</strong></span> <span class='ocrx_word' id='word_1_185' title='bbox 932 1897 1122 1946; x_wconf 89' lang='lat' dir='ltr'><strong>factum</strong></span> <span class='ocrx_word' id='word_1_186' title='bbox 1176 1914 1235 1945; x_wconf 88' lang='lat' dir='ltr'><strong>ex</strong></span> <span class='ocrx_word' id='word_1_187' title='bbox 1294 1898 1453 1946; x_wconf 84' lang='lat' dir='ltr'><strong>facto:</strong></span> <span class='ocrx_word' id='word_1_188' title='bbox 1513 1899 1715 1947; x_wconf 88' lang='lat' dir='ltr'><strong>miscent</strong></span> <span class='ocrx_word' id='word_1_189' title='bbox 1765 1911 1817 1946; x_wconf 86' lang='lat' dir='ltr'><strong>se</strong></span> 
     </span>
     <span class='ocr_line' id='line_1_27' title="bbox 117 1970 1918 2034; baseline 0.001 -18"><span class='ocrx_word' id='word_1_190' title='bbox 117 1970 283 2018; x_wconf 88' lang='lat' dir='ltr'><strong>maria</strong></span> <span class='ocrx_word' id='word_1_191' title='bbox 329 1973 374 2018; x_wconf 90' lang='lat' dir='ltr'><strong>et</strong></span> <span class='ocrx_word' id='word_1_192' title='bbox 408 1971 555 2032; x_wconf 69' lang='lat' dir='ltr'><strong>niqra</strong></span> <span class='ocrx_word' id='word_1_193' title='bbox 592 1971 827 2020; x_wconf 84' lang='lat' dir='ltr'><strong>tollwntur</strong></span> <span class='ocrx_word' id='word_1_194' title='bbox 863 1971 1072 2030; x_wconf 80' lang='lat' dir='ltr'><strong>harena,</strong></span> <span class='ocrx_word' id='word_1_195' title='bbox 1116 1974 1219 2019; x_wconf 83' lang='lat' dir='ltr'><strong>tum</strong></span> <span class='ocrx_word' id='word_1_196' title='bbox 1247 1973 1411 2020; x_wconf 89' lang='lat' dir='ltr'><strong>sonitu</strong></span> <span class='ocrx_word' id='word_1_197' title='bbox 1439 1972 1682 2034; x_wconf 76' lang='lat' dir='ltr'><strong>Prochyta</strong></span> <span class='ocrx_word' id='word_1_198' title='bbox 1713 1972 1816 2021; x_wconf 86' lang='lat' dir='ltr'><strong>alta</strong></span> <span class='ocrx_word' id='word_1_199' title='bbox 1835 1977 1918 2017; x_wconf 81' lang='lat'><strong>715</strong></span> 
     </span>
     <span class='ocr_line' id='line_1_28' title="bbox 118 2044 1816 2107; baseline 0.002 -17"><span class='ocrx_word' id='word_1_200' title='bbox 118 2044 277 2091; x_wconf 91' lang='lat' dir='ltr'><strong>tremit</strong></span> <span class='ocrx_word' id='word_1_201' title='bbox 336 2044 606 2105; x_wconf 79' lang='lat' dir='ltr'><strong>durumque</strong></span> <span class='ocrx_word' id='word_1_202' title='bbox 666 2046 820 2094; x_wconf 77' lang='lat' dir='ltr'><strong>cubile</strong></span> <span class='ocrx_word' id='word_1_203' title='bbox 870 2045 1095 2094; x_wconf 80' lang='lat' dir='ltr'><strong>Inarime</strong></span> <span class='ocrx_word' id='word_1_204' title='bbox 1147 2046 1285 2094; x_wconf 89' lang='lat' dir='ltr'><strong>Iovis</strong></span> <span class='ocrx_word' id='word_1_205' title='bbox 1343 2047 1563 2106; x_wconf 87' lang='lat' dir='ltr'><strong>imperiis</strong></span> <span class='ocrx_word' id='word_1_206' title='bbox 1622 2047 1816 2107; x_wconf 87' lang='lat' dir='ltr'><strong>inposta</strong></span> 
     </span>
     <span class='ocr_line' id='line_1_29' title="bbox 121 2117 1579 2182; baseline 0.002 -17"><span class='ocrx_word' id='word_1_207' title='bbox 121 2117 366 2179; x_wconf 78' lang='lat' dir='ltr'><strong>Typhoeo:</strong></span> <span class='ocrx_word' id='word_1_208' title='bbox 404 2119 542 2167; x_wconf 91' lang='lat' dir='ltr'><strong>cuius</strong></span> <span class='ocrx_word' id='word_1_209' title='bbox 581 2119 715 2182; x_wconf 92' lang='lat' dir='ltr'><strong>pilae</strong></span> <span class='ocrx_word' id='word_1_210' title='bbox 754 2135 874 2168; x_wconf 89' lang='lat' dir='ltr'><strong>casu</strong></span> <span class='ocrx_word' id='word_1_211' title='bbox 910 2119 1072 2168; x_wconf 88' lang='lat' dir='ltr'><strong>multa</strong></span> <span class='ocrx_word' id='word_1_212' title='bbox 1110 2119 1212 2168; x_wconf 84' lang='lat' dir='ltr'><strong>alia</strong></span> <span class='ocrx_word' id='word_1_213' title='bbox 1250 2122 1579 2169; x_wconf 87' lang='lat' dir='ltr'><strong>contremunt.</strong></span> 
     </span>
    </p>

    <p class='ocr_par' dir='ltr' id='par_1_12' title="bbox 118 2192 1816 2548">
     <span class='ocr_line' id='line_1_30' title="bbox 236 2192 1816 2254; baseline 0.003 -15"><span class='ocrx_word' id='word_1_214' title='bbox 236 2192 338 2240; x_wconf 88' lang='lat' dir='ltr'><strong>Hic</strong></span> <span class='ocrx_word' id='word_1_215' title='bbox 366 2193 517 2241; x_wconf 85' lang='lat' dir='ltr'><strong>Mars</strong></span> <span class='ocrx_word' id='word_1_216' title='bbox 556 2194 851 2253; x_wconf 80' lang='lat' dir='ltr'><strong>armipotens</strong></span> <span class='ocrx_word' id='word_1_217' title='bbox 890 2195 1081 2242; x_wconf 87' lang='lat' dir='ltr'><strong>animos</strong></span> <span class='ocrx_word' id='word_1_218' title='bbox 1118 2195 1332 2254; x_wconf 79' lang='lat' dir='ltr'><strong>virisque</strong></span> <span class='ocrx_word' id='word_1_219' title='bbox 1362 2194 1563 2243; x_wconf 85' lang='lat' dir='ltr'><strong>Latinis</strong></span> <span class='ocrx_word' id='word_1_220' title='bbox 1602 2195 1816 2243; x_wconf 80' lang='lat' dir='ltr'><strong>addidit:</strong></span> 
     </span>
     <span class='ocr_line' id='line_1_31' title="bbox 119 2265 1815 2317; baseline 0.002 -4"><span class='ocrx_word' id='word_1_221' title='bbox 119 2265 276 2313; x_wconf 89' lang='lat' dir='ltr'><strong>Turni</strong></span> <span class='ocrx_word' id='word_1_222' title='bbox 316 2266 507 2315; x_wconf 89' lang='lat' dir='ltr'><strong>factum</strong></span> <span class='ocrx_word' id='word_1_223' title='bbox 544 2268 720 2316; x_wconf 86' lang='lat' dir='ltr'><strong>ceteris</strong></span> <span class='ocrx_word' id='word_1_224' title='bbox 759 2268 972 2316; x_wconf 88' lang='lat' dir='ltr'><strong>audendi</strong></span> <span class='ocrx_word' id='word_1_225' title='bbox 1010 2268 1243 2317; x_wconf 89' lang='lat' dir='ltr'><strong>fiduciam</strong></span> <span class='ocrx_word' id='word_1_226' title='bbox 1282 2268 1432 2317; x_wconf 85' lang='lat' dir='ltr'><strong>dedit.</strong></span> <span class='ocrx_word' id='word_1_227' title='bbox 1509 2273 1552 2317; x_wconf 87' lang='lat' dir='ltr'><strong>et</strong></span> <span class='ocrx_word' id='word_1_228' title='bbox 1595 2270 1815 2317; x_wconf 83' lang='lat' dir='ltr'><strong>stimulos</strong></span> 
     </span>
     <span class='ocr_line' id='line_1_32' title="bbox 118 2340 1814 2405; baseline 0.002 -17"><span class='ocrx_word' id='word_1_229' title='bbox 118 2340 249 2388; x_wconf 86' lang='lat' dir='ltr'><strong>acris</strong></span> <span class='ocrx_word' id='word_1_230' title='bbox 287 2342 377 2389; x_wconf 88' lang='lat' dir='ltr'><strong>sub</strong></span> <span class='ocrx_word' id='word_1_231' title='bbox 412 2344 601 2401; x_wconf 84' lang='lat' dir='ltr'><strong>pectore</strong></span> <span class='ocrx_word' id='word_1_232' title='bbox 638 2342 801 2390; x_wconf 83' lang='lat' dir='ltr'><strong>vertit:</strong></span> <span class='ocrx_word' id='word_1_233' title='bbox 840 2343 890 2389; x_wconf 90' lang='lat' dir='ltr'><strong>et</strong></span> <span class='ocrx_word' id='word_1_234' title='bbox 929 2343 1075 2405; x_wconf 90' lang='lat' dir='ltr'><strong>quasi</strong></span> <span class='ocrx_word' id='word_1_235' title='bbox 1115 2342 1413 2405; x_wconf 90' lang='lat' dir='ltr'><strong>quibusdam</strong></span> <span class='ocrx_word' id='word_1_236' title='bbox 1453 2343 1668 2391; x_wconf 88' lang='lat' dir='ltr'><strong>stimulis</strong></span> <span class='ocrx_word' id='word_1_237' title='bbox 1707 2359 1814 2391; x_wconf 87' lang='lat' dir='ltr'><strong>rur-</strong></span> 
     </span>
     <span class='ocr_line' id='line_1_33' title="bbox 118 2414 1814 2478; baseline 0.002 -17"><span class='ocrx_word' id='word_1_238' title='bbox 118 2428 230 2462; x_wconf 88' lang='lat' dir='ltr'><strong>sum</strong></span> <span class='ocrx_word' id='word_1_239' title='bbox 263 2415 316 2462; x_wconf 89' lang='lat' dir='ltr'><strong>in</strong></span> <span class='ocrx_word' id='word_1_240' title='bbox 356 2414 476 2462; x_wconf 90' lang='lat' dir='ltr'><strong>belli</strong></span> <span class='ocrx_word' id='word_1_241' title='bbox 514 2417 762 2464; x_wconf 88' lang='lat' dir='ltr'><strong>certamen</strong></span> <span class='ocrx_word' id='word_1_242' title='bbox 801 2416 1038 2465; x_wconf 88' lang='lat' dir='ltr'><strong>accendit.</strong></span> <span class='ocrx_word' id='word_1_243' title='bbox 1099 2417 1376 2476; x_wconf 80' lang='lat' dir='ltr'><strong>inmisitque</strong></span> <span class='ocrx_word' id='word_1_244' title='bbox 1409 2418 1581 2478; x_wconf 61' lang='lat' dir='ltr'><strong>fuglam</strong></span> <span class='ocrx_word' id='word_1_245' title='bbox 1614 2417 1814 2465; x_wconf 84' lang='lat' dir='ltr'><strong>Teucris</strong></span> 
     </span>
     <span class='ocr_line' id='line_1_34' title="bbox 118 2490 1813 2548; baseline 0.001 -13"><span class='ocrx_word' id='word_1_246' title='bbox 118 2491 372 2548; x_wconf 77' lang='lat' dir='ltr'><strong>atrumque</strong></span> <span class='ocrx_word' id='word_1_247' title='bbox 410 2490 651 2538; x_wconf 86' lang='lat' dir='ltr'><strong>timorem:</strong></span> <span class='ocrx_word' id='word_1_248' title='bbox 701 2492 873 2539; x_wconf 89' lang='lat' dir='ltr'><strong>contra</strong></span> <span class='ocrx_word' id='word_1_249' title='bbox 924 2490 1154 2540; x_wconf 83' lang='lat' dir='ltr'><strong>Troianis</strong></span> <span class='ocrx_word' id='word_1_250' title='bbox 1203 2490 1374 2540; x_wconf 89' lang='lat' dir='ltr'><strong>iniecit</strong></span> <span class='ocrx_word' id='word_1_251' title='bbox 1422 2494 1610 2540; x_wconf 89' lang='lat' dir='ltr'><strong>metum</strong></span> <span class='ocrx_word' id='word_1_252' title='bbox 1661 2492 1710 2539; x_wconf 86' lang='lat' dir='ltr'><strong>et</strong></span> <span class='ocrx_word' id='word_1_253' title='bbox 1756 2507 1813 2539; x_wconf 83' lang='lat' dir='ltr'><strong>ex</strong></span> 
     </span>
    </p>
   </div>
   <div class='ocr_carea' id='block_1_12' title="bbox 117 2598 473 2604">
    <p class='ocr_par' dir='ltr' id='par_1_13' title="bbox 117 2598 473 2604">
     <span class='ocr_line' id='line_1_35' title="bbox 117 2598 473 2604; baseline 0 0"><span class='ocrx_word' id='word_1_254' title='bbox 117 2598 473 2604; x_wconf 95' lang='lat' dir='ltr'><strong> </strong></span> 
     </span>
    </p>
   </div>
   <div class='ocr_carea' id='block_1_13' title="bbox 117 2659 1814 3071">
    <p class='ocr_par' dir='ltr' id='par_1_14' title="bbox 117 2659 1814 3071">
     <span class='ocr_line' id='line_1_36' title="bbox 236 2659 1812 2717; baseline 0 -12"><span class='ocrx_word' id='word_1_255' title='bbox 236 2666 264 2704; x_wconf 84' lang='lat'>4</span> <span class='ocrx_word' id='word_1_256' title='bbox 287 2665 439 2717; x_wconf 88' lang='lat' dir='ltr'><strong>posset</strong></span> <span class='ocrx_word' id='word_1_257' title='bbox 461 2659 503 2704; x_wconf 91' lang='lat' dir='ltr'><strong>V</strong></span> <span class='ocrx_word' id='word_1_258' title='bbox 527 2660 598 2705; x_wconf 87' lang='lat' dir='ltr'><strong>ed.</strong></span> <span class='ocrx_word' id='word_1_259' title='bbox 625 2660 681 2705; x_wconf 87' lang='lat' dir='ltr'><strong>cf.</strong></span> <span class='ocrx_word' id='word_1_260' title='bbox 707 2661 728 2704; x_wconf 91' lang='lat' dir='ltr'>I</span> <span class='ocrx_word' id='word_1_261' title='bbox 759 2676 803 2717; x_wconf 88' lang='lat' dir='ltr'><strong>p.</strong></span> <span class='ocrx_word' id='word_1_262' title='bbox 830 2665 886 2705; x_wconf 90' lang='lat'><strong>80</strong></span> <span class='ocrx_word' id='word_1_263' title='bbox 919 2676 962 2705; x_wconf 93' lang='lat' dir='ltr'><strong>n.</strong></span> <span class='ocrx_word' id='word_1_264' title='bbox 989 2665 1058 2705; x_wconf 87' lang='grc'><strong>19.</strong></span> <span class='ocrx_word' id='word_1_265' title='bbox 1159 2666 1184 2706; x_wconf 88' lang='grc'>5</span> <span class='ocrx_word' id='word_1_266' title='bbox 1217 2663 1287 2707; x_wconf 85' lang='lat' dir='ltr'><strong>ait</strong></span> <span class='ocrx_word' id='word_1_267' title='bbox 1308 2661 1350 2706; x_wconf 89' lang='lat' dir='ltr'><strong>V</strong></span> <span class='ocrx_word' id='word_1_268' title='bbox 1375 2667 1439 2707; x_wconf 86' lang='lat' dir='ltr'><strong>est</strong></span> <span class='ocrx_word' id='word_1_269' title='bbox 1469 2662 1540 2706; x_wconf 87' lang='lat' dir='ltr'><strong>ed.</strong></span> <span class='ocrx_word' id='word_1_270' title='bbox 1642 2665 1666 2704; x_wconf 87' lang='lat'>6</span> <span class='ocrx_word' id='word_1_271' title='bbox 1699 2674 1812 2705; x_wconf 85' lang='lat' dir='ltr'><strong>non-</strong></span> 
     </span>
     <span class='ocr_line' id='line_1_37' title="bbox 117 2719 1814 2777; baseline 0 -14"><span class='ocrx_word' id='word_1_272' title='bbox 117 2719 292 2764; x_wconf 83' lang='lat' dir='ltr'><strong>dum—</strong></span> <span class='ocrx_word' id='word_1_273' title='bbox 314 2724 338 2763; x_wconf 74' lang='lat'><strong>‘1</strong></span> <span class='ocrx_word' id='word_1_274' title='bbox 363 2720 562 2765; x_wconf 87' lang='lat' dir='ltr'><strong>membra</strong></span> <span class='ocrx_word' id='word_1_275' title='bbox 593 2734 682 2764; x_wconf 93' lang='lat' dir='ltr'><strong>om.</strong></span> <span class='ocrx_word' id='word_1_276' title='bbox 707 2720 779 2765; x_wconf 88' lang='lat' dir='ltr'><strong>ed.</strong></span> <span class='ocrx_word' id='word_1_277' title='bbox 866 2725 918 2764; x_wconf 89' lang='lat'><strong>11</strong></span> <span class='ocrx_word' id='word_1_278' title='bbox 944 2722 1141 2766; x_wconf 82' lang='lat' dir='ltr'><strong>sonitum</strong></span> <span class='ocrx_word' id='word_1_279' title='bbox 1165 2721 1236 2766; x_wconf 88' lang='lat' dir='ltr'><strong>ed.</strong></span> <span class='ocrx_word' id='word_1_280' title='bbox 1332 2726 1384 2765; x_wconf 84' lang='lat'><strong>12</strong></span> <span class='ocrx_word' id='word_1_281' title='bbox 1418 2722 1569 2777; x_wconf 79' lang='lat' dir='ltr'><strong>qualis</strong></span> <span class='ocrx_word' id='word_1_282' title='bbox 1598 2733 1681 2776; x_wconf 83' lang='lat' dir='ltr'><strong>pro</strong></span> <span class='ocrx_word' id='word_1_283' title='bbox 1706 2721 1814 2764; x_wconf 82' lang='lat' dir='ltr'><strong>talis</strong></span> 
     </span>
     <span class='ocr_line' id='line_1_38' title="bbox 118 2778 1813 2836; baseline 0.001 -14"><span class='ocrx_word' id='word_1_284' title='bbox 118 2778 189 2822; x_wconf 89' lang='lat' dir='ltr'><strong>ed.</strong></span> <span class='ocrx_word' id='word_1_285' title='bbox 314 2783 367 2822; x_wconf 83' lang='lat'><strong>13</strong></span> <span class='ocrx_word' id='word_1_286' title='bbox 406 2780 587 2824; x_wconf 82' lang='lat' dir='ltr'><strong>iaciwnt</strong></span> <span class='ocrx_word' id='word_1_287' title='bbox 616 2785 761 2836; x_wconf 89' lang='lat' dir='ltr'><strong>ponto</strong></span> <span class='ocrx_word' id='word_1_288' title='bbox 792 2779 863 2824; x_wconf 89' lang='lat' dir='ltr'><strong>ed.</strong></span> <span class='ocrx_word' id='word_1_289' title='bbox 988 2784 1041 2823; x_wconf 82' lang='lat'><strong>17</strong></span> <span class='ocrx_word' id='word_1_290' title='bbox 1081 2781 1342 2825; x_wconf 80' lang='lat' dir='ltr'><strong>volvebatur</strong></span> <span class='ocrx_word' id='word_1_291' title='bbox 1373 2780 1444 2824; x_wconf 89' lang='lat' dir='ltr'><strong>ed.</strong></span> <span class='ocrx_word' id='word_1_292' title='bbox 1568 2783 1622 2823; x_wconf 90' lang='lat'><strong>18</strong></span> <span class='ocrx_word' id='word_1_293' title='bbox 1656 2780 1813 2824; x_wconf 81' lang='lat' dir='ltr'><strong>multis</strong></span> 
     </span>
     <span class='ocr_line' id='line_1_39' title="bbox 118 2837 1814 2896; baseline 0 -14"><span class='ocrx_word' id='word_1_294' title='bbox 118 2842 159 2882; x_wconf 89' lang='lat' dir='ltr'><strong>et</strong></span> <span class='ocrx_word' id='word_1_295' title='bbox 182 2851 270 2882; x_wconf 89' lang='lat' dir='ltr'><strong>om.</strong></span> <span class='ocrx_word' id='word_1_296' title='bbox 296 2838 367 2882; x_wconf 89' lang='lat' dir='ltr'><strong>ed.</strong></span> <span class='ocrx_word' id='word_1_297' title='bbox 412 2839 416 2895; x_wconf 86' lang='lat' dir='ltr'><strong>l</strong></span> <span class='ocrx_word' id='word_1_298' title='bbox 459 2839 785 2883; x_wconf 80' lang='lat' dir='ltr'><strong>admixtionem</strong></span> <span class='ocrx_word' id='word_1_299' title='bbox 809 2838 851 2882; x_wconf 92' lang='lat' dir='ltr'><strong>V</strong></span> <span class='ocrx_word' id='word_1_300' title='bbox 876 2852 990 2883; x_wconf 89' lang='lat' dir='ltr'><strong>corr.</strong></span> <span class='ocrx_word' id='word_1_301' title='bbox 1016 2839 1087 2884; x_wconf 89' lang='lat' dir='ltr'><strong>ed.</strong></span> <span class='ocrx_word' id='word_1_302' title='bbox 1182 2845 1237 2883; x_wconf 90' lang='grc'><strong>22</strong></span> <span class='ocrx_word' id='word_1_303' title='bbox 1255 2841 1492 2896; x_wconf 83' lang='lat' dir='ltr'><strong>potuerint</strong></span> <span class='ocrx_word' id='word_1_304' title='bbox 1514 2837 1554 2880; x_wconf 92' lang='lat' dir='ltr'><strong>V</strong></span> <span class='ocrx_word' id='word_1_305' title='bbox 1573 2839 1814 2894; x_wconf 78' lang='lat' dir='ltr'><strong>posuerint</strong></span> 
     </span>
     <span class='ocr_line' id='line_1_40' title="bbox 117 2896 1809 2955; baseline 0 -15"><span class='ocrx_word' id='word_1_306' title='bbox 117 2910 200 2940; x_wconf 91' lang='lat' dir='ltr'><strong>nos</strong></span> <span class='ocrx_word' id='word_1_307' title='bbox 241 2897 418 2951; x_wconf 81' lang='lat' dir='ltr'><strong>fuerint</strong></span> <span class='ocrx_word' id='word_1_308' title='bbox 458 2897 531 2941; x_wconf 87' lang='lat' dir='ltr'><strong>ed.</strong></span> <span class='ocrx_word' id='word_1_309' title='bbox 654 2903 709 2941; x_wconf 84' lang='lat'><strong>23</strong></span> <span class='ocrx_word' id='word_1_310' title='bbox 752 2899 913 2955; x_wconf 72' lang='lat' dir='ltr'><strong>niqrae</strong></span> <span class='ocrx_word' id='word_1_311' title='bbox 954 2899 1230 2943; x_wconf 82' lang='lat' dir='ltr'><strong>attolluntur</strong></span> <span class='ocrx_word' id='word_1_312' title='bbox 1270 2900 1466 2942; x_wconf 82' lang='lat' dir='ltr'><strong>harenae</strong></span> <span class='ocrx_word' id='word_1_313' title='bbox 1505 2897 1642 2955; x_wconf 89' lang='lat' dir='ltr'><strong>Verg.</strong></span> <span class='ocrx_word' id='word_1_314' title='bbox 1687 2896 1809 2941; x_wconf 89' lang='lat' dir='ltr'><strong>libri.</strong></span> 
     </span>
     <span class='ocr_line' id='line_1_41' title="bbox 118 2956 1809 3015; baseline 0.002 -17"><span class='ocrx_word' id='word_1_315' title='bbox 118 2959 174 2998; x_wconf 86' lang='grc'><strong>25</strong></span> <span class='ocrx_word' id='word_1_316' title='bbox 206 2957 338 3000; x_wconf 82' lang='lat' dir='ltr'><strong>cuius</strong></span> <span class='ocrx_word' id='word_1_317' title='bbox 369 2970 457 3000; x_wconf 91' lang='lat' dir='ltr'><strong>om.</strong></span> <span class='ocrx_word' id='word_1_318' title='bbox 481 2957 632 3012; x_wconf 76' lang='lat' dir='ltr'><strong>inquit</strong></span> <span class='ocrx_word' id='word_1_319' title='bbox 661 2959 770 3013; x_wconf 87' lang='lat' dir='ltr'><strong>post</strong></span> <span class='ocrx_word' id='word_1_320' title='bbox 793 2958 922 3013; x_wconf 83' lang='lat' dir='ltr'><strong>pilae</strong></span> <span class='ocrx_word' id='word_1_321' title='bbox 944 2956 1160 3014; x_wconf 89' lang='lat' dir='ltr'><strong>interpol.</strong></span> <span class='ocrx_word' id='word_1_322' title='bbox 1186 2957 1258 3002; x_wconf 88' lang='lat' dir='ltr'><strong>ed.</strong></span> <span class='ocrx_word' id='word_1_323' title='bbox 1302 2957 1308 3015; x_wconf 89' lang='grc' dir='ltr'>Ι</span> <span class='ocrx_word' id='word_1_324' title='bbox 1351 2962 1714 3002; x_wconf 79' lang='lat' dir='ltr'><strong>contremuerunt</strong></span> <span class='ocrx_word' id='word_1_325' title='bbox 1737 2956 1809 3001; x_wconf 90' lang='lat' dir='ltr'><strong>ed.</strong></span> 
     </span>
     <span class='ocr_line' id='line_1_42' title="bbox 119 3016 998 3071; baseline 0.006 -14"><span class='ocrx_word' id='word_1_326' title='bbox 119 3018 174 3058; x_wconf 91' lang='grc'><strong>26</strong></span> <span class='ocrx_word' id='word_1_327' title='bbox 205 3016 485 3071; x_wconf 81' lang='lat' dir='ltr'><strong>omnipotens</strong></span> <span class='ocrx_word' id='word_1_328' title='bbox 514 3016 586 3060; x_wconf 88' lang='lat' dir='ltr'><strong>ed.</strong></span> <span class='ocrx_word' id='word_1_329' title='bbox 709 3020 765 3060; x_wconf 84' lang='grc'><strong>28</strong></span> <span class='ocrx_word' id='word_1_330' title='bbox 796 3017 896 3061; x_wconf 81' lang='lat' dir='ltr'><strong>aeri</strong></span> <span class='ocrx_word' id='word_1_331' title='bbox 926 3016 998 3062; x_wconf 87' lang='lat' dir='ltr'><strong>ed.</strong></span> 
     </span>
    </p>
   </div>
  </div>
 </body>
</html>
