2050 3226
246 156 353 210 100
717 153 951 199 DONATI
980 153 1262 201 INTERPR.
1285 153 1466 199 VERG.

241 294 408 342 venire
453 296 770 357 putarentur,
822 309 934 343 cum
973 293 1276 342 descendunt
1313 309 1339 341 e
1377 293 1644 344 verticibus
1689 294 1935 343 montium

242 370 292 416 et
320 368 399 417 his
433 367 744 417 currentibus
776 367 960 416 cedunt
991 368 1159 416 omnia
1191 383 1318 431 quae
1347 366 1575 417 fortassis
1607 369 1934 417 occurrerent.

356 443 461 491 Nec
497 443 847 490 Praenestinae
884 442 1120 503 fundator
1157 442 1314 502 defuit
1348 443 1507 499 urbis,
1557 442 1774 492 Vulcano
1801 443 1936 503 yeni-

138 524 223 565 680
241 519 341 563 tum
372 531 554 577 pecora
596 517 723 564 inter
768 517 981 577 agrestia
1025 530 1183 577 reyem
1227 516 1566 576 inventmnqne
1609 517 1732 576 focis
1776 517 1935 564 omnis

241 605 379 651 quem
417 590 619 639 credidit
656 593 812 647 aetas,
857 588 1118 638 Caeculus:
1161 589 1216 637 in
1251 589 1341 638 illo
1380 592 1626 638 conventu
1663 590 1936 638 multorum

165 723 170 726 Ι
239 679 413 728 regum
438 666 488 712 et
509 663 840 726 plurimarum
871 663 1097 727 gentium
1120 679 1220 712 non
1244 663 1407 712 defuit
1431 662 1671 712 Caeculus
1695 664 1936 712 fundator

238 738 377 787 urbis
401 737 769 799 Praenestinae,
801 755 948 801 quem
978 754 1037 786 ex
1059 738 1286 786 Vulcano
1319 740 1370 786 et
1394 737 1683 786 Sebethride
1714 738 1935 800 nympha
1975 743 1978 746 ’

239 813 466 876 genitum
506 827 674 861 omnes
711 828 813 861 uno
853 827 1093 861 consensu
1138 811 1452 861 crediderunt
1495 813 1590 860 hac
1636 811 1934 873 coniectura,

240 886 359 949 quia
396 886 450 934 in
486 886 650 935 medio
689 886 797 951 igni
824 885 1058 935 inventus
1090 887 1262 935 ardere
1293 902 1393 935 non
1422 886 1602 948 potuit.
1655 886 1784 934 hunc
1815 886 1934 947 leyio

240 960 335 1008 late
399 962 653 1008 comitatur
706 961 933 1021 agrestis:
1000 962 1131 1009 truci
1184 962 1368 1008 natura
1431 962 1583 1024 atque
1647 975 1823 1022 aspera
1885 961 1936 1007 et

241 1033 571 1096 copiosissimi
618 1035 833 1095 numeri3
874 1050 993 1082 nam
1041 1051 1151 1083 cum
1203 1034 1323 1083 dicit
1369 1034 1470 1082 late
1521 1033 1810 1096 comitatur,
1857 1034 1933 1082 in-

239 1108 437 1157 finitum
475 1109 529 1156 in
566 1108 770 1156 modum
802 1109 1034 1157 diffusam
1071 1108 1447 1157 multitudinem
1476 1109 1631 1157 fuisse
1671 1107 1934 1172 significat.

240 1184 415 1243 quique
453 1183 606 1230 altum
642 1183 904 1231 Praeneste
946 1184 1044 1230 viri
1083 1184 1256 1244 quique
1294 1197 1420 1231 arva
1460 1181 1686 1230 Gabinae
1723 1182 1936 1230 Iunonis

236 1257 541 1318 yelidumqnc
577 1255 818 1304 Anienem
857 1259 900 1304 et
934 1257 1129 1305 roscida
1173 1257 1295 1305 rivis
1332 1257 1555 1304 Hernica
1595 1270 1723 1304 saxa
1759 1256 1933 1313 colwnt,

137 1337 221 1378 685
240 1345 357 1390 qnos
396 1331 529 1378 dives
558 1328 797 1391 Anaynia
824 1331 1002 1391 pascit,
1043 1345 1174 1390 quos,
1207 1329 1453 1379 Amasene
1484 1333 1653 1390 pater:
1697 1332 1936 1379 venerant

240 1404 392 1452 etiam
422 1405 500 1452 illi
533 1405 620 1467 qui
650 1405 819 1452 colunt
849 1405 959 1452 loca
983 1421 1111 1468 quae
1144 1405 1426 1467 specialiter
1457 1404 1596 1464 dixit,
1625 1405 1704 1452 illi
1736 1420 1934 1467 quoque

241 1493 365 1541 quos
403 1477 566 1540 pascit
603 1477 837 1542 Anagnia
878 1481 927 1527 et
957 1478 1236 1527 Amasenus
1274 1479 1470 1527 fluvius,
1524 1492 1623 1526 non
1652 1478 1753 1526 illis
1783 1479 1935 1526 omni-

240 1554 330 1600 bus
369 1567 536 1600 arma:
580 1552 683 1601 illis
731 1551 958 1601 omnibus
1005 1569 1105 1601 non
1147 1553 1349 1601 fuerant
1387 1567 1637 1600 armorum
1675 1552 1836 1600 cultus
1877 1568 1935 1600 ex

238 1642 374 1675 more
397 1625 706 1674 bellantium.
748 1641 835 1674 nec
866 1627 1005 1686 clipei
1036 1641 1267 1675 currusve
1296 1628 1496 1674 sonant:
1526 1641 1616 1673 nec
1640 1625 1936 1674 emittebant

241 1700 460 1762 aliquem
500 1699 785 1762 strepitum,
822 1702 998 1762 utpote
1039 1700 1128 1763 qui
1166 1703 1308 1748 scuta
1348 1702 1398 1748 et
1435 1715 1606 1748 currus
1645 1715 1744 1747 non
1785 1699 1934 1748 habe—

239 1774 376 1823 bant.
445 1789 573 1834 pars
608 1775 828 1822 maxima
870 1775 1068 1835 gflandis
1115 1775 1304 1822 liventis
1343 1774 1539 1834 plmnbi
1586 1774 1798 1834 sparyit:
1847 1773 1936 1821 alii

242 1847 373 1895 enim
396 1849 621 1910 ipsorum
652 1850 702 1896 et
730 1849 891 1912 magis
917 1849 1192 1910 complures
1215 1847 1461 1910 plumbeis
1484 1847 1717 1896 massulis
1740 1863 1934 1912 pugna-

238 1922 362 1970 bant
399 1922 636 1970 iacientes
674 1922 764 1970 has
803 1938 891 1984 per
929 1922 1140 1971 diversa.
1206 1936 1336 1982 pars
1381 1922 1572 1981 spicula
1614 1925 1769 1982 qestat
1813 1922 1934 1970 bina

239 2011 416 2044 mann:
455 1996 557 2044 alia
593 2011 709 2058 pars
748 1995 933 2044 fidebat
971 1997 1173 2059 spiculis
1221 1995 1366 2044 binis.
1442 1996 1694 2055 fulvosque
1733 1996 1838 2055 lapi
1876 1996 1934 2043 de

230 2070 360 2130 pelle
414 2070 605 2129 yalcros
658 2072 842 2130 teymen
892 2071 1069 2118 habent
1120 2071 1291 2129 capiti:
1350 2085 1441 2131 pro
1495 2070 1651 2133 galeis
1706 2069 1932 2118 velamen

241 2143 487 2206 capitibus
543 2158 712 2191 eorum
766 2143 865 2191 fuit
917 2147 1065 2206 rapta
1117 2144 1262 2206 pellis
1316 2159 1374 2191 ex
1427 2143 1613 2205 lupinis
1669 2142 1930 2205 capitibus.

139 2227 224 2267 690
239 2218 442 2278 vestiyia
479 2217 617 2265 nuda
661 2218 851 2265 sinistri
894 2219 1143 2266 instituere
1178 2218 1344 2277 pedis,
1393 2217 1575 2265 crudus
1622 2218 1735 2277 teyit
1778 2217 1934 2265 altera

234 2305 378 2352 pero:
423 2307 581 2338 unum
626 2291 801 2353 pedem
846 2291 939 2340 hoc
977 2294 1052 2340 est
1096 2291 1353 2340 sinistrum
1401 2290 1591 2338 nudum
1635 2290 1931 2351 habuerunt,

243 2365 496 2413 dexterum
533 2366 734 2412 tectum.

362 2555 385 2594 1
419 2549 683 2594 descendent
705 2548 747 2592 V
773 2563 885 2593 corr.
912 2549 983 2593 ed.
1078 2554 1101 2593 7
1134 2551 1386 2594 sebethrida
1408 2551 1559 2608 nynfa
1584 2549 1636 2594 V:
1668 2549 1789 2593 hanc
1813 2549 1929 2593 Don.

243 2610 303 2652 ad
333 2624 374 2653 v.
401 2613 486 2653 734
519 2608 740 2652 aberrans
771 2609 969 2653 induxit.
1078 2613 1104 2652 8
1135 2610 1244 2653 haec
1266 2609 1309 2652 V
1338 2611 1424 2654 hac
1456 2610 1527 2653 ed.
1637 2613 1662 2652 9
1695 2609 1858 2652 ardore
1888 2607 1931 2650 V

243 2669 402 2713 ardere
432 2682 516 2712 nos
547 2669 679 2712 exuri
709 2667 780 2711 ed.
890 2673 940 2711 11
977 2669 1333 2723 copiosissimum
1364 2670 1432 2713 eri
1453 2667 1496 2711 V
1518 2670 1692 2711 temere
1715 2669 1829 2710 mut.
1857 2666 1929 2711 ed.

245 2733 298 2771 15
331 2732 616 2772 venerant—
634 2731 687 2770 17
714 2732 755 2771 et
782 2740 869 2770 om.
889 2727 960 2770 ed.
1072 2732 1124 2770 17
1149 2729 1317 2783 fluvius
1340 2727 1382 2770 V
1404 2730 1448 2784 fl.
1474 2732 1538 2772 est
1569 2727 1641 2771 ed.
1744 2730 1799 2769 18
1829 2725 1930 2779 fue-

242 2792 350 2831 rant
373 2786 414 2829 V
445 2787 634 2841 faerwnt
664 2785 733 2830 ed.
832 2789 886 2828 19
917 2799 1067 2830 ncc—
1086 2790 1141 2828 20
1164 2787 1387 2830 habebant
1418 2800 1506 2830 om.
1532 2786 1604 2830 ed.
1695 2789 1750 2827 22
1782 2785 1931 2841 mayis

245 2859 332 2888 om.
359 2845 429 2889 ed.
535 2850 591 2888 24
621 2845 834 2901 fulvoque
866 2844 938 2888 ed.
1042 2849 1096 2887 25
1128 2846 1260 2889 habet
1290 2845 1362 2889 ed.
1469 2849 1525 2889 26
1558 2858 1613 2889 ex
1643 2844 1743 2899 lwpi
1771 2844 1824 2886 in
1853 2857 1929 2887 ca-

236 2905 414 2960 pitibus
437 2904 479 2947 V
510 2918 566 2949 ex
597 2905 704 2959 lupo
734 2905 765 2947 i.
791 2917 828 2948 c.
860 2903 930 2948 ed.
964 2917 1019 2947 ex
1049 2904 1223 2960 lupinis
1253 2917 1289 2948 c.
1321 2918 1418 2948 nos.
1519 2908 1573 2948 27
1605 2903 1805 2948 sinistris
1827 2901 1881 2946 V.
1918 2901 1924 2960 Ι

243 2964 352 3020 teyit
373 2963 415 3006 V
446 2965 560 3020 reyit
590 2961 718 3006 HOU
750 2962 821 3006 ed.

1967 975 2010 1008 10

1968 1343 2009 1378 15

1965 1713 2010 1746 80

1964 2081 2008 2114 25
