2050 3226
794 220 1098 266 AENEIDOS
1129 219 1195 264 XI
1734 224 1841 278 471

148 363 434 412 mactatam.
511 366 617 418 aut,
664 363 709 410 si
753 364 894 424 fama
936 364 1113 418 movet,
1153 361 1198 409 si
1236 363 1426 409 tantwm
1465 364 1654 421 pectore
1696 363 1847 410 robwr

149 437 381 497 coneipiS,
415 438 524 498 aut,
556 436 600 485 si
630 436 876 486 erubescis
908 435 1078 484 cedere
1108 437 1160 484 et
1191 436 1242 484 te
1274 434 1352 484 tui
1382 433 1596 483 nominis
1622 437 1848 500 exagitat

149 511 286 559 fama
322 512 619 573 tantumque
665 512 719 558 in
757 513 807 559 te
845 511 1004 559 bonae
1043 509 1296 559 existimas
1337 524 1589 573 superesse
1627 509 1846 572 virtutiS‚

149 589 192 633 et
228 586 274 633 si
311 585 429 633 adeo
468 584 645 633 dotalis
682 587 817 646 reqia
861 585 995 634 cordi
1033 588 1122 642 est,
1169 586 1220 633 et
1257 583 1302 633 si
1338 585 1538 632 tantum
1583 583 1720 632 cordi
1757 586 1845 633 tuo

42 695 58 718 ᾗ
147 659 328 723 regalis
376 658 598 723 coniugii
644 659 892 723 cupiditas
938 659 1037 708 fixa
1083 660 1180 720 est,
1228 660 1287 706 ut
1332 658 1484 707 avelli
1527 673 1628 706 non
1670 660 1846 721 possit,

37 1046 116 1085 ⁴10

39 1431 48 1442 ι
73 1416 115 1449 15

70 1787 114 1820 20

26 2178 42 2199 ,ι
70 2159 113 2192 25

148 733 276 781 aude
321 736 463 793 atque
509 733 771 782 adversmn
806 734 965 793 fidens
1001 734 1080 793 fer
1117 736 1286 794 pectus
1330 733 1386 780 in
1422 732 1626 780 hostem:
1674 732 1718 781 si
1757 733 1845 781 ali-
1863 743 1949 784 370

148 823 299 870 quam
336 808 540 856 virtutis
578 810 696 856 tuae
727 807 962 856 fiduciam
997 806 1152 871 geris,
1192 807 1319 855 aude
1359 807 1410 855 et
1446 807 1695 855 certamen
1734 822 1847 855 cum

147 881 252 930 solo
285 881 419 931 solus
451 881 719 946 adgredere
752 884 903 945 atque
935 881 1101 946 potior
1131 882 1182 928 et
1203 882 1482 944 praestanti
1512 882 1700 930 virtute
1732 897 1845 930 con·

146 955 264 1005 fisus
302 956 498 1005 hostem
534 958 647 1019 pete
688 956 895 1006 adverso
934 958 1146 1019 pectore.
1223 955 1400 1004 scilicet
1435 958 1491 1003 ut
1529 955 1698 1003 Turno
1737 970 1846 1004 con-

145 1029 302 1090 tinyat
328 1031 465 1092 reyia
495 1032 726 1087 coniunx,
759 1045 868 1088 nos,
905 1032 1102 1079 animae
1130 1029 1270 1086 viles,
1301 1029 1559 1078 inhwmata
1587 1030 1848 1090 infletaque

146 1105 312 1161 turba,
358 1108 629 1153 sternemar
667 1106 878 1165 campis:
922 1105 1196 1153 necessarie
1234 1103 1400 1166 posita
1444 1102 1498 1151 in
1542 1103 1639 1151 fine
1687 1104 1846 1152 excla-

145 1178 322 1240 mati0,
369 1195 498 1242 quae
536 1180 796 1243 proposita
841 1178 1129 1228 condicione
1168 1178 1453 1226 certaminis
1494 1179 1545 1226 et
1582 1178 1695 1226 duri
1730 1180 1867 1241 post.

147 1254 396 1301 certamen
447 1253 585 1302 exitii
633 1254 825 1302 teneret
873 1253 1128 1302 universos
1178 1252 1231 1300 in
1283 1251 1520 1301 societate
1570 1252 1845 1301 voluntatis

146 1341 277 1376 suae.
353 1328 447 1376 hoc
484 1328 593 1377 loco
632 1343 812 1376 nomen
850 1327 1008 1376 Turni
1045 1329 1105 1375 ut
1143 1326 1321 1376 abiecti
1370 1328 1421 1375 et
1457 1325 1661 1375 humilis
1702 1326 1845 1375 debe-

144 1417 254 1450 mus
294 1402 516 1464 accipere
563 1418 653 1464 pro
702 1402 868 1451 animo
915 1402 1020 1450 eius
1068 1401 1156 1464 qui
1200 1400 1499 1464 loquebatur
1542 1402 1601 1449 ut
1644 1400 1844 1450 invidus

145 1477 196 1523 et
232 1475 534 1539 loquebatur
569 1476 743 1525 iratus,
796 1476 915 1525 talis
953 1477 1091 1525 locus
1132 1478 1209 1525 est
1236 1476 1331 1524 iste
1371 1476 1534 1538 qualis
1574 1477 1651 1524 est
1688 1468 1763 1543 (2,
1786 1470 1843 1542 4)

144 1549 417 1611 „Troianas
454 1552 513 1607 ut
547 1565 665 1614 opes
697 1553 748 1599 et
777 1550 1100 1619 lamentabile
1129 1566 1338 1615 regnum
1376 1550 1594 1598 eruerint
1624 1549 1790 1598 Danai
1800 1548 1845 1613 “3

143 1640 261 1672 nam
292 1626 343 1673 et
371 1625 476 1673 illic
506 1641 685 1673 nomen
716 1626 880 1689 gentis
913 1624 1214 1674 Graecorum
1245 1639 1335 1688 pro
1368 1623 1590 1673 convicio
1622 1626 1843 1687 positum

145 1699 234 1746 est.
311 1699 572 1764 contingat
619 1700 758 1764 regia
808 1701 1044 1748 coniunx:
1100 1699 1228 1747 mori
1277 1714 1367 1762 pro
1417 1698 1697 1761 republica,
1750 1714 1842 1762 pro

143 1772 331 1835 patria,
370 1790 460 1837 pro
499 1775 789 1836 penatibus,
828 1790 918 1837 pro
957 1790 1132 1836 uxore,
1179 1789 1268 1837 pro
1308 1772 1497 1835 liberis,
1536 1789 1627 1836 pro
1666 1789 1842 1836 paren-

143 1845 275 1895 tibus
315 1847 588 1911 gloriosum
626 1855 723 1910 est,
772 1849 868 1897 iste
907 1865 1023 1898 vero
1064 1850 1115 1896 et
1151 1863 1415 1912 personam
1454 1847 1754 1896 deformavit
1793 1848 1844 1896 et

144 1936 344 1970 causam
384 1922 605 1971 adseruit
639 1922 872 1971 idoneam
901 1940 1002 1972 non
1034 1938 1139 1972 esse
1172 1939 1297 1984 quae
1328 1922 1504 1970 merito
1536 1923 1705 1985 posset
1743 1923 1843 1969 exi-

143 2011 258 2059 gere
298 1996 540 2044 auxilium
570 1997 841 2059 publicum.
894 1999 953 2046 ut
989 1997 1097 2058 ille,
1135 1996 1322 2060 inquit,
1361 2011 1512 2059 quam
1545 2011 1646 2044 non
1676 1997 1844 2060 potest

142 2069 335 2133 regiam
367 2073 699 2134 consequatur
727 2087 952 2120 uxorem:
992 2071 1167 2120 ducere
1206 2086 1410 2118 uxorem
1448 2069 1662 2133 speciale
1692 2071 1840 2119 unius

143 2146 220 2192 est
257 2147 430 2192 votum
468 2146 519 2192 et
557 2146 869 2194 commodum
906 2145 1030 2194 facti
1076 2143 1140 2194 ad
1184 2161 1342 2193 unum
1387 2141 1691 2210 specialiter,
1741 2161 1841 2193 non

144 2218 209 2266 ad
246 2219 490 2281 populum
520 2220 757 2282 pertinet:
797 2236 908 2268 cum
943 2219 1102 2284 igitur
1131 2236 1231 2268 non
1262 2218 1487 2282 publica,
1525 2219 1611 2268 sed
1642 2218 1841 2282 privata

144 2293 212 2341 sit
242 2307 413 2354 causa,
446 2308 533 2341 cur
564 2293 766 2343 dimicet
797 2295 877 2343 cui
904 2294 1124 2357 periculo
1156 2295 1274 2343 sunt
1304 2293 1514 2343 adversa
1545 2296 1596 2342 et
1626 2293 1840 2342 secunda

143 2381 241 2414 non
281 2366 523 2429 prosunt?
566 2383 679 2430 nos,
715 2368 769 2416 id
808 2371 884 2418 est
920 2367 1110 2416 innoxii
1139 2370 1191 2417 et
1221 2371 1361 2417 extra
1398 2367 1656 2432 negotium
1687 2366 1840 2430 positi

142 2457 394 2504 regnoque
433 2442 635 2504 proprio
674 2442 951 2491 necessarii.
1007 2443 1201 2492 animae
1240 2443 1387 2504 viles,
1426 2458 1526 2490 non
1564 2457 1675 2490 vere
1715 2441 1838 2490 viles

264 2572 286 2610 1
325 2569 464 2613 rubor
501 2568 738 2612 Donatum
776 2568 946 2626 legisse
985 2570 1206 2626 opinatur
1244 2569 1458 2625 Hoppius
1489 2583 1535 2624 p.
1560 2573 1587 2611 4
1619 2583 1663 2611 n.
1691 2572 1745 2612 13
1779 2567 1836 2613 cf.

143 2640 188 2682 p.
225 2631 293 2671 13.
416 2632 441 2670 2
481 2629 748 2684 concipisset
786 2630 1025 2684 assumpto
1057 2643 1113 2673 ex
1145 2629 1359 2685 sequenti
1390 2627 1611 2671 lemmate
1641 2632 1683 2671 et
1705 2626 1747 2671 V
1779 2627 1836 2671 cf.

143 2686 290 2740 praef.
322 2702 367 2742 p.
392 2685 528 2730 XLV.
566 2687 570 2745 Ι
606 2688 831 2732 erubesces
851 2687 894 2732 V
918 2701 1031 2731 corr.
1058 2688 1129 2732 ed.
1231 2693 1256 2732 3
1283 2686 1459 2732 bomaV
1476 2686 1547 2730 ed.
1573 2687 1715 2731 bonae
1739 2701 1835 2730 nos.

145 2749 170 2788 6
202 2745 292 2799 fert
314 2745 369 2790 V.
474 2750 501 2790 8
533 2747 622 2790 otio
653 2752 694 2790 te
718 2746 760 2790 V
784 2746 855 2790 ed.
882 2761 969 2791 om.
995 2747 1066 2792 ed.
1091 2749 1211 2803 post.
1240 2748 1393 2803 potior
1423 2751 1466 2790 et
1495 2759 1593 2790 noe.
1697 2749 1722 2789 9
1755 2746 1837 2790 ad-

143 2817 268 2848 verso
290 2810 470 2861 pectore
502 2819 589 2849 om.
617 2805 688 2849 ed.
811 2811 864 2849 11
898 2807 1167 2851 exclamatio
1189 2806 1232 2850 V
1263 2821 1299 2850 e.
1332 2810 1397 2850 est
1427 2805 1498 2848 ed.
1614 2809 1668 2848 13
1700 2806 1836 2849 socie-

143 2867 280 2907 tatem
303 2863 345 2907 V
369 2864 440 2908 ed.
559 2869 612 2908 15
644 2865 792 2920 qui—
811 2869 866 2908 16
890 2866 1039 2910 iratus
1067 2868 1243 2910 temere
1274 2866 1386 2908 mut.
1414 2864 1485 2908 ed.
1602 2868 1656 2907 16
1690 2865 1837 2909 luctus

144 2920 186 2963 V
210 2922 282 2965 ed.
315 2923 439 2968 locus
470 2923 541 2967 ed.
573 2925 692 2979 post.
725 2937 808 2967 nos
841 2924 898 2968 cf.
934 2929 1003 2980 12,
1029 2929 1128 2969 593.
1251 2929 1307 2968 22
1340 2924 1544 2968 adseruit
1566 2922 1608 2966 V
1639 2923 1838 2968 deseruit

50 3002 53 3003 ν
146 2979 308 3026 addito
339 2983 607 3027 existimans
644 2985 752 3037 post
790 2997 880 3028 esse
910 2983 980 3027 ed.
1104 2989 1159 3027 27
1191 2984 1397 3040 periculo
1427 2981 1470 3026 V
1503 2982 1713 3039 pericula
1742 2996 1836 3027 non

146 3038 263 3084 edF.
384 3045 440 3084 28
472 3042 591 3086 idem
615 3041 658 3085 V
687 3042 740 3086 id
769 3047 835 3088 est
863 3056 947 3087 nos
978 3044 1084 3088 item
1116 3043 1188 3087 ed.
