2050 3226
203 144 313 198 490
677 142 911 188 DONATI
939 142 1219 187 INTERPR.
1244 143 1424 188 VERG.

203 297 394 331 scorwm
439 282 542 331 acie
587 283 839 331 comitante
881 282 1091 331 Camilla
1135 283 1342 331 occumrit
1381 285 1629 344 portisque
1675 285 1736 332 ab
1780 298 1895 344 equo

101 366 185 406 500
202 357 374 418 reyiua
409 358 500 405 sub
538 357 661 416 ipsis
692 357 908 405 desiluit:
946 355 1142 405 desilire
1181 357 1447 406 celeritatis
1485 358 1637 406 habet
1675 360 1724 406 et
1757 358 1896 407 forti-

202 430 391 479 tudinis
424 430 860 495 significationem,
893 430 1182 479 descendere
1205 447 1322 480 vero
1345 431 1614 480 tarditatis.
1665 431 1750 479 ubi
1773 433 1895 480 Tur-

202 521 323 552 num
354 504 483 554 vidit
514 504 774 568 degentem
805 506 920 552 ante
951 506 1144 566 portas,
1178 507 1236 553 ut
1271 505 1592 554 honorificam
1624 521 1728 554 sese
1758 522 1895 554 mon-

204 581 407 641 straret,
445 594 559 626 mox
590 594 718 640 equo
750 578 966 626 desiluit.
1006 593 1154 637 quam
1176 582 1275 627 tota
1305 580 1470 627 cohors
1498 581 1690 628 imitata
1718 580 1897 628 relictis
1950 595 1968 627 5
2045 597 2049 637 ι,

204 654 270 701 ad
299 657 477 702 terram
511 653 711 710 defluxit
741 653 898 711 equis:
937 652 1164 714 defluxit,
1194 653 1288 702 hoc
1319 655 1395 702 est
1425 669 1483 701 ex
1515 655 1618 703 alto
1651 653 1715 702 ad
1745 654 1898 716 plana

164 785 168 787 ¹
203 728 451 790 pervenit3
501 726 690 774 deferre
737 727 870 774 enim
915 726 1084 774 Turno
1130 726 1352 776 universi
1397 727 1668 777 debuerant
1711 727 1898 776 imitati

203 802 393 850 factum
430 801 629 864 reginae
662 816 793 848 suae.
844 804 946 848 tum
976 801 1099 849 talia
1127 803 1290 861 fatur:
1329 817 1454 864 quae
1485 803 1587 850 sint
1616 803 1697 851 vel
1728 802 1898 864 qualia

202 876 471 924 videamus.
529 875 715 931 Turne,
751 875 831 922 sui
861 875 1028 923 merito
1059 875 1104 922 si
1134 890 1232 934 qua
1263 879 1333 924 est
1359 876 1545 934 fiducia
1573 878 1709 936 forti,
1743 877 1897 924 audeo

204 953 246 998 et
275 948 564 997 Aeneadum
587 950 814 1009 promitto
845 963 1092 997 occurrere
1122 953 1334 998 turmae:
1372 965 1514 998 omen
1545 952 1710 1013 potest
1739 950 1898 999 videri
1929 965 1971 998 ιο
2047 950 2050 995 ἶ

205 1024 336 1086 quod
362 1022 574 1071 Camilla
596 1023 650 1070 in
680 1023 789 1086 ipso
821 1026 996 1085 portae
1019 1022 1190 1071 limine
1218 1023 1410 1086 excepit
1432 1027 1690 1073 exeuntem
1715 1024 1896 1073 ducens

204 1097 391 1146 auxilia
430 1097 675 1160 equitum,
715 1096 976 1146 accedente
1017 1099 1170 1156 etiam
1199 1113 1256 1146 eo
1289 1098 1422 1160 quod
1455 1098 1588 1147 ultro
1621 1099 1668 1146 ei
1696 1098 1896 1160 pollice-

202 1172 351 1220 batur
381 1187 583 1234 operam
614 1186 770 1219 suam.
827 1188 999 1221 verum
1030 1189 1091 1220 ne
1124 1171 1411 1236 adrogantis
1443 1175 1593 1234 esset,
1633 1172 1677 1221 si
1715 1172 1899 1220 diceret

204 1246 322 1308 quia
347 1246 491 1294 fortis
525 1260 649 1307 sum,
682 1246 840 1293 audeo
870 1246 1034 1308 prima
1058 1246 1388 1294 Troianorum
1419 1246 1607 1309 coeptis
1631 1261 1898 1308 occurrere,

202 1320 372 1383 posuit
409 1319 462 1367 in
499 1319 663 1368 medio
703 1319 1086 1381 dubitationem,
1133 1322 1193 1368 ut
1237 1337 1327 1370 nec
1374 1321 1531 1369 Turni
1576 1336 1711 1383 spem
1764 1321 1897 1368 fran-
1930 1335 1971 1368 15

203 1397 340 1458 geret
385 1409 474 1442 nec
523 1394 633 1456 ipsa
679 1393 871 1457 aliquid
917 1395 1223 1457 superlatum
1263 1395 1443 1444 dixisse
1482 1394 1749 1444 videretur.
1826 1395 1900 1442 ait

204 1485 320 1533 ergo
353 1468 539 1530 Turne,
579 1468 742 1531 coepit
772 1483 802 1516 a
832 1469 1053 1531 nomine3
1092 1469 1391 1530 loquebatur
1421 1468 1554 1517 enim
1582 1470 1756 1532 regina
1787 1484 1899 1517 cum

202 1558 339 1606 rege,
377 1542 431 1590 in
470 1557 568 1604 quo
601 1543 643 1590 si
681 1543 912 1591 fortunae
952 1543 1110 1605 partis
1149 1542 1330 1605 inspici
1367 1543 1585 1605 placeat,
1628 1559 1728 1591 non
1767 1558 1896 1591 erra-

202 1618 302 1679 vit,
349 1618 393 1665 si
432 1617 735 1678 animorum,
780 1618 912 1665 recte
959 1616 1111 1665 etiam
1149 1616 1220 1666 sic
1265 1633 1445 1665 nomen
1485 1616 1622 1665 dixit.
1700 1618 1898 1680 signum

203 1693 278 1739 est
317 1691 502 1754 quippe
548 1707 713 1739 merae
762 1690 1148 1753 benivolentiae,
1198 1706 1311 1739 cum
1361 1690 1635 1740 orationem
1673 1691 1897 1739 futuram
1929 1705 1972 1738 so

203 1781 380 1813 nomen
420 1765 688 1814 antevenit.
767 1766 811 1814 si
842 1781 941 1828 qua
982 1780 1086 1814 esse
1128 1766 1316 1828 poterit
1359 1765 1562 1825 fiducia,
1611 1764 1798 1827 inquit,
1844 1767 1898 1812 in

203 1839 437 1900 fortibus,
477 1839 635 1887 audeo
676 1841 723 1887 et
759 1839 977 1902 spondeo
1015 1856 1093 1886 me
1126 1838 1352 1887 Troianis
1391 1840 1462 1886 ire
1503 1838 1701 1887 obviam
1739 1854 1896 1901 posse.

204 1929 312 1961 ecce
343 1912 542 1976 signum
573 1914 788 1976 primum
820 1913 1072 1974 audaciae,
1102 1916 1160 1962 ut
1190 1930 1290 1962 non
1314 1913 1498 1961 diceret
1529 1915 1898 1976 expectaturam

205 2003 276 2048 se,
317 1987 434 2034 dum
464 1987 712 2049 venirent,
744 1987 830 2037 sed
862 2003 1178 2036 occursuram
1206 1987 1574 2035 inminentibus,
1630 1987 1896 2049 Tyrrhenis

204 2076 313 2109 ecce
353 2063 403 2109 et
449 2076 763 2110 occursuram
810 2077 915 2110 sese
963 2062 1223 2110 confirmat
1261 2064 1311 2110 et
1349 2062 1400 2109 id
1449 2061 1607 2110 solam
1653 2077 1756 2110 esse
1797 2061 1898 2109 fac·
1928 2073 1970 2106 25

203 2138 392 2196 turam3
463 2134 536 2182 ait
596 2136 727 2183 enim
786 2134 1012 2197 [solaque
1067 2136 1341 2197 Tyrrhenos
1403 2137 1579 2196 equites
1631 2136 1704 2183 ire
1756 2136 1898 2183 obvia

102 2214 186 2253 505
205 2207 401 2270 eontra]
433 2246 1036 2258 .................
1082 2225 1157 2258 me
1203 2211 1308 2258 sine
1338 2210 1508 2269 prima
1552 2224 1706 2257 mauu
1752 2212 1897 2269 temp-

326 2371 348 2408 1
397 2366 574 2422 eya-eyia
619 2365 674 2409 de
718 2371 845 2421 yeute
886 2380 971 2420 pro
1014 2367 1111 2410 acie
1151 2367 1392 2410 comitante
1434 2379 1491 2410 ex
1530 2379 1571 2409 v.
1604 2368 1689 2408 432
1734 2365 1896 2407 contra

204 2426 403 2468 metrum
438 2423 493 2467 V.
623 2428 650 2466 4
693 2424 919 2480 deyeutem
954 2424 995 2468 V
1037 2430 1228 2469 stantem
1271 2425 1341 2468 ed.
1475 2428 1501 2467 8
1544 2437 1654 2468 suae
1697 2429 1784 2467 om.
1822 2423 1892 2466 ed.

207 2488 260 2527 10
293 2497 420 2528 omne
441 2482 485 2527 V
515 2497 643 2527 omen
674 2496 787 2526 corr.
814 2483 871 2525 ed
882 2483 930 2526 F.
1039 2489 1092 2527 16
1125 2485 1406 2540 superaltum
1428 2483 1471 2527 V
1502 2483 1781 2539 superlatum
1811 2495 1894 2525 nos

203 2557 338 2598 super
368 2543 512 2586 alium
544 2542 613 2586 ed.
663 2541 667 2599 Ι
718 2542 902 2586 duxisse
925 2541 967 2585 V
991 2542 1062 2585 ed.
1111 2543 1115 2601 Ι
1165 2543 1335 2587 videret
1365 2542 1436 2586 ed.
1560 2545 1614 2585 18
1638 2541 1791 2597 placet
1822 2541 1892 2583 ed.

206 2607 258 2644 21
292 2603 442 2657 potuit
463 2601 506 2644 V
530 2606 679 2657 potest
709 2601 780 2644 ed.
807 2602 975 2656 poterit
1006 2615 1101 2644 nos.
1197 2607 1252 2645 22
1284 2602 1397 2646 adeo
1429 2607 1471 2646 et
1492 2600 1534 2644 V
1565 2602 1708 2644 audeo
1739 2605 1781 2643 et
1811 2613 1894 2643 nos

206 2675 293 2704 om.
320 2661 391 2703 ed.
485 2665 539 2703 23
571 2665 876 2716 spectaturam
899 2659 941 2702 V
967 2674 1079 2704 corr.
1106 2660 1177 2704 ed.
1271 2665 1327 2704 24
1357 2661 1603 2717 Tyrrhenis
1624 2658 1667 2702 V
1691 2658 1784 2702 ed.:
1818 2672 1894 2702 ex-

204 2721 362 2775 pectes
400 2721 633 2774 Troianis,
674 2719 712 2762 si
753 2733 857 2763 cum
897 2718 967 2762 ed.
1009 2719 1069 2762 ad
1109 2720 1435 2764 antecedentia
1469 2717 1770 2771 revocaveris;
1812 2717 1894 2761 sed

206 2778 426 2834 quoniam
456 2780 564 2834 post
595 2780 663 2822 ait
693 2779 812 2822 euim
842 2777 1012 2821 lemma
1048 2782 1134 2821 504
1174 2778 1484 2834 supplendum
1516 2789 1614 2821 esse
1645 2778 1797 2831 patet,
1832 2776 1893 2818 ad

206 2838 449 2893 sequentia
479 2838 636 2893 potius
659 2837 804 2891 traxi,
830 2851 934 2880 cum
959 2836 1176 2881 lemmate
1201 2840 1356 2882 autem
1381 2851 1476 2881 ecce
1499 2837 1691 2880 alterum
1712 2836 1893 2892 siyuum

206 2897 432 2940 excidisse
462 2898 599 2952 puto,
633 2897 758 2952 quod
789 2895 975 2951 punctis
1008 2896 1202 2951 signavi.
1296 2901 1349 2940 27
1383 2910 1493 2939 num
1524 2895 1601 2938 hic
1634 2907 1817 2949 quoque
1839 2895 1893 2937 ut

205 2955 289 2998 VII
322 2955 428 3011 epil.
454 2957 610 3011 prima
642 2970 783 3000 mauu
815 2955 1067 3011 coniungat
1098 2955 1289 3010 interpr.
1322 2956 1371 2998 in
1404 2953 1544 2997 dubio
1577 2953 1813 3008 relinquit.
