2050 3226
804 150 1109 196 AENEIDOS
1139 150 1181 195 X
1731 153 1840 208 343

153 291 501 353 Thymberque,
562 290 815 340 simillima
867 291 1033 352 proles
1092 291 1358 340 indiscreta
1417 293 1522 340 suis
1579 295 1841 354 yratasque

142 366 433 426 parentibus
464 378 622 413 error:
660 364 784 414 duos
824 381 1022 428 quoque
1052 365 1233 414 fratres
1265 365 1386 414 dicit
1415 381 1567 413 manu
1597 366 1840 415 Pallantis

151 439 383 488 cecidisse
434 439 605 487 Dauco
655 441 798 502 patre
847 455 946 488 uno
997 438 1155 488 editos
1203 441 1378 502 partu,
1427 440 1500 488 ita
1546 439 1746 501 simih's,
1784 444 1842 489 ut

66 547 69 566 ,¹
150 516 373 576 ipsorum
421 513 575 561 etiam
623 515 889 576 parentum
934 513 1261 562 intentionem
1313 516 1458 578 grato
1509 529 1673 562 errore
1727 529 1839 562 con-

64 595 119 634 5
149 587 433 649 funderent,
482 587 588 636 fato
640 588 761 650 quin
807 588 960 636 etiam
998 588 1132 651 pari3
1177 587 1381 636 illorum
1420 589 1604 651 quippe
1643 589 1703 635 ut
1739 604 1840 635 uno

58 658 64 713 f
150 661 419 725 eodemque
456 663 708 710 momento
746 663 979 724 provenit
1016 663 1236 723 exortus,
1281 662 1357 711 ita
1399 664 1666 725 utrumque
1712 678 1841 710 unus

55 727 60 797 ,¹
130 737 310 802 ¹exitus
350 736 401 782 et
438 735 639 784 vivendi
676 735 788 784 finis
829 735 1122 799 absumpsit.
1203 737 1337 784 hunc
1382 737 1644 799 utriusque
1690 737 1839 785 inter·

52 805 56 850 ³
146 809 276 857 itum
314 811 519 872 propter
548 809 750 858 laudem
779 810 984 859 victoris
1017 811 1222 873 speciali
1253 809 1582 874 descriptione
1622 809 1842 874 signavit

146 885 240 932 hoc
288 883 459 933 modo:
509 887 562 932 at
608 899 741 932 nanc
789 884 919 933 dara
967 884 1099 932 dedit
1144 885 1279 933 vobis
1329 885 1616 933 discrimina
1653 884 1840 932 Pallas,

78 973 118 1004 ιο
147 957 382 1006 nascendi
421 957 623 1021 quidem
660 975 831 1020 unum,
867 959 1049 1021 inquit,
1086 959 1225 1008 vobis
1257 958 1424 1007 extitit
1452 961 1665 1022 tempus,
1696 974 1841 1021 pares

147 1031 351 1081 venistis
389 1031 444 1079 in
482 1033 662 1096 lucem,
702 1033 889 1082 similes
927 1048 1153 1096 corpore,
1199 1032 1400 1082 vivendi
1439 1048 1636 1096 quoque
1676 1033 1840 1081 condi-

147 1109 286 1155 cione
325 1107 601 1168 coniuncti,
639 1107 726 1155 sed
764 1123 919 1171 genus
957 1107 1047 1156 leti
1085 1107 1333 1156 diversum
1372 1106 1512 1156 vobis
1551 1107 1720 1156 Pallas
1765 1107 1840 1154 in·

146 1181 276 1230 flixit
314 1183 364 1229 et
402 1180 715 1245 separatione
754 1180 1114 1244 suppliciorum
1154 1181 1280 1229 dura
1311 1181 1430 1229 fecit
1459 1181 1511 1228 in
1542 1181 1653 1244 ipsa
1683 1183 1840 1230 morte

148 1255 417 1304 dissimilis,
481 1255 604 1304 dicit
640 1255 742 1304 iam
781 1255 1028 1318 quomodo
1069 1255 1317 1304 diversum
1355 1256 1408 1302 in
1449 1254 1687 1303 ambobus
1726 1271 1840 1318 sup·

76 1342 117 1374 15
147 1329 355 1392 plicium
385 1328 504 1377 fuit:
535 1327 684 1391 [nam
714 1329 822 1386 tibi,
857 1329 1109 1390 Thymbre,
1142 1332 1289 1390 eaput
1316 1329 1613 1378 Euandrius
1645 1329 1842 1378 abstulit

148 1402 330 1466 ensi3,]
380 1407 423 1452 te
475 1403 639 1452 decisa
691 1417 857 1460 sawm,
909 1403 1122 1460 Laride,
1174 1404 1372 1451 dextera
1421 1404 1622 1464 qaaerit.
1715 1404 1842 1452 alter
1858 1411 1942 1451 395

147 1479 319 1540 caput,
359 1478 487 1527 alter
517 1477 769 1526 dexteram
799 1476 1037 1540 perdidit,
1074 1477 1160 1526 sed
1191 1477 1386 1527 abscisa
1417 1478 1618 1526 dextera
1649 1493 1841 1541 corpuS,

146 1551 276 1601 unde
326 1552 503 1601 avulsa
552 1551 739 1612 fuerat,
790 1568 1025 1614 quaerere
1075 1551 1349 1600 videbatur.
1440 1552 1840 1612 semianimesque

146 1627 329 1675 micant
365 1626 504 1687 diyiti
539 1627 820 1686 ferrwmqae
863 1629 1151 1675 retractant:
1195 1626 1460 1675 morientes
1507 1626 1646 1674 illius
1692 1625 1840 1690 digiti

75 1714 117 1746 20
146 1700 475 1749 movebantur
511 1702 795 1749 recusantes
833 1701 1042 1762 sermm,
1082 1700 1218 1763 quod
1256 1702 1422 1748 tenere
1461 1716 1560 1748 non
1592 1703 1827 1763 poterant

146 1777 362 1824 tractare
408 1777 484 1824 est
528 1775 714 1823 ferrum
759 1777 926 1823 tenere
974 1778 1024 1823 et
1068 1790 1315 1839 pugnare,
1352 1777 1622 1823 retractare
1673 1777 1841 1823 autem

146 1851 327 1898 reicere
385 1852 436 1897 et
491 1863 733 1898 recusare.
826 1850 948 1897 haec
1004 1848 1102 1897 fuit
1159 1848 1393 1912 supplicii
1449 1848 1735 1910 diversitas,
1785 1852 1842 1896 ut

147 1939 275 1972 unus
314 1939 526 1986 poenam
563 1922 756 1971 dederit
794 1923 979 1986 capite,
1019 1924 1146 1971 alter
1183 1922 1377 1972 abscisa
1416 1922 1593 1971 obierit
1625 1924 1839 1972 dextera.

147 1996 377 2046 Arcadas
426 2011 650 2046 accensos
701 1999 886 2046 monita
936 2001 979 2045 et
1025 1998 1291 2057 praeclara
1339 1998 1515 2045 tuentis
1562 1998 1698 2058 facta
1745 1998 1843 2045 viri

39 2085 117 2118 ¹25
146 2073 327 2120 mixtus
376 2071 511 2120 dolor
561 2075 604 2119 et
644 2071 810 2132 pudor
866 2075 1029 2120 armat
1083 2072 1138 2119 in
1193 2072 1365 2120 hostis:
1439 2071 1679 2133 Arcades,
1742 2072 1840 2134 qui,

146 2149 221 2195 ut·
258 2161 409 2208 supra
460 2144 708 2207 meminit,
761 2146 978 2208 pedestri
1031 2162 1203 2209 pugna
1256 2148 1442 2195 certare
1484 2162 1582 2194 non
1625 2149 1842 2207 nossent,

147 2220 393 2269 Pallantis
432 2235 551 2268 voce
591 2236 648 2268 ac
686 2219 856 2281 factis,
895 2219 1064 2268 dolore
1104 2219 1253 2268 simul
1293 2222 1342 2269 et
1373 2222 1603 2283 respectu
1633 2220 1840 2284 pudoris

149 2293 341 2343 accensi
378 2297 516 2355 sunt,
555 2296 614 2342 ut
649 2294 866 2355 hostem,
913 2310 1061 2357 quem
1106 2293 1296 2342 dudum
1341 2295 1632 2356 timuerant,
1677 2309 1841 2356 perse-

150 2370 430 2431 querentur.
486 2383 594 2417 ecce
634 2369 879 2431 quantum
916 2368 1182 2431 proficiunt
1214 2369 1532 2418 hortamenta
1563 2368 1841 2428 verborum,

26 2467 28 2470 >
77 2455 119 2487 30
149 2458 263 2491 cum
300 2442 433 2491 viros
472 2442 717 2491 timiditas
757 2442 966 2506 frangit,
1000 2445 1244 2505 quantum
1275 2442 1422 2507 erigit
1452 2442 1617 2507 segnis
1651 2442 1840 2490 alienae

148 2517 351 2566 virtutis
402 2517 700 2579 exemplum!
757 2515 1002 2565 audiendo
1057 2515 1231 2565 ducem
1285 2520 1335 2565 et
1388 2517 1714 2565 adolescentis
1768 2517 1840 2563 in-

270 2679 293 2717 1
326 2674 528 2731 thymber
558 2687 673 2730 quae
703 2673 757 2716 R.
849 2678 877 2717 4
908 2687 1059 2719 errare
1081 2674 1166 2718 VR
1194 2687 1306 2718 corr.
1334 2689 1367 2717 r.
1463 2677 1486 2716 7
1520 2673 1771 2728 absumpsit
1800 2672 1842 2715 R

21 2745 26 2774 1
149 2733 308 2777 absum
338 2734 398 2777 sit
420 2732 476 2777 V.
524 2733 529 2791 Ι
578 2734 699 2777 hunc
722 2732 806 2776 VR
836 2747 960 2777 nunc
990 2733 1060 2777 ed.
1163 2737 1217 2777 10
1243 2734 1378 2789 paris
1401 2732 1496 2775 VR.
1592 2736 1644 2774 11
1677 2731 1842 2776 similis

149 2791 245 2835 VR.
351 2796 404 2835 12
438 2793 547 2837 laeti
568 2791 667 2836 VR.
772 2795 825 2834 15
857 2806 1034 2836 nam—
1056 2797 1109 2838 16
1136 2794 1254 2837 ensis
1286 2792 1416 2835 deest
1447 2791 1495 2834 in
1520 2789 1617 2844 VR
1652 2790 1733 2834 sed
1765 2803 1841 2834 ex-

23 2815 25 2822 <
20 2683 28 2744 -νυ-

149 2850 367 2906 plicatur.
489 2856 545 2895 26
570 2864 734 2908 puyna
756 2850 842 2894 VR
870 2865 1040 2909 mayna
1071 2852 1142 2895 ed.
1174 2866 1317 2895 manu
1349 2850 1416 2894 ed.
1452 2851 1572 2905 post.
1686 2854 1740 2892 27
1773 2863 1839 2894 re-

149 2915 302 2964 spectu
325 2909 410 2953 VR
440 2911 618 2955 ratione
650 2910 720 2954 ed.
844 2914 900 2953 28
938 2912 1186 2955 timuerunt
1224 2910 1294 2953 ed.
1418 2913 1474 2952 30
1504 2910 1624 2953 viros
1651 2908 1736 2952 VR
1767 2909 1838 2953 ed

151 2970 268 3013 vires
299 2968 369 3013 ed.
395 2971 514 3025 post
630 2974 682 3012 31
718 2969 781 3013 ad
810 2969 1074 3014 huliscentz's
1096 2970 1138 3013 R
1168 2971 1196 3013 h
1229 2969 1318 3012 del.
1343 2983 1376 3012 r.
1404 2969 1702 3012 aduliscentes
1725 2967 1779 3011 V.
