2050 3226
230 161 336 215 368
704 159 936 204 DONATI
965 160 1246 205 INTERPR.
1270 160 1448 205 VERG.

230 300 467 364 quoniam
511 299 767 349 iniuriosis
813 299 1017 349 vocibus
1071 300 1236 348 fuerat
1283 302 1595 363 provocatus,
1670 302 1915 350 tractatus

226 373 333 435 ipse
372 389 523 437 quam
562 373 714 422 etiam
749 373 802 421 in
832 374 926 422 hac
955 375 1098 437 parte
1128 374 1448 437 praecipuus,
1485 377 1544 423 ut
1581 375 1723 422 illum
1754 376 1916 438 primo

227 450 417 510 peteret
449 464 595 511 quem
617 447 820 497 videbat
851 449 1119 496 armatum!
1165 447 1323 511 ipsius
1362 447 1494 496 enim
1522 450 1732 498 mortem
1765 450 1916 497 inter—

226 521 326 570 itus
365 522 511 570 facile
553 521 853 585 sequebatur
898 520 1104 570 alterius
1144 523 1232 584 qui
1268 537 1368 570 non
1406 538 1545 570 arma
1584 522 1761 586 quibus
1799 523 1916 570 fide-

226 597 323 657 ret,
377 595 462 644 sed
507 595 724 644 habenas
770 594 972 643 tenebat
1021 611 1276 658 equorum.
1351 595 1572 658 Dacaye,
1622 597 1764 645 nulla
1811 600 1917 645 tuos
1968 611 1991 662 ἐξ

227 683 401 717 carras
437 670 560 730 faya
601 669 762 730 scynis
808 683 1037 730 equorwm
1068 670 1288 730 prodidit
1325 673 1412 718 aat
1446 685 1606 719 variae
1642 674 1822 719 vertere
1860 684 1917 719 ex
1978 669 1981 673 ⁴
2014 681 2018 684 ·

148 753 153 756 “
225 743 440 791 hostibus
477 744 703 792 umbrae:
740 742 1040 805 loquebatur
1078 743 1219 806 quasi
1258 759 1371 792 cum
1409 760 1465 792 eo
1506 745 1592 807 qui
1620 746 1789 808 posset
1827 743 1918 792 ali-

228 816 349 879 quid
389 816 558 865 audire
595 818 676 866 vel
706 818 887 865 sentire
919 819 1034 880 post
1069 820 1301 879 mortem,
1341 819 1474 880 quod
1510 819 1675 882 ipsum
1705 835 1806 866 non
1842 818 1916 866 in-

225 890 516 954 prudenter,
556 891 641 940 sed
677 890 967 941 insultantis
1001 891 1165 940 animo
1197 891 1427 942 faciebat.
1480 891 1703 957 Lucage,
1733 893 1916 956 inquit,

226 964 352 1012 nihil
376 967 450 1013 est
475 964 607 1027 quod
632 981 785 1029 equos
809 981 1037 1028 peccasse
1069 967 1306 1015 causeris:
1337 965 1415 1013 illi
1444 982 1542 1014 non
1576 969 1719 1015 erant
1742 981 1916 1030 segnes
1949 981 2008 1034 κζμ

225 1054 314 1086 nec
353 1054 434 1087 eos
475 1038 646 1102 aliqua
683 1039 864 1088 fefellit
899 1039 1219 1104 imaginatio,
1257 1041 1350 1088 hoc
1389 1041 1465 1088 est
1502 1040 1662 1089 dicere
1701 1041 1828 1088 nihil
1866 1043 1917 1089 te
1981 1042 1999 1046 ”

224 1112 446 1175 prodidit
491 1113 589 1161 nisi
633 1114 817 1162 inertia
853 1115 957 1163 tua.
1033 1115 1136 1175 ipse
1173 1115 1292 1163 rotis
1307 1149 1311 1154 -
1329 1114 1512 1163 saliens
1556 1115 1675 1176 iaya
1713 1115 1917 1163 deseris:

225 1186 386 1236 verbis
427 1187 527 1236 suis
559 1188 723 1236 iocum
753 1187 915 1237 voluit
943 1189 1148 1252 iungere
1181 1189 1347 1238 dicens
1380 1204 1492 1236 eum
1529 1204 1628 1236 non
1660 1204 1917 1238 excussum

226 1277 395 1323 curru,
434 1262 521 1310 sed
553 1261 697 1324 quasi
734 1263 994 1311 voluntate
1026 1262 1278 1312 excidisse.
1326 1277 1588 1311 excussum
1618 1262 1918 1328 ubicumque

225 1336 366 1398 ponit
387 1335 627 1384 maiorem
649 1335 752 1385 vim
773 1335 1096 1386 intervenisse
1121 1336 1384 1401 significat,
1399 1338 1459 1384 ut
1475 1339 1551 1386 est
1564 1337 1691 1385 illud
1705 1331 1916 1404 (l,115)
1950 1348 1991 1382 15

226 1409 502 1470 „excutitur
533 1425 818 1472 pronusque
849 1410 1088 1474 magister
1117 1410 1337 1460 volvitur
1360 1413 1410 1459 in
1435 1410 1638 1474 caput“;
1677 1410 1916 1460 describe-

225 1483 375 1532 batur
398 1485 532 1532 enim
553 1500 736 1548 magna
758 1484 998 1532 fluctuum
1020 1486 1097 1533 vis
1121 1487 1172 1533 et
1193 1487 1361 1534 tumor
1383 1485 1711 1534 intolerabilis
1736 1485 1917 1548 pelagi.

123 1568 207 1608 595
224 1558 341 1605 haec
370 1558 441 1606 ita
469 1558 606 1618 fatus
638 1559 851 1618 arripuit
881 1559 1090 1619 biiuyos:
1129 1558 1276 1607 aliter
1304 1559 1563 1620 inermem,
1595 1559 1741 1608 aliter
1771 1558 1919 1621 petiit

227 1633 487 1680 armatum.
548 1632 637 1680 ubi
668 1631 799 1680 enim
828 1631 1056 1696 Lucagus
1096 1632 1194 1680 fuit
1233 1633 1422 1681 eminus
1461 1633 1608 1682 hasta
1638 1635 1919 1697 pugnatum

227 1707 321 1766 est,
362 1722 472 1754 cum
512 1707 680 1754 autem
717 1705 867 1770 Liger
904 1706 1122 1755 nudatus
1162 1710 1290 1756 esset
1327 1706 1497 1755 fratris
1537 1706 1743 1768 auxilio,
1781 1706 1916 1770 ipsos
1949 1720 2013 1766 εο4

227 1795 377 1841 equos
417 1780 611 1828 Aeneas
651 1781 816 1829 tenuit
854 1780 1033 1843 quibus
1074 1780 1308 1844 fugiendo
1355 1781 1440 1828 ille
1479 1783 1647 1843 posset
1696 1781 1916 1830 evadere.
2007 1782 2011 1786 ⁴

225 1855 380 1913 frater
409 1854 631 1902 tendebat
666 1854 836 1902 inertis
865 1854 1038 1914 infelix
1062 1855 1262 1914 palmas
1293 1869 1442 1903 carra
1472 1855 1702 1915 delapsas
1734 1855 1917 1903 eodem:

227 1927 380 1976 fratre
419 1929 579 1976 occiso
619 1930 669 1976 et
700 1943 811 1976 cum
840 1928 964 1991 ipsis
996 1929 1146 1977 armis
1180 1931 1411 1991 superato
1451 1944 1508 1977 ac
1538 1930 1742 1978 retentis
1775 1929 1916 1991 equis

228 2016 439 2062 quorum
470 2001 654 2050 auxilio
687 2004 736 2050 et
766 2002 889 2066 fuga
919 2001 1067 2066 Liger
1096 2004 1329 2065 potuerat
1359 2003 1560 2051 liberari
1591 2003 1712 2065 quid
1747 2018 1916 2065 super-

227 2077 336 2122 erat
365 2074 461 2123 nisi
490 2077 548 2123 ut
576 2075 682 2137 ipse
715 2091 913 2139 quoque
945 2092 1130 2138 poenas
1161 2093 1251 2139 pro
1287 2077 1522 2126 conviciis
1555 2075 1729 2125 daret?
1783 2076 1916 2139 quod
1948 2088 1987 2121 85

226 2149 393 2211 ipsum
431 2164 542 2196 cum
576 2149 802 2211 vidisset,
840 2150 1012 2198 relicto
1053 2166 1202 2199 curru
1232 2150 1404 2199 infelix
1435 2166 1540 2200 sese
1572 2151 1815 2200 convertit
1853 2149 1916 2197 ad

226 2237 395 2285 preces
426 2222 630 2271 tendens
663 2223 908 2286 supplices
931 2240 1108 2273 manus
1141 2241 1197 2273 eo
1230 2225 1449 2287 facilius,
1490 2225 1610 2288 quia
1638 2224 1753 2272 illas
1777 2223 1916 2271 nulla

230 2299 592 2359 occupaverant
631 2313 789 2345 arma:
837 2299 1071 2360 quocirca
1116 2298 1294 2347 inermi
1331 2299 1469 2361 parci
1507 2299 1772 2361 potuisset,
1818 2297 1917 2345 nisi

227 2370 475 2419 infelicem
513 2370 713 2434 linguae
744 2373 1043 2433 protervitas
1079 2371 1365 2436 decepisset.
1420 2386 1512 2435 per
1549 2375 1612 2428 te,
1645 2386 1738 2432 per
1761 2372 1843 2432 qui
1873 2375 1915 2419 te

228 2445 371 2492 talem
405 2458 611 2506 yenaere
642 2448 892 2504 parentes,
931 2447 1009 2493 vir
1048 2447 1279 2503 Troiane,
1319 2447 1424 2495 sine
1460 2447 1586 2494 hanc
1625 2446 1842 2494 animam
1874 2448 1916 2492 et
1946 2457 2002 2507 30·

227 2520 452 2566 miserere
480 2519 754 2579 precantis:
793 2520 1016 2568 convicia
1054 2520 1320 2569 necessitas
1358 2521 1411 2567 in
1444 2520 1731 2581 obsequium
1763 2519 1915 2567 vertit
2005 2527 2011 2529 “

230 2595 279 2640 et
302 2593 495 2641 laudari
520 2591 682 2655 coepit
713 2592 853 2640 cuius
888 2595 1002 2642 ante
1025 2594 1285 2656 paululum
1316 2593 1620 2656 vituperatio
1646 2592 1912 2641 dicebatur.

350 2738 371 2775 1
418 2747 622 2788 quam—
638 2738 746 2778 esset
789 2733 859 2777 ed.
914 2734 918 2789 Ι
975 2735 1228 2779 iiiiariosus
1261 2734 1316 2778 V.
1438 2738 1463 2777 2
1501 2734 1598 2789 ipse
1627 2732 1670 2776 V
1707 2733 1803 2776 eius
1841 2732 1911 2776 ed.

231 2796 256 2835 5
289 2805 477 2847 quorum
507 2806 591 2848 pro
624 2806 836 2849 equorum
859 2791 913 2836 V.
1013 2798 1064 2836 11
1098 2794 1256 2850 aliqua
1277 2793 1443 2848 fefellit
1463 2793 1621 2848 aliqua
1643 2791 1686 2835 V
1717 2791 1912 2834 alterum

230 2851 388 2906 aliqua
421 2851 570 2896 delevi
601 2865 706 2895 cum
738 2851 808 2894 ed.
903 2855 957 2894 13
989 2853 1188 2897 iiiiocum
1210 2852 1264 2895 V.
1358 2856 1413 2895 14
1444 2865 1573 2896 muro
1595 2850 1638 2894 V
1669 2864 1807 2895 cwrra
1830 2864 1913 2893 nos

231 2910 336 2966 iayo
368 2910 438 2954 ed.
562 2915 615 2953 17
648 2916 802 2955 tamur
824 2909 866 2952 V
898 2915 1048 2955 aestus
1079 2911 1150 2955 ed.
1274 2915 1327 2954 31
1360 2911 1412 2954 in
1443 2923 1529 2954 om.
1555 2909 1609 2953 V.
1726 2914 1781 2952 32
1814 2909 1912 2953 lau-

231 2969 403 3012 dari—
417 2970 662 3025 paululum
692 2971 865 3013 temere
897 2971 1010 3012 mut.
1037 2970 1107 3013 ed.
