2050 3226
781 163 1086 210 AENEIDOS
1116 163 1182 209 XI
1716 170 1826 225 483

136 304 486 355 tractabantur
522 305 615 353 hoc
647 306 724 353 est
750 305 961 366 incerta,
999 305 1239 368 quoniam
1276 308 1509 355 eventum
1538 307 1591 354 in
1623 308 1830 371 ancipiti

136 379 343 440 habent,
389 394 502 427 cum
547 378 747 427 deberet
792 379 1016 428 celeriter
1061 378 1220 428 statui
1266 378 1388 441 quid
1433 380 1660 429 omnibus
1699 385 1829 430 recte

138 453 453 515 conduceret,
505 452 585 500 illi
635 452 903 502 trahebant
954 469 1053 502 non
1106 453 1404 502 tractatibus
1455 453 1691 517 publiciS,
1746 457 1830 504 sed

137 526 348 590 privatis
385 527 565 591 iurgiis
595 528 814 589 tempus,
853 526 944 575 alii
974 527 1203 589 dicendo,
1242 527 1486 576 audiendo
1518 529 1630 590 alii3
1668 532 1831 579 castra

87 613 107 648 5
137 601 332 651 Aeneas
380 601 634 662 movebat,
686 617 787 650 non
836 601 1050 664 parietes
1105 604 1402 664 castrorum,
1455 602 1543 651 sed
1591 604 1831 652 exercitus

139 676 331 739 copias,
361 691 463 724 non
492 675 595 724 iam
626 675 815 738 passim
846 677 935 724 aut
965 676 1189 736 confuse,
1221 675 1308 724 sed
1331 678 1522 726 structa
1552 676 1657 726 acie
1682 680 1831 740 atque

139 749 393 799 ordinibus
417 749 493 798 ita
515 764 573 798 ac
597 749 640 798 si
662 749 819 798 hostis
845 750 1040 799 adesset
1062 766 1121 798 ex
1142 765 1279 798 more
1302 751 1599 813 conpositas.
1630 753 1833 800 nwntius

136 825 321 886 ingenti
350 838 445 884 per
487 824 624 885 reyia
661 827 781 872 tecta
826 824 1034 872 tumultu
1077 838 1177 872 ecce
1212 825 1337 874 ruit:
1384 824 1580 875 subitus
1624 827 1832 874 nuntius

138 914 228 962 per
247 898 388 962 regia
409 899 543 946 tecta
571 897 675 946 ruit
706 914 819 946 cum
848 897 1040 962 ingenti
1068 899 1306 947 tumultu.
1354 900 1639 960 maynisque
1666 901 1835 949 urbem

67 988 110 1020 ιο
139 973 403 1021 terroribus
424 973 598 1032 inplet:
618 971 876 1021 moraliter
896 972 1130 1020 nuntium
1153 971 1415 1035 descripsit
1443 974 1603 1036 primo
1635 973 1836 1023 domum

138 1046 292 1111 regiS,
323 1046 501 1095 dehinc
537 1046 732 1111 magnis
762 1046 1034 1096 terroribus
1071 1046 1285 1110 inplesse
1317 1046 1587 1096 civitatem.
1648 1047 1837 1111 duplici

140 1124 309 1170 autem
356 1121 551 1170 ratione
601 1120 664 1169 ad
715 1119 918 1168 domum
963 1119 1134 1169 Latini
1181 1122 1344 1183 primo
1393 1124 1708 1184 pervenerat,
1757 1122 1837 1171 vel

142 1195 262 1259 quia
297 1211 384 1243 rex
423 1197 538 1244 ante
577 1195 736 1243 omnis
775 1210 926 1257 super
969 1194 1115 1243 rebus
1161 1194 1346 1244 instrui
1392 1195 1563 1243 debuit
1599 1196 1680 1245 vel
1718 1197 1837 1258 quia

139 1269 246 1318 illic
268 1270 467 1317 fuerant
496 1268 647 1331 primi
678 1283 847 1317 omnes
880 1269 1080 1317 concilii
1109 1268 1381 1333 peragendi
1416 1285 1569 1319 causa
1593 1271 1837 1334 congesti:

69 1357 110 1390 15
142 1359 241 1406 quo
291 1343 425 1392 facto
470 1345 582 1391 tota
619 1342 737 1391 urbs
774 1343 962 1390 maiore
1010 1342 1370 1405 desperationis
1408 1344 1611 1392 horrore
1649 1343 1838 1393 deiecta

142 1419 231 1466 est.
292 1417 605 1467 subnectitur
635 1416 757 1479 quid
794 1418 999 1465 nuntius
1037 1417 1121 1464 isse
1160 1417 1387 1466 vexisset.
1440 1419 1699 1466 instructos
1736 1419 1839 1467 acie

143 1492 371 1540 Tiberino
402 1506 435 1540 a
464 1491 667 1550 flumine
698 1491 909 1539 Teucros
941 1491 1335 1552 Tyrrhenamque
1369 1507 1575 1540 manum
1612 1493 1720 1540 totis
1761 1493 1839 1541 de·
1855 1504 1942 1544 450

141 1565 367 1614 scendere
404 1566 615 1626 campis:
650 1580 811 1627 usque
850 1564 973 1613 adeo
1012 1580 1158 1614 verus
1195 1566 1280 1613 ille
1318 1567 1525 1614 nuntius
1555 1566 1744 1627 fuerat,
1781 1569 1841 1614 ut

143 1655 298 1702 quam
333 1640 388 1688 in
417 1639 614 1688 infinito
644 1639 792 1687 modo
825 1641 954 1688 esset
981 1639 1178 1689 hostilis
1217 1641 1458 1688 exercitus
1498 1642 1548 1688 et
1578 1655 1729 1702 quam
1764 1641 1838 1688 in-

43 1728 113 1761 !20
143 1715 364 1763 structus
404 1715 454 1762 et
492 1730 551 1762 ex
589 1713 773 1776 quibus
812 1714 1015 1777 populis
1063 1713 1317 1763 videretur
1365 1729 1470 1762 esse
1516 1714 1754 1763 collectus
1792 1716 1842 1762 et

145 1804 244 1850 qua
281 1788 362 1838 vel
400 1803 552 1851 quam
588 1788 695 1837 lata
731 1790 979 1836 terrarum
1017 1787 1331 1837 descenderet
1368 1791 1512 1850 parte
1548 1789 1756 1837 referret
1792 1790 1843 1836 et

144 1863 342 1911 diceret.
412 1862 664 1911 crescebat
701 1864 870 1910 autem
906 1864 1089 1923 metuS‚
1131 1862 1264 1924 quod
1300 1862 1403 1910 iam
1441 1863 1602 1911 omnis
1641 1877 1840 1925 campos

145 1936 389 1999 coepisset
425 1936 626 1999 opplere
665 1938 716 1985 et
754 1936 967 2000 agminis
998 1937 1119 1985 fines
1158 1951 1257 1984 non
1287 1939 1533 1998 parerent.
1594 1937 1708 2000 quis
1742 1951 1841 1984 non

146 2010 369 2059 crederet
406 2009 471 2058 ad
500 2010 687 2058 bellum
719 2011 884 2059 venire
916 2013 1174 2074 congestos
1206 2011 1294 2072 qui
1324 2010 1503 2059 faciem
1532 2027 1730 2074 pugnae
1768 2011 1842 2058 in-

72 2097 116 2131 85
145 2084 287 2133 finito
325 2083 602 2133 iuventutis
632 2084 779 2133 modo
811 2086 861 2132 et
892 2084 1121 2134 ordinum
1152 2077 1429 2148 digestione
1465 2083 1843 2133 monstrabant?

144 2159 199 2207 in
235 2159 315 2208 his
355 2173 481 2220 quae
520 2158 813 2206 ostendendi
850 2159 1056 2207 maioris
1099 2161 1260 2208 metus
1307 2174 1460 2207 causa
1496 2162 1845 2222 proponuntur

146 2234 387 2282 maiorem
432 2233 535 2281 vim
572 2232 758 2281 habent
802 2233 998 2280 infinito
1048 2232 1195 2281 modo
1245 2233 1325 2282 vel
1376 2234 1675 2297 generaliter
1712 2233 1844 2281 dicta

148 2307 229 2357 vel
258 2306 542 2355 inchoative
584 2321 814 2370 expressa
850 2308 910 2355 ut
946 2306 1040 2355 hoc
1078 2307 1200 2355 loco.
1252 2323 1370 2355 nam
1401 2306 1692 2355 descendere
1732 2322 1844 2354 cum

147 2381 274 2429 nihil
312 2379 543 2429 ostendat
578 2380 681 2429 iam
727 2395 831 2429 esse
879 2381 1185 2443 conpletum,
1237 2380 1486 2444 significat
1536 2380 1695 2429 adhuc
1742 2395 1844 2428 esse

75 2468 119 2500 30
150 2454 283 2518 quod
321 2454 587 2503 descendat
625 2470 684 2503 ac
714 2471 803 2518 per
832 2455 926 2503 hoc
963 2456 1154 2503 metum
1185 2470 1290 2504 esse
1320 2456 1582 2516 maiorem,
1621 2470 1733 2502 cum
1770 2455 1844 2502 in-

272 2631 295 2670 l
321 2627 539 2682 quoniam
556 2624 597 2668 V
621 2639 759 2681 quum
783 2625 856 2669 ed.
941 2629 969 2668 4
1000 2626 1166 2682 iwryiis
1197 2639 1284 2669 om.
1312 2625 1383 2669 ed.
1471 2629 1495 2668 7
1524 2626 1783 2680 conpositus
1804 2624 1846 2668 V

153 2699 266 2729 corr.
301 2685 372 2730 ed.
476 2689 530 2729 10
561 2685 798 2729 describ-eit
820 2683 861 2727 V
892 2684 986 2728 -bit
1016 2684 1087 2728 ed.
1187 2689 1238 2728 11
1273 2685 1499 2729 erroribus
1530 2684 1592 2739 (in
1627 2683 1846 2727 lemmate

153 2745 414 2799 terroribus)
439 2743 480 2787 V
507 2757 620 2787 corr.
647 2743 718 2786 ed.
832 2747 887 2786 14
919 2744 1101 2787 consilii
1131 2743 1203 2788 ed.
1321 2746 1373 2787 15
1406 2743 1580 2797 defecta
1604 2742 1645 2786 V
1676 2743 1847 2787 deiecta

152 2817 236 2847 nos
268 2804 433 2858 affecta
464 2803 535 2847 ed.
639 2807 693 2846 16
725 2803 915 2846 vexisset
937 2801 979 2845 V
1010 2807 1294 2858 apportasset
1324 2802 1395 2845 ed.
1498 2806 1551 2845 19
1583 2803 1635 2846 in
1665 2803 1847 2856 infinito

153 2861 196 2905 V
228 2862 299 2906 ed.
344 2875 403 2906 ne
446 2864 712 2917 suspectum
755 2861 972 2905 videatur
1013 2862 1070 2905 cf.
1113 2865 1153 2915 9,
1180 2866 1278 2905 356.
1412 2865 1468 2908 23
1511 2866 1619 2905 et-
1632 2867 1850 2916 parm-ent

157 2935 245 2965 om.
270 2920 342 2965 ed.
428 2925 484 2964 25
516 2921 766 2966 iuventutis
796 2933 884 2964 om.
910 2919 982 2964 ed.
1067 2925 1123 2964 26
1151 2920 1416 2964 ostendendi
1437 2918 1479 2963 V
1501 2925 1554 2964 ut
1577 2920 1751 2965 ostendi
1775 2920 1846 2965 ed.

158 2984 213 3024 27
246 2980 314 3025 vel
336 2979 380 3024 V
410 2994 547 3037 quam
576 2995 616 3025 v.
650 2979 765 3023 edF.
890 2983 946 3023 28
977 2980 1233 3024 inchoativo
1256 2977 1299 3022 V
1323 2978 1393 3022 ed.

1494 3067 1579 3110 31‘
