2050 3226
796 199 1100 245 AENumos
1130 198 1196 244 XI
1731 206 1838 259 427

151 342 322 390 nostro
362 356 480 390 saxa
519 339 621 388 iam
659 339 877 389 Troiana
914 338 1239 389 libentissime
1276 340 1584 404 perferamus
1622 358 1710 391 nec
1749 343 1844 392 erit

153 430 414 464 onerosum
443 413 585 462 nobis
619 413 857 476 quicquid
889 415 1134 463 censueris
1166 429 1270 463 esse
1305 414 1599 464 faciendum.
1655 417 1845 466 dixerat

150 490 287 546 haec,
325 488 474 550 talia,
512 488 696 551 inquit,
736 488 929 537 dixerat
965 488 1206 550 DranceS,
1249 503 1438 549 unoque
1475 503 1639 538 onmes
1678 491 1843 539 eadem

151 577 232 611 ore
267 563 565 623 fremebant:
614 563 786 610 eadem
832 578 958 626 quae
1006 562 1168 612 verbis
1214 563 1318 612 suis
1366 563 1634 626 conplexus
1679 564 1844 613 fuerat

100 651 119 684 5
150 637 370 686 Drances
395 636 539 699 quasi
570 652 670 685 uno
705 653 787 685 ore
820 652 988 686 omnes
1011 636 1373 699 profitebantur
1403 653 1454 687 se
1478 653 1583 687 esse
1606 638 1841 687 facturos

151 711 226 759 bis
255 725 396 760 senos
426 710 654 771 pepiyere
684 711 787 759 dies
825 714 868 758 et
897 725 1022 772 pace
1059 714 1330 771 sequestra:
1377 712 1452 761 ita
1488 711 1702 775 peractis
1742 729 1842 761 om-

149 785 294 835 nibus
332 787 661 846 recesserunt,
700 787 758 833 ut
787 801 875 848 per
910 785 1169 834 duodecim
1199 785 1304 834 dies
1342 785 1736 848 sepeliendorum
1766 787 1842 835 fu-

149 875 323 908 nerum
365 875 515 908 causa
560 875 659 922 pax
698 862 957 922 sequestra
994 862 1260 908 teneretur.
1336 863 1594 923 sequestra
1632 876 1730 924 pax
1769 863 1845 909 est

150 949 279 996 quae
318 935 389 982 sic
425 933 776 996 interponitur,
806 935 867 982 ut
895 950 995 983 non
1025 933 1272 996 terminet,
1307 935 1394 983 sed
1424 934 1620 984 differat
1642 935 1842 984 bellum.

76 1027 119 1060 10
143 1022 237 1069 per
278 1009 432 1056 silvas
479 1009 655 1056 Teucri
697 1009 928 1067 mixtique
971 1009 1156 1068 inpune
1200 1008 1376 1056 Latini
1425 1022 1647 1058 erravere
1690 1011 1945 1071 iuqis:135

148 1083 347 1131 tantum
385 1082 547 1131 valuit
583 1081 906 1145 interpositae
938 1083 1183 1145 pactionis
1213 1082 1356 1144 fides,
1394 1084 1454 1131 ut
1490 1084 1711 1146 partium
1749 1084 1843 1132 viri

147 1173 238 1219 per
286 1156 439 1205 silvas
488 1157 815 1205 miscerentur
858 1157 1054 1219 inpune.
1131 1158 1262 1217 ferro
1308 1160 1451 1205 sonat
1495 1157 1598 1206 alta
1647 1159 1844 1218 bipenni

147 1231 404 1291 fraxinus:
442 1231 548 1279 alta
586 1230 809 1279 fraxinus
846 1231 949 1279 icta
986 1230 1140 1292 ferro,
1177 1231 1270 1278 hoc
1306 1233 1381 1279 est
1409 1232 1515 1280 ictu
1545 1232 1703 1281 ferreo
1733 1249 1843 1294 per-

149 1320 312 1366 cussa,
357 1305 636 1354 resonabat.
715 1307 931 1352 evertunt
975 1308 1110 1352 actas
1160 1305 1226 1352 ad
1270 1306 1436 1353 sidera
1473 1306 1653 1366 pinus:
1705 1308 1842 1355 actas

75 1395 117 1429 15
149 1378 213 1427 ad
245 1378 407 1428 sidera
439 1379 534 1428 hoc
566 1380 641 1427 est
669 1380 724 1427 in
747 1380 941 1427 tantam
966 1378 1282 1426 altitudinem
1305 1381 1574 1442 porrectas,
1598 1381 1658 1428 ut
1681 1380 1843 1429 sidera

147 1453 346 1517 pulsare
383 1454 676 1516 potuissent.
730 1452 785 1500 hi
822 1469 990 1502 omnes
1029 1453 1306 1501 evertendis
1345 1453 1601 1502 arboribus
1641 1470 1843 1518 operam

147 1527 349 1575 dabant.
409 1528 588 1575 robora
624 1541 711 1575 nec
749 1528 914 1575 cuneis
953 1530 996 1575 et
1031 1527 1231 1575 olentem
1268 1528 1486 1576 scindere
1525 1528 1720 1576 cedrum
1756 1543 1844 1577 nec

140 1601 384 1662 plaustris
422 1605 612 1650 cessant
646 1605 834 1649 vectare
868 1602 1166 1662 yementibus
1204 1616 1372 1650 ornos:
1421 1601 1511 1650 alii
1546 1601 1844 1651 insistebant

144 1675 405 1724 roboribus
445 1675 747 1736 scindendis,
787 1675 878 1724 alii
912 1675 1184 1739 portandis.
1240 1675 1501 1724 ordinatur
1538 1692 1710 1725 sensus
1750 1677 1841 1726 sic:

74 1765 117 1799 20
146 1766 236 1799 nec
267 1752 463 1799 cessant
492 1749 673 1798 robora
702 1749 782 1798 vel
813 1750 1012 1798 cedrum
1043 1753 1132 1798 aut
1162 1766 1307 1798 ornos
1339 1750 1576 1813 plaustris
1605 1750 1840 1814 inponere

147 1839 206 1873 ac
242 1824 511 1872 transferre
560 1827 649 1873 aut
693 1824 862 1872 cuneis
909 1824 1141 1872 scindere.
1219 1824 1305 1873 sed
1349 1840 1449 1872 non
1496 1840 1664 1875 omnes
1709 1825 1840 1874 idem

146 1897 421 1960 faciebant3
459 1914 577 1946 nam
615 1898 889 1948 diviserant
928 1913 1091 1960 opera.

265 1972 335 2019 Et
362 1973 466 2020 iam
494 1973 636 2032 fama
665 1973 807 2029 mali,
842 1974 965 2020 tanti
986 1973 1291 2032 praenuntia
1331 1972 1507 2029 luctus,
1539 1972 1841 2021 Euandrum
1859 1983 1943 2022 140

146 2046 474 2106 Euandrique
519 2046 684 2094 domos
730 2050 774 2094 et
815 2047 1008 2094 moenia
1053 2047 1222 2107 replet,
1271 2060 1394 2106 quae
1438 2047 1578 2095 modo
1616 2048 1840 2096 victorem

74 2135 116 2168 2⁵
147 2121 296 2168 Latio
330 2120 565 2168 Pallanta
594 2121 803 2180 ferebat:
838 2136 950 2168 cum
974 2120 1178 2169 Troiani
1201 2122 1252 2168 et
1274 2119 1446 2169 Latini
1468 2121 1590 2170 haec
1621 2124 1839 2185 agerent,

146 2194 248 2243 iam
286 2197 496 2242 mortem
528 2193 775 2243 Pallantis
814 2195 878 2243 ad
916 2195 1208 2242 Euandrum
1247 2195 1396 2256 atque
1435 2195 1542 2244 eius
1582 2195 1750 2244 domos
1791 2198 1841 2244 et

146 2270 307 2318 totam
337 2269 509 2317 urbem
540 2268 676 2316 fama
706 2268 1009 2330 nuntiusque
1040 2271 1330 2331 pervexerat
1362 2270 1578 2319 occisum
1610 2270 1838 2318 adserens

146 2342 444 2404 Pallantem,
478 2358 624 2406 quem
655 2343 802 2392 modo
836 2342 968 2404 apud
998 2342 1202 2390 Latium
1232 2342 1424 2392 ferebat
1453 2359 1557 2392 esse
1588 2345 1837 2392 victorem.

148 2433 299 2480 quam
353 2418 521 2481 gravis
575 2417 742 2465 fuerat
794 2417 957 2464 luctus
1012 2420 1244 2479 acceptus
1299 2417 1358 2466 de
1413 2433 1469 2466 eo
1525 2419 1663 2466 cuius
1726 2421 1837 2466 ante

74 2505 118 2538 so
146 2494 452 2540 momentum
501 2490 739 2540 victoriae
789 2490 1153 2540 nuntiabantur
1202 2493 1251 2540 et
1300 2493 1510 2555 gloriae!
1589 2491 1839 2555 egregiam

146 2566 486 2614 moralitatem
530 2566 623 2613 hoc
670 2565 778 2613 loco
817 2567 1063 2613 servatam
1103 2565 1335 2614 debemus
1377 2566 1654 2626 advertere;
1700 2581 1836 2612 nam-

267 2727 290 2764 1
318 2723 604 2778 perferamus
627 2720 669 2764 V
694 2719 901 2776 corrupit
924 2721 1012 2766 edI
1042 2724 1154 2765 mut.
1182 2722 1297 2766 edF.
1390 2726 1414 2764 2
1442 2735 1532 2766 esse
1556 2734 1643 2765 om.
1662 2720 1745 2764 ΗΟ
1764 2720 1835 2764 ed.

148 2784 174 2823 3
207 2780 361 2824 eade-m
384 2794 535 2825 omnes
565 2781 636 2825 ed.
730 2783 754 2823 9
787 2781 829 2824 si
850 2779 893 2823 V
917 2780 988 2824 ed.
1019 2782 1086 2825 sic
1115 2795 1211 2825 nos.
1250 2781 1254 2839 Ι
1289 2786 1342 2825 ut
1372 2795 1460 2824 om.
1487 2781 1557 2824 ed.
1644 2785 1697 2823 11
1724 2794 1837 2836 par-

146 2840 261 2883 tium
286 2839 326 2883 V
358 2840 642 2885 diversarum
667 2854 714 2895 p.
748 2839 817 2883 ed,
919 2843 976 2883 20
1006 2845 1239 2885 necessant
1263 2839 1303 2881 V
1329 2853 1440 2883 corr.
1467 2839 1538 2884 ed.
1638 2843 1693 2882 23
1726 2839 1839 2883 mali

149 2898 278 2953 (item
309 2899 371 2942 ad
406 2904 474 2953 12,
501 2902 603 2955 607)
628 2898 670 2942 V
701 2899 860 2943 volans
891 2898 962 2942 ed.
988 2901 1036 2943 et
1059 2899 1195 2956 Verg.
1222 2898 1344 2942 libri.
1460 2903 1515 2942 24
1547 2899 1735 2954 complet
1764 2898 1835 2943 ed.

149 2961 203 2999 27
247 2959 442 3003 occisum
477 2957 519 3001 V
559 2972 596 3003 o.
633 2971 723 3002 esse
766 2957 836 3001 ed.
959 2962 1016 3002 28
1057 2973 1185 3015 quem
1224 2958 1403 3002 modum
1435 2957 1476 3000 V
1516 2972 1554 3013 q.
1587 2957 1715 3002 modo
1753 2971 1836 3000 nos

148 3029 263 3072 quac
291 3017 420 3071 fama
452 3017 523 3061 ed.
646 3021 701 3060 29
734 3022 941 3073 aceeptus
964 3016 1006 3061 V
1037 3018 1329 3073 accipiendus
1360 3017 1430 3061 ed.
1483 3033 1486 3036 ⁴
