2050 3226
217 215 326 268 472
687 212 921 257 DONATI
949 213 1016 257 IN
1017 212 1231 257 TERPR.
1256 212 1436 257 VERG.

217 347 357 413 dixit,
380 351 467 401 sed
489 369 579 416 pro
604 353 802 402 vilibus.
857 354 1132 401 'sternemur
1163 351 1366 415 campiS‚
1396 369 1486 416 per
1516 354 1676 403 omnis
1709 369 1910 417 campos

215 426 484 476 iacebimus
523 426 636 476 fusi.
711 426 972 474 inhumata
1008 426 1279 489 infletaque
1316 427 1486 489 turba,
1534 443 1635 476 non
1672 427 1908 477 habentes

217 501 460 550 solacium
489 500 809 549 lacrimarum
834 503 924 548 aut
951 500 1242 549 beneficium
1272 501 1569 563 sepulturae.
1625 518 1778 565 quam
1807 503 1911 551 vim

214 574 399 624 habeat
434 575 738 623 humationis
771 573 1122 622 detrimentum
1153 574 1266 623 aliis
1298 573 1420 624 locis
1451 577 1600 638 poeta
1630 576 1910 638 perdocuit:

214 664 336 711 uno,
375 665 486 697 cum
518 648 792 711 Euryalum
828 649 988 696 mater
1026 648 1215 696 doleret
1252 648 1469 697 occisum
1507 645 1583 715 (9,
1607 646 1753 714 485),
1789 650 1911 712 „ali-
1964 664 1984 697 5

213 723 370 785 tibus,
401 724 587 786 inquit,
619 723 844 785 linquere
875 722 994 771 feris
1026 724 1114 771 aut
1145 721 1342 787 gurgite
1371 738 1588 772 mersum
1618 724 1754 772 unda
1785 725 1912 773 feret

162 827 166 830 ·
213 798 471 860 piscesque
495 797 686 859 inpasti
707 795 917 845 vulnera
940 795 1213 846 lambent“.
1262 797 1396 858 „heu
1417 799 1553 846 terra
1581 799 1754 862 ignota
1778 799 1910 847 cani·

214 871 307 920 bus
358 871 472 919 date
528 870 714 933 praeda
763 869 957 918 Latinis
1014 870 1317 934 alitibusque
1372 870 1504 921 iaces
1558 887 1647 920 nec
1695 875 1769 935 te,
1822 875 1911 921 tua

214 947 392 993 funera
414 946 575 992 mater
604 944 818 1007 produxi
847 944 1066 1007 pressive
1099 946 1269 994 oculos
1302 947 1391 994 aut
1413 946 1619 994 vulnera
1640 946 1745 995 lavi
1775 948 1911 995 veste

213 1021 385 1083 tegens
396 1017 422 1041 “
449 1012 594 1085 (haec
618 1018 661 1067 si
684 1020 997 1080 omittantur,
1022 1018 1086 1067 ad
1109 1020 1327 1082 corporis
1354 1019 1590 1068 iniuriam
1612 1014 1910 1087 pertinent);
1942 1037 1986 1070 10

217 1094 372 1142 altero
412 1092 635 1141 adseruit
674 1093 795 1156 quid
831 1092 955 1141 mali
1004 1093 1208 1142 accedat
1253 1094 1405 1142 etiam
1444 1095 1639 1143 animae
1678 1095 1783 1143 eius
1822 1095 1912 1157 qui

191 1168 447 1217 .humatus
479 1182 580 1215 non
611 1166 698 1228 sit3
737 1183 837 1215 non
868 1168 1000 1216 enim
1029 1168 1239 1216 fluvium
1268 1167 1452 1216 transit
1481 1169 1753 1230 infernum,
1785 1169 1912 1217 sicut

214 1242 267 1289 in
306 1243 442 1290 sexto
478 1241 604 1289 libro
645 1234 803 1308 (325)
842 1241 1026 1290 lectum
1065 1257 1171 1290 esse
1208 1241 1522 1291 meminimus
1560 1243 1796 1305 loquente
1836 1241 1910 1291 Si·

214 1316 354 1378 bylla
401 1317 451 1363 et
488 1315 692 1363 Aenean
739 1315 944 1364 docente
991 1317 1084 1364 hoc
1129 1316 1298 1365 modoz
1348 1317 1507 1378 „haec
1553 1315 1711 1365 omnis
1759 1332 1911 1379 quam

215 1389 372 1439 cernis
411 1390 555 1452 inops
593 1389 953 1452 inhumataque
991 1390 1140 1438 turba
1178 1392 1274 1452 est3
1317 1391 1531 1453 portitor
1567 1390 1652 1440 ille
1693 1389 1910 1454 Charon3
1943 1406 1984 1439 16

214 1465 269 1512 hi
308 1479 430 1527 quos
469 1464 607 1512 vehit
643 1463 780 1513 unda
818 1464 1023 1527 sepulti,
1066 1480 1156 1512 nec
1192 1464 1327 1527 ripas
1369 1465 1516 1513 datur
1552 1464 1822 1514 horrendas
1861 1467 1912 1514 et

214 1555 368 1587 rauca
406 1538 594 1586 fluenta
630 1539 971 1601 transportare
1009 1538 1146 1601 prius
1187 1554 1341 1601 quam
1379 1538 1576 1587 sedibus
1620 1554 1732 1588 ossa
1771 1540 1908 1601 quie-

214 1615 353 1675 runt,
388 1614 587 1661 centum
617 1614 786 1660 errant
816 1628 970 1661 annos
1001 1613 1315 1674 volitantque
1346 1613 1467 1661 haec
1497 1613 1649 1661 litora
1680 1612 1911 1661 circum.“

213 1688 307 1736 hae
340 1689 458 1735 sunt
487 1687 860 1735 inhumatorum
889 1703 1099 1749 poenae,
1130 1688 1190 1734 ut
1221 1702 1390 1735 eorum
1421 1702 1629 1749 corpora
1658 1687 1911 1736 lanientur

216 1765 266 1810 et
305 1760 511 1810 diversis
552 1760 842 1811 subiaceant
886 1760 1058 1810 bestiis
1109 1762 1159 1808 et
1205 1776 1376 1809 eorum
1425 1760 1643 1822 animffl,
1694 1777 1807 1810 cum
1846 1761 1911 1810 ad
1941 1776 1986 1809 20

214 1835 398 1884 inferos
436 1834 683 1896 venerint,
725 1834 934 1884 fluvium
971 1834 1275 1884 sollemniter
1310 1835 1521 1883 transire
1565 1851 1666 1883 non
1703 1835 1910 1897 possint.

215 1910 337 1957 haec
366 1910 519 1971 paulo
553 1908 765 1972 amplius
791 1911 1013 1972 evagati,
1052 1909 1172 1972 quia
1202 1909 1341 1957 locus
1365 1907 1579 1970 sinebat,
1611 1908 1909 1959 tradidimus

215 1982 390 2043 latiuS‚
423 1985 638 2031 ceterum
671 1983 952 2032 amaritudo
983 1982 1193 2031 Drancis
1226 1983 1318 2031 1100
1350 1983 1526 2045 sensit,
1561 1986 1618 2032 ut
1647 1983 1909 2046 periturOS,

217 2057 260 2106 si
299 2057 460 2104 adhuc
498 2060 828 2120 pugnaretur,
876 2056 1061 2105 diceret
1104 2058 1362 2106 universos
1404 2073 1493 2105 nec
1539 2058 1909 2120 superfuturum

216 2130 434 2193 aliquem
465 2130 552 2192 qui
582 2146 748 2179 caesos
782 2131 1012 2193 sepeliret
1042 2133 1132 2179 aut
1161 2132 1433 2194 plangeret.
1488 2132 1632 2179 ettam
1655 2133 1720 2188 tu,
1745 2132 1790 2179 si
1813 2146 1910 2192 qua
1939 2144 1983 2181 25

216 2206 303 2253 tibi
339 2205 435 2260 vis,
483 2204 528 2251 si
558 2206 715 2263 patrii
761 2206 877 2264 quid
914 2206 1100 2253 Martis
1141 2206 1308 2262 IzabeS,
1355 2205 1496 2252 illum
1541 2205 1702 2266 aspice
1743 2209 1908 2253 contra

114 2287 199 2327 375
217 2280 300 2340 qui
329 2281 489 2326 vocat:
528 2278 571 2325 si
601 2281 659 2325 tu
690 2278 923 2326 fiduciam
947 2279 1076 2343 geris
1106 2279 1298 2329 roboris
1332 2281 1382 2327 et
1408 2279 1599 2342 generis
1633 2279 1728 2339 tui,
1765 2278 1908 2326 illum

217 2352 362 2401 debes
400 2351 586 2400 intueri
625 2352 784 2399 solum
825 2370 971 2414 quem
1002 2353 1153 2402 habes
1191 2354 1245 2401 in
1275 2356 1364 2402 tua
1402 2368 1552 2402 causa
1589 2351 1906 2401 contrarium.

338 2426 542 2474 Talibus
596 2427 777 2480 exarsit
829 2427 968 2474 dietis
1021 2428 1249 2475 violentia
1304 2428 1482 2484 Turni,
1546 2427 1631 2474 dat
1678 2426 1907 2486 yemitum

215 2502 488 2561 rumpitque
518 2500 609 2547 has
639 2500 734 2546 imo
757 2503 948 2558 pectore
978 2516 1136 2548 voees:
1175 2501 1351 2550 ardens
1384 2503 1498 2549 ante
1528 2501 1689 2563 magis
1725 2499 1908 2548 exarsit
1938 2514 1982 2545 30

216 2575 269 2622 in
308 2574 536 2622 Drancen
574 2572 758 2621 talibus
800 2573 965 2634 dictis,
1011 2575 1267 2623 maledicis
1307 2575 1496 2623 scilicet
1542 2576 1592 2622 et
1631 2572 1906 2635 iniuriosis3

219 2647 351 2710 quod
383 2664 526 2712 aegre
557 2646 792 2710 portabat
823 2648 1061 2707 evomuit,
1100 2650 1260 2711 rupit,
1297 2649 1484 2711 inquit,
1522 2663 1692 2696 vocem
1727 2649 1776 2695 et
1804 2646 1904 2696 imo

336 2793 363 2831 4
394 2789 524 2832 habet
556 2788 626 2832 ed.
731 2792 756 2831 5
789 2788 1043 2832 alitibus—
1065 2793 1087 2831 7
1114 2789 1313 2834 lambent
1343 2788 1512 2832 decimi
1543 2786 1652 2831 libri
1683 2789 1802 2843 (559)
1835 2789 1907 2831 est

217 2847 466 2891 memoriae
500 2861 651 2891 errore
684 2861 788 2890 cum
812 2846 958 2890 altero
983 2846 1083 2890 loco
1110 2848 1422 2892 coniunctum.
1516 2851 1570 2890 10
1595 2861 1624 2890 a
1648 2848 1847 2902 eorporis
1866 2846 1904 2888 V

219 2920 331 2951 corr.
367 2906 438 2950 ed.
562 2911 616 2950 14
648 2920 822 2950 aenean
853 2911 894 2949 et
916 2905 957 2947 V
982 2911 1024 2949 et
1046 2907 1127 2949 Ae.
1154 2921 1236 2950 nos
1268 2907 1331 2951 ad
1353 2907 1433 2951 Ae.
1460 2911 1502 2950 et
1532 2904 1603 2949 ed.
1718 2909 1771 2948 21
1798 2919 1904 2961 pos-

216 2970 315 3008 sent
359 2964 401 3007 V
450 2967 628 3021 possint
675 2979 758 3008 nos
804 2969 999 3020 possunt
1045 2965 1115 3008 ed.
1253 2970 1307 3008 23
1355 2966 1546 3010 drances
1587 2963 1630 3008 V
1676 2977 1789 3008 corr.
1831 2964 1902 3008 ed.

218 3028 273 3067 25
307 3028 357 3067 tu
389 3038 477 3067 om.
504 3022 556 3067 V.
679 3028 734 3067 29
766 3024 905 3068 tarda
935 3037 1018 3078 pro
1053 3025 1201 3068 Turni
1231 3025 1311 3068 dat
1334 3023 1388 3068 V.
