2050 3226
251 198 356 252 168
720 196 954 241 DONATI
982 197 1049 241 IN
1050 196 1263 241 TERPR.
1287 196 1467 242 VERG.

246 337 504 396 stratisque
558 337 754 385 locavit:
812 337 1067 400 ingentem
1122 335 1247 384 dixit
1307 351 1510 399 corpore
1573 338 1624 384 et
1676 336 1935 402 dignitate,

247 410 431 459 locavit
469 427 578 458 eum
619 411 810 471 stratis,
852 427 950 474 quo
988 412 1157 472 posset
1187 425 1390 472 vespere
1427 409 1530 459 iam
1558 413 1792 475 vergente
1825 412 1934 460 dor-

244 483 383 532 mire.
453 484 636 533 dicitur
672 485 775 533 iam
806 485 951 547 quale
991 485 1203 532 stratum
1233 484 1409 533 habuit
1445 500 1658 548 pauper:
1702 486 1933 545 effultum,

244 558 431 621 inquit,
469 559 604 618 foliis
643 562 686 606 et
713 559 854 619 pelle.
943 557 1139 606 iacebat
1175 557 1253 607 vir
1289 560 1460 607 tantus
1506 559 1640 608 foliis
1687 559 1846 607 fultus
1886 561 1937 608 et

245 633 391 694 pelle,
421 633 515 681 hoc
539 633 670 680 enim
701 633 861 681 solum
891 634 1160 695 paupertas
1192 633 1359 694 potuit
1390 632 1636 695 exhibere3
1675 649 1736 681 ne
1766 635 1934 682 tamen
1988 646 2008 680 ε
2036 647 2037 682 3

245 707 299 754 in
337 708 500 754 totum
538 706 836 769 deprimeret
874 707 1008 769 quod
1054 707 1196 754 tanto
1235 706 1342 755 viro
1388 707 1688 769 praebuerat
1731 723 1935 770 pauper,

246 779 440 829 addidit
498 781 769 841 Libystidis
818 795 986 837 ursae,
1047 782 1108 828 ut
1165 795 1223 828 ex
1279 782 1439 842 pretio
1495 781 1683 830 bestiae
1745 781 1935 844 aliquid

155 845 159 848 ’
245 855 416 903 stratis
455 853 576 917 ipsis
616 854 807 918 gratiae
845 854 1091 917 potuisset
1130 853 1371 903 accedere.

361 929 474 976 Nox
511 929 614 976 ruit
650 932 694 976 et
720 929 874 988 fuscis
905 929 1122 976 tellurem
1152 929 1454 988 amplectitur
1492 929 1610 977 alis:
1641 929 1937 977 describitur

244 1017 343 1049 non
393 1001 496 1050 iam
544 1002 703 1051 noctis
755 1002 977 1063 initium,
1028 1001 1114 1050 sed
1163 1017 1260 1050 nox
1297 1003 1408 1064 ipsa
1445 1004 1594 1065 plena
1633 1005 1682 1050 et
1718 1002 1934 1051 tenebris
1968 1018 2010 1052 10

141 1083 227 1124 370
245 1075 455 1124 densior.
517 1079 567 1124 at
607 1076 769 1125 Venus
806 1077 926 1124 haut
962 1077 1125 1124 animo
1163 1077 1482 1138 nequicquam
1520 1078 1746 1125 exterrita
1782 1080 1937 1125 mater

243 1149 644 1209 Laurentumque
680 1151 829 1198 minis
869 1154 911 1198 et
948 1151 1070 1198 duro
1108 1153 1239 1198 mota
1270 1151 1501 1198 tumultu:
1538 1151 1592 1198 in
1623 1150 1934 1200 ordinatione

243 1224 505 1272 verborum
542 1224 691 1273 huius
729 1225 826 1273 loci
865 1226 939 1272 est
976 1224 1281 1286 intellectus;
1311 1225 1405 1273 hac
1436 1226 1568 1272 enim
1599 1227 1819 1273 cessante
1850 1225 1937 1273 fiet

242 1299 300 1346 ut
348 1299 402 1345 in
450 1299 671 1361 periculo
721 1298 794 1346 fili
843 1314 930 1346 nec
983 1297 1146 1346 animo
1196 1300 1335 1346 mota
1385 1299 1450 1347 sit
1487 1299 1655 1347 Venus
1705 1301 1755 1347 et
1792 1301 1934 1348 tanto

244 1372 480 1420 existente
525 1372 750 1420 tumultu
794 1372 1150 1421 coniurationis
1196 1372 1376 1421 Italiae
1422 1373 1755 1436 nequicquam
1801 1373 1934 1423 vide—
1967 1388 2009 1422 15

243 1448 358 1494 atur
388 1446 634 1494 exterrita.
689 1447 758 1494 sic
795 1447 953 1510 igitur
991 1447 1146 1494 currit
1184 1446 1454 1495 ordinatio:
1495 1449 1548 1495 at
1578 1446 1745 1496 Venus
1776 1449 1936 1496 mater

241 1520 368 1568 haut
404 1522 740 1582 nequicquam
778 1520 944 1569 animo
985 1520 1218 1568 exterrita
1255 1521 1403 1569 minis
1443 1519 1773 1582 Laurentum,
1812 1522 1934 1569 item

241 1594 366 1642 haut
402 1595 736 1658 nequicquam
773 1596 911 1642 mota
947 1595 1174 1642 tumultu
1210 1594 1350 1644 duro.
1406 1594 1543 1642 dedit
1581 1610 1696 1658 ergo
1735 1597 1935 1643 tantum

242 1667 567 1716 sollicitudini
603 1670 855 1716 maternae
896 1670 1137 1731 quantum
1178 1668 1367 1730 debuit,
1408 1684 1535 1730 quae
1575 1669 1727 1717 etiam
1770 1686 1828 1717 ex
1866 1671 1934 1717 le-

242 1741 386 1791 vibus
427 1743 589 1790 causis
628 1744 744 1790 sunt
783 1745 1038 1805 suspectae
1077 1758 1166 1805 pro
1205 1743 1351 1791 natis.
1420 1742 1569 1791 huius
1601 1745 1771 1791 autem
1799 1760 1933 1792 men·
1965 1759 2008 1792 20

241 1818 341 1864 tem
381 1817 566 1865 nimius
606 1815 897 1864 turbaverat
933 1819 1106 1876 terror,
1146 1832 1259 1864 cum
1292 1817 1524 1865 adversus
1556 1817 1760 1865 Aenean
1790 1819 1934 1866 tanta

242 1905 299 1938 ac
336 1892 443 1938 tam
482 1891 606 1938 dura
643 1892 953 1952 pararentur.
1036 1891 1157 1938 haec
1203 1892 1352 1952 poeta
1398 1892 1680 1952 specialiter
1725 1907 1933 1940 comme-

240 1979 430 2011 morare
481 1980 581 2012 non
631 1963 824 2025 debuit,
875 1965 1110 2026 quoniam
1149 1964 1377 2027 superius
1417 1965 1550 2013 dicta
1589 1966 1708 2013 sunt
1753 1966 1934 2026 omnia,

242 2038 433 2086 scilicet
471 2038 752 2089 coniurasse
793 2054 986 2086 omnem
1024 2038 1242 2100 Italiam,
1283 2038 1467 2087 auxilia
1504 2040 1780 2087 multarum
1818 2055 1933 2103 gen-

240 2113 369 2160 tium
408 2112 701 2160 catervatim
731 2114 1032 2175 congregata
1063 2127 1166 2160 esse
1199 2128 1311 2161 cum
1343 2113 1527 2174 Turno,
1558 2113 1750 2162 venisse
1782 2114 1934 2162 etiam
1964 2127 2006 2160 26

243 2184 505 2234 Camillam
544 2201 705 2234 acrem
743 2186 795 2233 in
842 2186 1159 2235 dimicatione
1205 2187 1449 2234 bellorum
1496 2189 1546 2234 et
1590 2187 1781 2236 venisse
1821 2203 1934 2235 cum

239 2259 561 2307 multitudine
591 2261 851 2320 instructa,
875 2261 1079 2308 missum
1108 2276 1303 2322 quoque
1337 2261 1400 2308 ad
1423 2260 1695 2309 Diomeden
1718 2263 1932 2309 veterem

242 2334 572 2382 Troianorum
625 2334 832 2382 hostem.
934 2334 1206 2382 Vulcanum
1261 2335 1550 2394 adloquitur,
1604 2334 1678 2382 ffli
1732 2334 1933 2396 quidem

240 2407 495 2468 vitricum,
534 2407 620 2455 sed
657 2411 825 2456 tamen
863 2407 1099 2455 maritum
1138 2424 1304 2469 suum,
1350 2410 1548 2456 tantum
1593 2408 1779 2456 habens
1826 2409 1932 2471 spei

242 2485 485 2544 quantum
522 2497 646 2530 uxor
683 2481 943 2543 postulans
982 2483 1156 2540 mereri
1195 2482 1253 2529 de
1287 2482 1493 2545 coniuge
1525 2482 1790 2544 debuisset,
1821 2485 1930 2531 tan·
1961 2495 2005 2527 30

240 2558 347 2603 tum
397 2570 584 2618 ponens
635 2556 689 2602 in
741 2555 1079 2617 desperatione
1131 2559 1374 2618 quantum
1425 2556 1714 2605 ostendebat
1762 2557 1931 2604 odium

242 2630 376 2691 quod
414 2630 544 2677 inter
581 2628 835 2693 privignos
877 2645 980 2678 esse
1012 2629 1243 2678 convenit
1274 2632 1324 2678 et
1353 2629 1569 2678 vitricos.
1623 2630 1744 2678 haec
1774 2631 1931 2694 igitur

360 2776 387 2813 4
429 2771 583 2826 inquit
620 2783 707 2813 om.
741 2769 812 2812 ed.
948 2775 1002 2813 16
1042 2775 1227 2814 at—17
1267 2771 1565 2826 nequicquam
1611 2770 1816 2826 corrupit
1856 2770 1927 2816 ed.

245 2834 296 2872 17
323 2831 428 2873 item
451 2835 533 2873 aut
548 2828 590 2871 V
607 2842 719 2872 corr.
739 2827 810 2871 ed.
897 2833 952 2871 20
978 2830 1186 2884 probatis
1205 2829 1243 2872 V
1258 2843 1348 2885 pro
1370 2830 1495 2873 natis
1518 2830 1589 2873 ed.
1675 2834 1731 2873 22
1755 2843 1929 2885 paren-

242 2894 318 2932 tur
341 2887 382 2931 V
407 2901 519 2931 corr.
546 2888 617 2931 ed.
710 2891 765 2930 25
790 2893 1082 2944 conqreyatae
1105 2888 1147 2931 V
1171 2894 1247 2933 -ta
1270 2888 1340 2932 ed.
1367 2893 1442 2932 -ta
1465 2902 1555 2932 esse
1585 2902 1680 2932 nos.
1718 2888 1723 2946 Ι
1757 2890 1929 2932 venisse

241 2949 468 3002 transpos.
502 2947 571 2990 ed.
694 2950 750 2990 28
780 2947 946 2991 hostem
971 2945 1011 2989 V
1036 2947 1123 2991 edI
1153 2949 1194 2991 h.
1223 2947 1443 2992 Venulum
1475 2947 1591 2990 edF.
1629 2950 1633 3003 l
1675 2947 1927 3001 volcanum,

243 3006 323 3049 sed
355 3006 628 3060 plerumque
660 3006 764 3049 vul·
788 3004 842 3048 V.
