2050 3226
233 147 337 200 186
703 144 936 190 DONATI
965 144 1247 189 INTERPR.
1271 144 1452 190 VERG.

231 286 426 334 Aeneae
472 285 800 348 praedicatio:
854 285 988 333 solus
1037 283 1178 332 abest
1223 286 1273 333 et
1319 284 1539 332 omnium
1595 285 1922 334 Troianorum

230 359 503 422 'spondetur
538 360 792 420 interitus,
833 358 979 421 quasi
1016 357 1216 405 demum
1252 359 1359 421 ipse
1399 360 1557 408 omnis
1589 361 1639 408 et
1670 360 1922 409 defensare

230 434 391 496 possit
444 435 495 482 et
545 436 736 497 tegere,
799 434 953 481 solius
1019 448 1218 481 rursum
1269 433 1478 481 timetur
1535 434 1800 496 adventus,
1861 451 1922 482 ne

230 507 374 556 rebus
427 508 637 571 integris
683 506 936 555 redeuntis
989 506 1232 568 impetum
1285 507 1479 555 Turnus
1533 509 1772 556 sustinere
1822 524 1923 556 non

230 581 402 644 possit.
469 582 589 630 haec
627 584 685 629 ut
723 582 942 644 apertius
982 582 1307 642 exponantur,
1348 582 1461 643 ipsa
1499 582 1796 646 singillatim
1825 581 1922 630 Iris

230 656 382 704 verba
411 657 696 704 tractemus.
760 655 946 702 Turne:
987 653 1151 716 coepit
1183 670 1212 702 a
1242 656 1463 716 nomine,
1503 656 1648 718 quasi
1680 658 1921 704 excitaret

153 744 158 748 ·
232 730 567 778 dormientem.
626 729 758 792 quod
783 729 978 790 optanti
1002 727 1174 776 divum
1204 729 1492 791 promittere
1524 746 1666 778 nemo
1701 730 1920 791 auderet,

230 803 476 853 volvenda
515 803 618 852 dies
666 819 725 851 en
773 804 949 851 attulit
993 802 1152 850 ultro:
1204 803 1331 850 nihil
1384 803 1585 851 interim
1640 803 1923 866 specialiter

230 877 496 926 indicando
543 878 664 926 fecit
710 878 955 925 attentum
1003 877 1251 939 simulque
1291 877 1604 925 commendat
1643 878 1776 941 quod
1815 881 1923 926 erat

232 953 442 1013 dictura,
473 968 711 1015 magnum
735 967 853 1012 esse,
883 951 1023 1011 utile,
1054 952 1389 999 necessarium
1419 953 1467 999 et
1501 953 1637 999 omni
1667 953 1921 1000 celeritate

229 1026 539 1089 rapiendum.
616 1025 791 1074 attulit
827 1025 943 1087 tibi,
988 1025 1177 1087 inquit,
1216 1025 1504 1074 volubilitas
1545 1026 1735 1073 dierum
1775 1026 1922 1089 quod,

232 1101 274 1148 si
321 1117 351 1148 a
395 1099 681 1148 numinibus
734 1099 903 1147 multis
958 1098 1187 1161 precibus
1241 1114 1490 1162 poscereS,
1543 1115 1633 1147 nec
1688 1101 1924 1162 consequi

230 1189 398 1237 posses
441 1189 529 1222 nec
569 1173 647 1221 illi
683 1176 937 1236 praestare
967 1174 1256 1222 valuissent.
1318 1173 1536 1221 Aeneas:
1575 1175 1651 1221 est
1686 1190 1924 1238 magnum

230 1248 425 1311 pondus
463 1249 517 1296 in
554 1247 778 1308 nomine;
819 1247 907 1310 qui
946 1249 1078 1295 enim
1116 1247 1289 1308 metui,
1329 1247 1416 1309 qui
1452 1248 1585 1295 tueri
1622 1248 1795 1309 socios,
1836 1248 1925 1311 qui

232 1324 382 1371 armis
431 1322 662 1386 obtegere
711 1323 938 1384 propria,
991 1322 1079 1383 qui
1125 1321 1361 1370 obsistere
1408 1321 1706 1370 audentibus
1756 1323 1925 1385 posset

229 1397 350 1445 urbe
390 1398 440 1444 et
478 1397 623 1444 sociis
664 1397 715 1443 et
753 1396 908 1443 classe
947 1395 1123 1444 relicta
1163 1395 1390 1443 discessit
1430 1398 1580 1457 atque
1618 1398 1714 1457 ita,
1761 1398 1822 1444 ut
1861 1395 1924 1444 ad

230 1472 508 1534 longinqua
558 1472 608 1518 et
659 1470 833 1531 procul
886 1472 1078 1518 remota
1130 1470 1416 1517 tetenderit.
1502 1470 1632 1517 unde
1686 1486 1926 1534 magnum

230 1544 525 1593 beneficium
562 1545 663 1592 tuis
704 1545 985 1605 quaesitum
1032 1546 1107 1591 est
1157 1543 1447 1604 commodis,
1505 1543 1639 1605 quod
1689 1544 1830 1592 abest
1876 1546 1925 1592 et

233 1620 399 1667 omnia
438 1617 530 1666 sub
568 1620 660 1666 tua
700 1618 886 1665 ditione
926 1618 1156 1666 deseruit.
1218 1617 1338 1666 urbe
1369 1617 1556 1679 inquit,
1594 1618 1707 1679 ipsa
1738 1617 1926 1666 scilicet

231 1693 394 1756 prima
431 1692 485 1739 in
525 1708 624 1755 qua
655 1691 755 1740 fuit
784 1692 949 1755 virgo,
989 1707 1117 1753 quae
1148 1693 1291 1752 patre
1325 1707 1382 1740 ac
1414 1692 1643 1740 Troianis
1677 1693 1924 1754 oppressis

231 1766 398 1829 potuit
434 1766 570 1827 tolli3
617 1781 734 1813 nam
774 1766 894 1828 quid
932 1766 1122 1828 profuit
1159 1766 1295 1813 facta
1333 1765 1469 1812 urbis
1509 1765 1924 1827 commemoratio,

231 1842 330 1889 nisi
370 1841 489 1903 quia
538 1839 638 1888 fuit
684 1840 738 1887 in
785 1855 843 1887 ea
891 1840 1023 1902 quod
1074 1839 1356 1901 specialiter
1393 1839 1597 1887 Aenean
1643 1839 1791 1887 ferire
1836 1856 1924 1902 po-

231 1913 446 1962 tuisset?
487 1914 632 1962 sociis
658 1916 708 1961 et
739 1914 895 1961 classe
924 1914 1119 1961 relicta:
1161 1929 1311 1975 quam
1341 1913 1490 1976 plena
1514 1914 1726 1962 victoria
1751 1914 1924 1976 quaeri

232 1989 391 2051 possit
430 1987 669 2048 ostendit,
710 1989 753 2035 si
790 1988 1208 2049 interciperentur
1237 2003 1390 2036 naves
1422 1990 1473 2036 et
1504 1989 1663 2036 omnis
1698 1988 1925 2036 interiret

233 2063 489 2110 exercitus.
550 2061 762 2109 diximus
794 2077 922 2123 quae
961 2061 1153 2109 dimisit
1181 2061 1397 2124 Aeneas,
1438 2061 1659 2110 dicamus
1699 2061 1763 2109 ad
1795 2077 1923 2124 quae

232 2137 460 2198 perrexit.
537 2136 589 2182 in
638 2135 715 2183 his
764 2136 948 2197 quippe
1000 2138 1049 2182 et
1098 2136 1258 2184 maior
1306 2138 1466 2184 metus
1517 2137 1683 2198 potest
1731 2135 1924 2184 ostendi

1955 969 1999 1002 10

1956 1337 1999 1371 15

1955 1706 2019 1759 203

1955 2075 1998 2108 25

234 2213 284 2259 et
314 2209 568 2258 obtinendi
600 2210 767 2257 Turno
800 2209 960 2256 maior
991 2210 1197 2257 occasio.
1259 2212 1454 2271 sceptra
1484 2209 1706 2258 Palatini
1736 2209 1922 2257 sedem·
2018 2222 2021 2270 ζ

235 2301 329 2346 que
368 2285 496 2346 petit
526 2283 776 2344 Euandri3
814 2299 904 2330 nec
943 2283 1088 2344 satis,
1128 2284 1219 2330 hoc
1259 2285 1335 2332 est
1372 2299 1472 2331 non
1511 2285 1616 2331 eius
1655 2283 1924 2331 intentioni
2019 2308 2021 2318 ι

234 2358 421 2406 sufficit
458 2373 614 2418 usque
661 2373 717 2404 eo
763 2357 1053 2405 tetendisse:
1104 2360 1346 2406 extremas
1388 2356 1594 2418 Corythi
1642 2356 1924 2418 penetravit

234 2433 298 2479 ad
342 2432 479 2480 urbis
526 2430 877 2492 Lydorumque
924 2447 1150 2492 manum,
1200 2432 1431 2479 collectos
1480 2432 1642 2478 armat
1688 2430 1921 2494 agrestis:

235 2507 397 2554 armat
442 2504 695 2567 Lydorum
743 2521 970 2565 manum,
1021 2507 1184 2553 armat
1230 2505 1461 2553 collectos
1509 2505 1720 2568 agrestis
1759 2507 1920 2552 metus

234 2583 309 2628 est
357 2581 554 2643 ingens,
610 2578 729 2642 quia
780 2578 1083 2626 adducturus
1138 2580 1213 2627 est
1264 2580 1454 2639 tantos,
1510 2581 1701 2626 occasio
1756 2580 1923 2626 autem

234 2653 472 2714 faciendi,
513 2654 632 2715 quia
669 2653 816 2715 longe
856 2655 941 2700 est.
1007 2654 1202 2714 sceptra
1232 2652 1454 2700 Palatini
1493 2651 1756 2714 sedemque
1795 2653 1924 2713 petit

353 2785 378 2822 2
425 2780 670 2835 spondetwr
706 2778 749 2821 V
794 2780 975 2822 timetur
1020 2778 1090 2822 ed.
1225 2782 1251 2821 3
1297 2778 1438 2822 solius
1471 2776 1512 2819 V
1554 2791 1588 2821 s.
1625 2778 1806 2821 Aeneae
1849 2777 1920 2820 ed.

236 2844 289 2882 16
322 2840 384 2882 ad
415 2853 503 2882 om.
528 2838 571 2882 V
595 2838 684 2892 ed.,
716 2838 796 2882 sed
830 2837 886 2880 cf.
919 2852 958 2881 v.
988 2842 1085 2880 150.
1179 2842 1235 2880 22
1268 2851 1442 2880 aenean
1471 2837 1590 2890 ferre
1616 2835 1656 2878 V
1680 2837 1761 2879 Ae.
1786 2837 1922 2890 ferire

234 2911 317 2941 nos
342 2899 522 2942 Aeneas
545 2897 663 2950 ferre
687 2897 758 2940 ed.
844 2901 899 2939 23
924 2910 1060 2951 qaam
1075 2895 1117 2939 V
1140 2897 1260 2953 quod
1283 2896 1352 2939 ed.
1391 2895 1394 2952 Ι
1431 2896 1590 2950 quaeri
1612 2894 1653 2937 V
1677 2895 1825 2950 potiri
1849 2894 1919 2938 ed.

236 2962 291 2999 24
323 2958 416 3001 nisi
439 2957 481 3000 V
507 2957 577 2999 ed.
610 2958 651 3000 si
681 2969 776 2999 nos.
900 2959 954 2998 32
987 2957 1215 3012 inqens—
1235 2959 1290 2998 33
1316 2955 1443 3011 lonye
1473 2959 1537 2998 est
1568 2967 1654 2996 om.
1681 2953 1753 2997 ed.

1954 2441 2024 2476 30¹
