2050 3226
770 167 1074 214 Annnmos
1105 167 1148 211 x
1698 170 1806 226 389

113 311 368 359 consecrat
408 309 563 357 Marti
603 309 691 371 qui
729 309 922 357 colebat
966 307 1082 358 deos
1131 310 1182 357 et
1223 306 1418 357 interiit
1455 307 1544 371 qui
1581 324 1672 371 pro
1716 309 1807 357 deo

113 383 293 432 habuit
318 383 570 432 dexteram
601 384 653 431 et
681 383 879 431 hastam
916 398 1060 431 suam
1098 385 1150 431 et
1174 381 1467 446 inprovidus
1495 382 1658 445 spolia
1694 399 1809 445 pro·

112 458 319 507 miserat
354 457 473 506 fflio
511 458 605 505 hoc
642 456 718 505 ita
755 472 859 506 esse
898 459 950 505 et
982 456 1124 520 pium
1159 456 1416 521 religionis
1456 471 1607 505 causa
1645 456 1807 509 dicen-

110 531 234 580 dum
273 532 470 615 conplet
501 532 782 594 exemplum
813 531 1029 580 secundo
1060 530 1317 580 conditum
1347 531 1474 579 libro
1515 525 1698 597 (163),
1736 532 1811 579 ait

31 617 84 650 ⁶
108 605 244 655 enim
282 604 484 669 „inpius
515 621 573 654 ex
604 621 702 668 quo
735 605 949 668 Tydides
981 604 1068 654 sed
1099 605 1231 653 enim
1262 605 1600 667 scelerumque
1638 606 1809 654 inven-

110 683 192 729 tor
207 643 378 728 Ulixes
410 680 566 729 fatale
591 679 815 743 adgressi
839 681 1033 728 sacrato
1059 680 1270 728 avellere
1296 679 1485 742 templo
1510 678 1811 741 Palladium,

112 755 268 803 eaesis
299 769 523 803 summae
554 753 843 803 custodibus
883 755 1011 803 arcis
1042 755 1322 817 corripuere
1361 768 1555 802 sacram
1594 753 1811 818 effigiem

111 828 440 891 manibusque
464 829 680 877 cruentis
704 827 957 892 virgineas
987 827 1098 877 ausi
1121 828 1266 877 divae
1291 827 1576 893 contingere
1602 829 1758 877 vittas
1767 827 1813 876 “.

110 903 232 951 item
269 904 322 951 in
363 904 539 952 Octavo
578 896 701 969 (84)
744 918 936 965 „quam
974 903 1088 966 pius
1126 902 1320 951 Aeneas
1367 902 1462 951 tibi
1500 902 1653 964 enim,
1699 902 1811 963 tibi,

21 989 83 1026 :10
110 977 330 1026 maxima
359 977 511 1038 Iunc,
542 979 733 1025 mactat
763 992 905 1025 sacra
935 973 1149 1026 ferens“.
1189 992 1298 1026 0000
1333 976 1640 1026 ostendimus
1671 976 1813 1040 pium

109 1050 367 1116 religionis
407 1051 827 1115 contemplatione
866 1051 1068 1099 dictum.
1124 1051 1168 1100 si
1206 1050 1338 1099 enim
1375 1051 1503 1113 inpii
1533 1050 1655 1100 dicti
1693 1053 1813 1100 sunt

113 1126 201 1188 qui
236 1125 290 1173 in
330 1126 446 1175 deos
486 1128 593 1173 tam
638 1125 856 1174 nefanda
895 1126 1265 1187 commiserant,
1310 1126 1489 1174 merito
1527 1124 1603 1187 pii
1642 1125 1810 1189 appel-

111 1198 251 1248 landi
289 1202 407 1248 sunt
445 1201 532 1264 qui
561 1199 756 1264 integro
794 1199 899 1248 ritu
932 1199 1138 1248 deorum
1169 1200 1334 1248 cultus
1366 1199 1647 1248 observant.
1699 1203 1812 1248 tum

112 1275 227 1337 pius
258 1273 452 1323 Aeneas
483 1275 681 1323 hastam
717 1274 863 1336 iacit,
909 1274 1000 1322 illa
1030 1288 1124 1334 per
1160 1275 1322 1322 orbem
1361 1288 1472 1322 aere
1510 1288 1684 1322 cavwm
1725 1275 1811 1322 tri-

25 1359 83 1393 γ111
105 1348 248 1409 plici,
287 1348 381 1396 hoc
419 1350 494 1397 est
531 1347 721 1411 triplici
751 1363 862 1396 aere
900 1347 1177 1410 firmatum,
1206 1362 1302 1408 per
1332 1347 1463 1396 linea
1493 1351 1627 1409 terya
1658 1342 1810 1414 (acci-

112 1423 259 1485 piunt
304 1421 437 1470 0111111
482 1424 626 1471 scuta
664 1423 848 1470 lineam
884 1423 1160 1483 texturam,
1208 1437 1320 1470 cum
1364 1416 1518 1488 fiunt)
1564 1423 1812 1482 tribusque

112 1496 310 1544 transiit
343 1497 578 1544 intextwm
615 1498 775 1545 tauris
812 1511 958 1558 opus:
995 1496 1221 1558 transiit,
1258 1497 1446 1559 inquit,
1485 1498 1536 1545 et
1570 1511 1694 1559 opus
1731 1513 1810 1545 ro·
1829 1503 1913 1544 785

111 1569 344 1619 boratmn
373 1571 536 1619 tribus
568 1571 714 1628 coriis
747 1572 1022 1620 taurorum.
1075 1571 1267 1630 imaque
1295 1571 1419 1619 sedit
1446 1571 1672 1632 inquinet
1701 1587 1810 1634 per-

112 1645 348 1707 venitque
378 1646 482 1693 ima
511 1660 628 1708 pars
660 1645 782 1693 ferri
813 1645 878 1694 ad
907 1645 1092 1708 inguen
1123 1645 1349 1708 seditque
1380 1645 1486 1693 illic
1518 1646 1810 1708 consumpto

40 1732 90 1767 201
110 1717 320 1782 impetu.
357 1719 443 1768 sed
486 1720 610 1768 viris
646 1719 768 1768 haut
803 1719 1028 1780 pertulit:
1081 1735 1170 1768 nec
1215 1719 1337 1768 viris
1387 1720 1560 1782 plenas
1603 1718 1813 1782 pertulit

112 1794 242 1842 scuti
277 1793 515 1842 firmitate
545 1793 772 1857 inpedita
810 1796 882 1856 et,
912 1794 1031 1843 licet
1061 1810 1231 1842 necem
1261 1794 1476 1842 hominis
1506 1793 1695 1856 inplere
1727 1809 1811 1842 ne-

113 1867 322 1930 quisset,
361 1868 541 1917 vulnus
579 1871 748 1917 tamen
793 1867 969 1917 intulit
1005 1868 1107 1916 tale
1147 1867 1280 1931 quod
1319 1867 1533 1916 debilem
1569 1867 1811 1917 redderet.

112 1941 247 1990 ocius
285 1955 445 1990 ensem
482 1941 678 1991 Aeneas
707 1943 811 1991 viso
853 1943 1093 2004 Tyrrheni
1130 1942 1371 2003 sanquine
1409 1943 1564 1990 laetus
1598 1942 1743 2003 eripit
1778 1957 1812 1991 a

111 2016 292 2075 femine
330 2019 373 2064 et
402 2016 665 2076 trepidanti
694 2017 916 2077 fervidus
952 2017 1127 2065 instat:
1164 2017 1359 2066 Aeneas
1390 2016 1553 2066 laetus
1593 2017 1811 2078 effectuS,

18 2118 21 2122 ι
43 2099 86 2141 2⁵
114 2090 352 2152 quoniam
377 2089 536 2139 hostis
562 2090 854 2154 sanguinem
877 2091 1095 2152 viderat,
1128 2090 1298 2139 eduxit
1320 2090 1545 2155 gladium
1569 2093 1620 2139 et
1643 2089 1809 2139 animo

113 2164 326 2213 ferventi
363 2163 649 2226 insistebat,
694 2167 753 2214 ut
796 2165 1048 2214 vulnerati
1085 2165 1286 2227 plenam
1323 2165 1580 2228 perficeret
1625 2181 1809 2214 necem.

112 2238 348 2299 inyemuit
377 2239 483 2287 cari
509 2239 725 2300 araviter
751 2240 983 2299 yenitoris
1014 2253 1200 2296 amore,
1238 2242 1293 2287 ut
1319 2240 1462 2295 vidit,
1502 2239 1709 2288 Lausus
1740 2240 1810 2288 la·
1829 2246 1913 2286 790

114 2313 385 2372 erimaeque
416 2326 510 2372 per
547 2327 637 2361 ora
673 2313 887 2361 volutae.-
931 2314 1079 2362 huius
1127 2328 1298 2362 casum
1335 2313 1527 2362 Lausus
1566 2313 1812 2378 ingemuit

115 2379 309 2452 (tetigit
345 2386 477 2435 enim
515 2402 628 2454 eum
673 2389 912 2449 paternus
950 2380 1114 2458 dolor)
1161 2390 1212 2436 et
1250 2388 1373 2450 quid
1416 2388 1696 2436 maestitiae
1735 2388 1810 2435 in-

46 2473 85 2507 30
114 2460 272 2509 terius
305 2463 496 2525 gereret
524 2460 787 2509 uberrimis
827 2461 1044 2510 lacrimis
1075 2461 1332 2511 indicavit.
1387 2462 1590 2511 videbat
1625 2462 1811 2524 quippe

117 2535 238 2598 quid
259 2537 467 2598 paterno
492 2535 687 2598 corpori
716 2535 814 2582 iam
848 2537 978 2584 esset
998 2535 1243 2585 inflictum
1266 2538 1317 2584 et
1340 2536 1462 2599 quid
1484 2535 1810 2598 perficiendae

116 2609 250 2658 necis
289 2610 393 2658 eius
434 2624 586 2658 causa
623 2608 781 2658 hostis
821 2608 1090 2659 acerrimus
1128 2611 1465 2673 praepararet.

236 2754 262 2793 3
294 2751 556 2808 reliyiosum
579 2750 621 2793 V
651 2755 695 2795 et
723 2764 759 2795 r.
793 2750 866 2794 ed.
896 2751 1132 2808 reliyionis
1161 2750 1294 2808 11001
1328 2764 1470 2795 causa
1493 2749 1535 2793 V
1558 2749 1677 2794 illud
1700 2750 1773 2794 ed.
1800 2750 1807 2809 Ι

117 2809 360 2854 dicendum
394 2809 436 2853 V
475 2809 672 2854 0111.οἀ.
716 2810 888 2854 dictum
926 2812 1142 2866 expectes
1178 2812 1233 2854 ut
1270 2809 1407 2854 infra.
1530 2813 1554 2851 7
1595 2810 1721 2866 aryis
1754 2808 1810 2853 V.

119 2871 146 2910 8
177 2869 389 2913 ‘manibus
418 2870 499 2925 qui
519 2868 575 2912 V.
690 2872 745 2911 19
777 2869 995 2926 adinyine
1018 2869 1060 2913 V
1091 2883 1206 2914 corr.
1239 2869 1309 2912 ed.
1426 2872 1479 2912 21
1511 2869 1649 2912 sicuti
1671 2867 1713 2911 V
1737 2868 1810 2913 ed.

118 2928 237 2970 scuti
261 2941 358 2971 nos.
388 2928 393 2985 Ι
428 2928 602 2985 inplere
625 2927 667 2971 V
691 2928 907 2983 impedire
931 2928 1003 2972 ed.
1088 2933 1145 2972 24
1168 2928 1364 2982 feminae
1379 2926 1434 2971 V.
1521 2931 1575 2970 25
1602 2941 1808 2983 quum—-

118 2985 304 3031 vidisset
334 2986 405 3030 ed.
528 2991 582 3030 27
616 2987 800 3031 lacrime
831 3001 946 3044 quae
970 2986 1024 3030 V.
1148 2991 1203 3031 30
1235 2988 1402 3043 quippe
1425 2985 1467 3030 V
1496 2988 1615 3031 enim
1647 2986 1720 3031 ed.
