2050 3226
761 137 1066 183 AENEmos
1096 137 1160 182 1x
1699 141 1804 194 211

118 280 340 328 abiturus
373 278 671 327 iniunxerat.
733 279 892 326 omnis
915 292 1010 339 per
1040 292 1207 326 muros
1233 277 1351 338 leqio
1374 278 1546 325 sortita
1568 277 1810 336 periclum

117 354 321 403 excubat
354 355 623 412 exercetque
653 353 805 408 viceS,
846 352 972 412 quod
1010 353 1180 412 cuique
1216 351 1449 399 tuendwm
1487 354 1578 400 est:
1614 351 1666 398 in
1698 366 1810 399 con·
1828 363 1914 404 175

20 472 24 473 ⁷
118 427 378 477 suetudine
409 426 490 476 vel
519 427 733 475 maxime
763 426 944 475 bellica
981 441 1081 474 non
1121 427 1196 474 est
1234 425 1503 474 consimilis
1543 424 1686 472 labor
1722 440 1812 473 nec

0 799 24 907 m,
10 767 25 789 „¹
8 691 15 698 r

24 961 89 997 ,10

49 1331 90 1363 15

50 1703 93 1735 20

53 2072 94 2105 25

117 502 394 565 periculum
426 501 656 563 aequale,
686 500 894 564 proinde
919 501 1139 550 vicissim
1163 499 1222 548 de
1247 502 1379 548 sorte
1404 498 1647 548 dividitur
1679 498 1812 561 quod

11 550 20 575 θ’
117 577 272 624 fuerit
307 591 398 639 pro
436 576 676 638 temporis
714 574 1009 624 necessitate
1047 573 1373 623 subeundum.

236 650 394 698 Nisus
433 652 539 698 erat
562 653 735 710 portae
765 652 943 706 cust03,
984 649 1254 697 acerrimus
1286 648 1462 705 armis,
1501 646 1811 708 Hyrtacides,

118 725 333 773 comitem
361 722 558 772 Aeneae
596 738 734 783 quem
771 723 974 771 miserat
1006 723 1103 771 Ida
1137 723 1380 779 venatrix,
1419 722 1580 770 iaculo
1618 721 1815 770 celerem

119 798 394 857 levibusque
431 798 646 859 saqittis:
685 813 836 860 quam
867 797 965 846 cito
998 796 1125 845 dixit
1157 795 1372 845 hominis
1410 811 1612 857 nomen,
1650 796 1815 843 locum

117 872 170 920 in
202 888 300 935 quo
333 874 462 921 esset
491 874 662 932 natue,
702 887 800 934 quo
833 871 1029 936 genitus
1061 872 1228 934 patre,
1267 870 1446 933 quibus
1479 870 1682 931 studiis,
1713 885 1815 931 qua

118 948 300 995 natura
339 947 389 994 et
421 962 522 1010 qua
561 949 667 994 arte
697 946 929 1009 polleret!
990 946 1134 1006 forte,
1164 944 1347 1008 inquit,
1376 945 1530 993 Nisus
1570 943 1816 992 curandae

118 1022 293 1084 portae
331 1023 498 1070 custos
535 1020 718 1068 iudicio
751 1019 899 1070 sortis
942 1019 1212 1081 exciderat,
1250 1021 1399 1068 natus
1442 1020 1496 1067 in
1538 1018 1666 1067 silva
1707 1033 1816 1082 per-

117 1095 331 1158 indeque
355 1094 446 1157 qui
468 1097 598 1143 esset
626 1094 681 1142 in
710 1094 879 1143 labore
910 1093 1146 1155 nutritus,
1175 1093 1398 1156 Hyrtaco
1431 1092 1628 1157 genitus
1658 1093 1817 1155 patre.

120 1171 524 1218 commemoratio
569 1169 765 1231 paterni
810 1169 1026 1217 nominis
1073 1167 1137 1216 ad
1184 1168 1478 1230 explendam
1522 1166 1689 1230 posita
1742 1168 1819 1214 est

120 1243 320 1292 laudem
369 1245 440 1305 et,
491 1244 612 1306 quia
661 1244 907 1292 maiorum
957 1243 1069 1290 laus
1118 1243 1238 1290 tunc
1286 1241 1506 1304 proficit,
1557 1242 1602 1290 si
1638 1242 1682 1290 is
1731 1241 1819 1303 qui

121 1316 360 1366 laudatur
411 1319 649 1380 paternae
705 1317 894 1381 gloriae
946 1316 1302 1378 nobilitatique
1363 1315 1683 1378 respondeat,
1745 1314 1820 1363 ait

120 1393 253 1440 hunc
301 1392 595 1440 acerrimum
641 1392 797 1440 fuisse
845 1391 899 1439 in
945 1392 1300 1439 exercitatione
1344 1390 1611 1452 bellorum,
1659 1405 1818 1452 usque

123 1466 245 1514 adeo
276 1467 336 1513 ut
374 1467 425 1514 et
461 1466 627 1514 iaculo
658 1465 818 1514 bonus
859 1467 989 1514 esset
1019 1466 1070 1513 et
1099 1466 1302 1529 sagittis
1339 1464 1582 1513 iaciendis
1621 1464 1817 1527 aptissi-

121 1556 253 1602 mus,
293 1541 439 1588 tanta
470 1542 637 1588 autem
668 1539 920 1588 industria
951 1539 1357 1600 florentissimus,
1388 1541 1446 1587 ut
1477 1538 1658 1603 dignus
1691 1540 1822 1587 esset

124 1616 213 1676 qui
242 1613 456 1676 Aeneae,
486 1616 630 1663 tanto
661 1614 892 1677 principi,
925 1613 1119 1662 comitis
1153 1613 1315 1662 officio
1347 1614 1653 1677 fungeretur.
1712 1628 1820 1661 ecce

123 1689 271 1751 plena
307 1688 574 1737 instructio
614 1689 749 1737 dicta
787 1691 863 1737 est
912 1687 1201 1737 laudativae
1252 1687 1508 1736 materiae.
1592 1691 1636 1735 et
1681 1687 1822 1735 iuxta

125 1777 277 1811 comes
322 1763 600 1824 EuryaluS,
649 1777 741 1822 quo
782 1763 1036 1824 pulchrior
1081 1763 1203 1810 alter
1247 1777 1347 1810 non
1390 1762 1488 1822 fuit
1532 1759 1822 1809 Aeneadum
1840 1769 1925 1810 180

126 1837 347 1885 Troiana
377 1851 528 1897 neque
558 1837 720 1885 induit
750 1852 917 1886 arma:
956 1829 1132 1885 ceteris
1164 1836 1392 1886 Troianis
1423 1835 1679 1898 pulchrior
1707 1835 1822 1897 fuit,

125 1911 485 1974 pulcherrimus
523 1913 714 1973 tamen,
755 1927 867 1960 cum
898 1927 1037 1959 arma
1068 1912 1374 1974 sumpsisset.
1436 1925 1526 1958 ora
1554 1924 1685 1970 puer
1716 1910 1821 1970 pri-

123 2000 208 2033 ma
245 1986 450 2046 siqnans
487 1986 685 2034 intonsa
721 1987 945 2034 iuventa:
991 1985 1164 2034 definit
1208 1988 1405 2048 tempus
1446 1984 1626 2033 aetatis
1663 1983 1821 2046 ipsius

127 2061 190 2121 et,
223 2059 343 2122 quia
373 2059 703 2123 incongruum
732 2059 833 2108 fuit
854 2059 1100 2124 incogniti
1130 2059 1347 2108 hominis
1380 2074 1623 2107 annorum
1652 2074 1822 2106 nume·

125 2150 236 2182 rum
276 2133 461 2196 dicere,
500 2134 642 2198 signo
682 2134 899 2197 corporis
955 2134 1133 2196 quanti
1179 2137 1307 2182 esset
1359 2133 1598 2196 temporis
1654 2134 1823 2195 aperte

127 2207 360 2272 signavit.
429 2207 664 2271 primam,
697 2208 882 2270 inquit,
913 2208 1120 2257 barbam
1150 2208 1330 2257 habuit
1359 2207 1580 2255 nondum
1608 2207 1824 2269 plenam,

127 2281 349 2330 nondum
394 2284 607 2331 tonsam.
683 2282 759 2330 his
799 2297 937 2330 amor
981 2297 1113 2330 unus
1152 2286 1257 2330 erat
1285 2283 1569 2343 pariterque
1606 2282 1660 2328 in
1700 2281 1825 2329 bella

127 2357 357 2404 ruebant:
390 2373 629 2421 magnum
667 2356 1030 2405 familiaritatis
1071 2357 1372 2419 exemplum,
1411 2356 1662 2419 singulare
1703 2370 1823 2416 quo-

12 2418 16 2439 ⁸
57 2442 99 2474 eo
131 2446 226 2493 que
251 2446 308 2479 ac
330 2447 516 2479 novum
538 2432 592 2479 in
609 2430 816 2479 diversis
843 2430 1092 2479 aetatibus
1117 2431 1367 2479 adfectum
1383 2430 1596 2478 similem
1619 2429 1824 2477 existere

129 2504 372 2566 potuisse,
414 2507 485 2566 et,
518 2505 638 2568 quia
667 2504 925 2554 individuo
958 2520 1124 2552 amore
1155 2504 1244 2552 fidi
1271 2504 1485 2552 invicem
1513 2503 1824 2563 tenebantur,

132 2578 362 2640 quotiens
393 2594 513 2628 usus
545 2581 675 2628 esset
704 2595 849 2642 pares
879 2578 1024 2627 ibant
1054 2579 1117 2627 ad
1149 2579 1336 2627 bellum
1373 2594 1463 2626 nec
1499 2576 1826 2639 expectabant

132 2652 287 2700 veniri
326 2653 390 2701 ad
436 2669 508 2714 se,
555 2652 641 2703 sed
678 2653 811 2702 ultro
849 2653 1063 2701 ruebant
1099 2654 1154 2701 in
1192 2669 1251 2701 ea
1293 2668 1420 2715 quae
1460 2653 1625 2700 essent
1662 2665 1823 2699 neces·

253 2784 276 2823 1
310 2780 520 2824 abiturus
541 2781 813 2825 iniunxerat
835 2779 877 2823 V
902 2780 1087 2824 dederat
1111 2780 1182 2823 ed.
1270 2783 1324 2822 10
1355 2779 1471 2833 forte
1493 2776 1535 2819 V
1559 2782 1722 2833 portae
1752 2777 1823 2821 ed.

137 2842 187 2880 11
227 2844 387 2894 portae
430 2853 517 2882 om.
555 2839 626 2883 ed.
758 2844 814 2882 14
852 2840 894 2883 si
928 2839 969 2882 V
1008 2854 1146 2895 quum
1185 2838 1257 2882 ed.
1381 2842 1434 2881 15
1477 2837 1715 2892 respondet
1752 2836 1823 2880 ed.

137 2900 188 2938 17
229 2902 282 2941 ut
318 2903 359 2942 et
392 2897 431 2939 V
469 2903 523 2943 ut
559 2898 630 2942 ed.
765 2903 819 2941 22
858 2912 999 2954 neque
1034 2898 1076 2941 V
1113 2912 1195 2942 nec
1234 2897 1304 2942 ed.
1439 2901 1492 2939 31
1533 2896 1622 2940 sibi
1659 2895 1700 2939 V
1742 2897 1827 2951 fidi

135 2968 218 2998 nos
250 2969 337 2999 om.
364 2957 435 3000 ed.
559 2961 614 3001 33
646 2959 794 3003 veniri
824 2958 887 3001 ad
916 2971 961 3002 se
985 2957 1027 3000 V
1057 2959 1209 3002 venire
1239 2958 1301 3001 ad
1330 2970 1376 3000 se
1406 2956 1548 2999 hostes
1580 2955 1650 2998 ed.

1470 3042 1555 3086 14*
