2050 3226
185 197 292 250 382
659 194 891 239 DONATI
920 194 1201 239 INTERPR.
1225 194 1405 240 VERG.

183 334 378 398 positus
418 334 644 384 substitit
682 337 732 383 et
771 350 932 384 armos
973 333 1162 383 excutit
1211 350 1268 383 ac
1318 335 1547 385 dentibus
1595 336 1781 384 frendit
1825 338 1875 385 et

183 410 351 458 nullus
399 409 550 458 audet
593 410 798 472 propius
845 409 1097 470 accedere,
1143 408 1229 457 sed
1273 407 1450 458 iaculis
1497 426 1555 458 ex
1600 410 1873 475 longinquo

183 483 348 533 missis
397 484 607 544 insistit,
661 484 736 532 ita
787 498 911 545 quos
961 483 1173 531 Mezenti
1225 484 1463 532 scelerum
1515 483 1679 533 iustus
1733 484 1876 533 dolor

185 557 419 622 angebat,
474 573 778 620 quamquam
838 557 914 605 illi
969 571 1136 605 omnes
1183 557 1355 606 infesti
1399 558 1728 620 incurrerent,
1774 574 1874 607 non

182 635 350 680 tamen
388 631 642 679 audebant
680 633 867 679 certare
907 631 1201 693 comminus,
1242 631 1348 693 sed,
1389 631 1520 695 quod
1558 634 1724 681 tutum
1762 633 1874 694 fuit,
1928 648 1947 681 5

155 705 452 756 ‚missilibus
494 721 551 752 ex
589 704 865 768 longinquo
911 704 1055 754 iactis
1096 708 1146 754 et
1185 706 1399 755 clamore
1439 706 1712 755 certabant.
1787 707 1873 754 ille

182 796 320 841 vero,
359 795 459 827 non
489 778 783 840 Mezentius,
823 780 910 828 sed
948 795 1068 842 aper
1107 772 1196 847 (ad
1233 781 1400 843 ipsum
1443 781 1574 829 enim
1618 780 1874 841 remeavit,

182 857 239 902 ut
289 853 581 916 parabolam
631 847 908 920 clauderet)
959 854 1117 903 omnis
1171 855 1330 918 partis
1382 855 1665 904 observans
1702 856 1873 904 hastas

183 927 370 976 excutit
407 930 458 976 et
494 928 743 990 propellit.

82 1012 165 1051 720
303 1002 511 1050 Venerat
571 1002 788 1061 antiquis
842 999 1037 1063 Corythi
1089 1002 1147 1050 de
1197 1003 1382 1061 finibus
1434 1001 1622 1065 Acron,
1686 1002 1873 1052 Graius
1906 1020 1948 1051 10

181 1076 340 1133 homo,
387 1076 588 1135 infectos
635 1076 857 1137 linquens
886 1076 1133 1137 profuyus
1177 1076 1488 1138 hymenaeos:
1533 1076 1659 1125 nihil
1697 1077 1874 1125 horum

183 1149 247 1197 ad
284 1150 526 1198 bellorum
564 1149 781 1213 pertinet
819 1165 1042 1211 causam,
1089 1150 1196 1212 sed,
1242 1153 1301 1199 ut
1346 1166 1492 1214 saepe
1536 1150 1639 1199 iam
1685 1150 1874 1199 dictum

182 1227 278 1286 est,
324 1223 586 1272 reficiendo
633 1225 809 1273 lectori
846 1223 1135 1287 proficiunt,
1184 1225 1264 1274 vel
1314 1242 1375 1273 ne
1425 1227 1657 1287 turpetur
1707 1225 1873 1287 dictio,

182 1299 224 1346 si
261 1299 400 1361 puris
434 1314 491 1347 ac
522 1298 641 1347 solis
672 1298 954 1347 nominibus
988 1301 1301 1361 conparatur.
1362 1299 1456 1348 iste
1493 1299 1652 1362 igitur
1683 1302 1872 1363 quanto

180 1373 400 1421 bellandi
431 1372 703 1421 ducebatur
735 1372 955 1434 adfectu,
994 1375 1054 1421 ut
1093 1371 1310 1422 Graecus
1350 1389 1400 1423 se
1439 1373 1688 1423 veteribus
1720 1373 1874 1422 hosti·
1906 1387 1948 1421 15

180 1447 272 1495 bus
311 1447 543 1510 iungeret
580 1448 792 1509 plusque
827 1448 1047 1495 intentus
1088 1450 1218 1496 esset
1254 1447 1308 1495 in
1345 1448 1591 1510 proelium
1631 1463 1784 1511 quam
1820 1448 1873 1495 in

180 1522 382 1583 nuptias
429 1523 607 1570 novas!
668 1522 796 1569 hunc
839 1522 925 1568 ubi
969 1522 1244 1569 miscentem
1290 1523 1425 1582 Zonye
1469 1522 1630 1570 media
1673 1523 1873 1583 aymina

179 1595 302 1642 vidit
339 1609 648 1656 purpureum
685 1595 861 1655 pinnis
900 1598 943 1643 et
970 1599 1148 1654 pactae
1196 1596 1412 1656 coniuyis
1451 1599 1599 1652 estre,
1646 1597 1873 1656 inpastus

180 1669 375 1718 stabula
413 1669 516 1717 alta
555 1670 624 1717 leo
663 1683 748 1717 ceu
784 1683 928 1728 saepe
955 1683 1236 1730 perayrans
1267 1670 1462 1730 (suadet
1492 1670 1620 1718 enim
1655 1684 1875 1718 vaesana

80 1751 163 1792 725
179 1743 375 1804 fames),
415 1745 460 1791 si
504 1745 628 1803 forte
663 1744 887 1804 fuyacem
926 1745 1168 1803 conspexit
1213 1758 1440 1804 capream
1479 1747 1566 1792 aut
1602 1747 1873 1805 suryentem
1905 1758 1948 1790 20

179 1818 233 1864 in
273 1832 457 1865 cornua
496 1832 708 1874 cervum,
745 1817 924 1878 ⁸qaudet
967 1817 1112 1865 hians
1157 1818 1356 1866 inmane
1402 1832 1653 1878 comasque
1692 1818 1876 1866 arrexit

182 1894 223 1938 et
260 1891 423 1939 haeret
467 1893 733 1940 visceribus
779 1906 927 1951 super
971 1892 1273 1948 incumbens,
1323 1892 1443 1940 lavit
1478 1893 1687 1952 inproba
1726 1895 1873 1940 taeter

180 1979 269 2013 ora
323 1979 487 2013 cruor:
548 1966 618 2013 sic
648 1966 770 2013 ,ruit
820 1966 873 2013 in
935 1965 1108 2013 densos
1161 1965 1324 2014 alacer
1375 1967 1650 2014 Mezentius
1702 1966 1873 2014 hostis:

182 2038 333 2086 etiam
371 2039 639 2101 parabolae
677 2042 882 2102 propter
919 2041 1154 2088 ornatum
1193 2039 1424 2088 dictionis
1471 2041 1872 2103 interponuntur,

180 2129 242 2160 ne
273 2113 525 2162 horrescat
555 2115 742 2175 totum,
782 2114 825 2162 si
855 2113 1057 2161 nomina
1090 2114 1196 2161 sola
1226 2114 1511 2178 iungantur.
1574 2129 1684 2162 cum
1714 2115 1873 2177 igitur
1904 2126 1946 2160 25

184 2186 392 2235 Graium
429 2188 582 2235 istum
613 2187 760 2250 longe
793 2186 1125 2250 conspexisset
1154 2187 1423 2236 Mezentius
1456 2182 1634 2254 (adicit
1672 2203 1869 2236 causam

183 2277 308 2323 quae
354 2261 539 2309 fecerat
584 2263 644 2308 ut
687 2262 884 2324 longius
932 2263 1216 2324 appareret:
1262 2262 1462 2323 habuit,
1507 2260 1695 2325 inquit,
1755 2278 1870 2323 pur-

181 2350 360 2398 pureas
410 2335 587 2398 pinnas
639 2337 689 2382 et
737 2337 905 2384 uxoris
955 2338 1092 2384 veste
1141 2336 1440 2399 perindeque
1490 2337 1704 2384 feminea
1758 2351 1869 2383 con-

182 2409 381 2471 spicuus
435 2410 556 2470 fuit,
618 2408 853 2471 quoniam
905 2409 958 2456 in
1010 2409 1197 2458 talibus
1250 2410 1430 2458 inertia
1489 2410 1658 2472 potius
1710 2419 1869 2470 'quam

181 2485 339 2532 virtus
374 2477 700 2550 ostenditur),
741 2499 855 2531 mox
886 2484 939 2530 in
972 2500 1082 2531 eum
1121 2484 1278 2531 inruit
1316 2484 1586 2532 Mezentius
1629 2483 1869 2531 aviditate
1903 2497 1945 2528 30

302 2599 326 2637 3
359 2596 571 2639 scelerum
595 2594 636 2638 V
665 2594 793 2648 facta
823 2608 925 2638 cum
956 2595 1027 2638 ed.
1077 2595 1080 2644 Ι
1130 2596 1249 2639 iusto
1286 2595 1438 2639 dolore
1476 2595 1547 2638 ed.
1668 2601 1695 2637 4
1734 2608 1870 2651 anye-

183 2655 260 2698 bat
297 2653 338 2696 V
385 2655 580 2711 ayebant
624 2654 695 2698 ed.
841 2657 896 2696 10
942 2655 1150 2711 corynthi
1188 2653 1241 2697 V.
1389 2658 1442 2697 13
1489 2654 1752 2709 deturpetur
1798 2654 1868 2697 ed.

186 2718 240 2756 14
263 2718 534 2768 conparetur
566 2713 680 2756 edF.
729 2712 731 2769 l
776 2713 958 2768 quando
982 2712 1023 2756 V
1048 2713 1118 2757 ed.
1243 2718 1297 2757 15
1327 2726 1484 2770 yrecus
1514 2714 1555 2756 si
1577 2712 1618 2755 V
1652 2726 1764 2755 corr.
1798 2713 1868 2757 ed.

184 2777 239 2815 16
267 2773 458 2827 plusque
482 2772 523 2815 V
550 2773 780 2829 mayisque
803 2771 875 2815 ed.
961 2777 1014 2814 17
1047 2773 1132 2816 tibi
1162 2786 1246 2828 pro
1278 2773 1359 2816 ubi
1380 2771 1434 2815 V.
1522 2775 1575 2814 18
1599 2772 1754 2827 pictae
1778 2771 1831 2814 V.
1863 2774 1867 2819 !

183 2836 338 2875 austro
361 2830 416 2874 V.
523 2836 579 2875 20
610 2836 662 2875 ut
691 2844 774 2886 pro
807 2835 890 2874 aut
912 2830 965 2874 V.
1074 2836 1127 2874 21
1162 2845 1311 2876 comas
1342 2831 1411 2874 ed.
1518 2835 1573 2873 22
1606 2831 1870 2874 accumbens

184 2890 254 2933 ed.
348 2893 403 2932 23
436 2890 588 2934 alacer
610 2889 652 2932 V
684 2904 785 2934 acer
816 2889 887 2933 ed.
984 2894 1039 2933 26
1070 2892 1227 2946 yaium
1250 2889 1292 2933 V
1319 2889 1512 2933 Graium
1535 2903 1619 2932 nos
1645 2889 1869 2933 Graecum

185 2949 254 2991 ed.
304 2949 307 3004 l
359 2949 507 3005 adiyit
539 2949 581 2992 V
623 2949 766 2993 adicit
807 2962 890 2992 nos
933 2949 1116 2993 addidit
1157 2949 1227 2992 ed.
1359 2952 1412 2991 29
1445 2962 1612 2992 cum—
1634 2952 1688 2991 30
1724 2953 1869 2992 osten-

184 3008 321 3051 datur
353 3007 424 3050 ed.
