2050 3226
240 156 343 209 176
708 154 942 199 DONATI
969 154 1250 199 INTERPR.
1276 154 1457 199 VERG.

234 294 433 356 luptati.
495 295 555 341 ut
590 293 886 343 instantiam
915 294 1132 343 Vulcani
1168 294 1222 342 in
1260 310 1511 344 armorum
1543 295 1925 360 praeparatione

234 369 384 429 poeta
423 367 741 431 describeret,
780 369 1073 431 conparavit
1110 369 1156 417 ei
1193 369 1430 417 feminam
1466 385 1758 432 pauperem,
1798 386 1926 432 quae

233 458 333 490 non
381 443 582 491 tantum
631 442 895 491 alimoniae
945 458 1062 491 suae
1113 458 1287 491 verum
1331 444 1484 491 etiam
1521 445 1753 492 natorum
1792 445 1926 493 solli-

235 515 455 564 citudine
504 518 797 580 tangeretur
845 519 895 565 et
944 516 1228 565 castitatem
1276 518 1500 566 maritali
1549 520 1659 567 toro
1707 518 1928 567 debitam

195 651 200 655 .
235 592 443 653 cuperet
481 590 744 639 custodire.
829 591 946 638 huic
992 591 1207 639 famulas
1255 591 1413 652 dedit,
1453 607 1578 654 quas
1618 608 1708 640 nos
1747 607 1925 643 manus
1980 607 2001 640 5

235 663 468 712 debemus
492 665 714 727 accipere
739 681 867 727 quae
891 665 1186 712 ancillarum
1215 666 1321 714 vice
1352 665 1669 715 laborabant:
1710 668 1928 715 ceterum

233 737 362 786 unde
401 739 480 786 illi
519 739 814 787 ancillarum
852 739 1135 787 substantia
1173 739 1286 800 fuit,
1326 756 1440 788 cum
1475 740 1639 802 ipsam
1678 741 1928 789 describat

162 838 166 842 ⁴
231 811 507 874 inpositum
560 812 772 861 cinerem
825 815 875 860 et
928 813 1116 876 sopitos
1171 814 1301 877 ignis
1353 815 1594 862 suscitare
1645 831 1807 878 neque
1863 814 1927 863 ad

232 886 507 947 lucernam,
558 887 645 936 sed
695 887 759 936 ad
804 888 972 936 lumen
1020 887 1250 936 suscitati
1286 887 1418 952 ignis
1459 887 1688 952 operari?
1773 888 1928 937 adicit

232 960 356 1008 facti
390 961 548 1023 ipsius
589 977 813 1023 causam,
851 963 905 1009 in
944 978 1043 1024 qua
1088 978 1207 1010 vera
1243 962 1504 1025 pauperies
1545 963 1927 1025 demonstratur,
1958 979 2000 1010 10

234 1035 424 1083 castum
464 1037 524 1083 ut
563 1050 759 1084 servare
791 1035 950 1084 cubile
983 1035 1207 1100 coniugis
1240 1038 1290 1084 et
1319 1036 1481 1099 possit
1509 1052 1690 1099 parvos
1722 1037 1926 1086 educere

232 1110 399 1157 natos:
444 1109 624 1158 melius
671 1110 957 1159 existimans
1004 1109 1222 1159 lanificio
1271 1111 1321 1157 et
1365 1111 1534 1159 labore
1580 1112 1792 1172 victum,
1841 1112 1927 1173 qui

230 1198 331 1230 non
370 1185 477 1231 erat
514 1183 682 1232 liberis
722 1184 967 1247 parvulis,
1001 1200 1153 1246 quam
1185 1187 1422 1247 corrupta
1452 1187 1502 1233 et
1532 1185 1723 1234 violata
1752 1185 1924 1233 matri-

230 1257 387 1304 monii
438 1257 534 1305 fide
588 1259 890 1320 conquirere.
990 1274 1099 1307 ecce
1162 1261 1407 1321 quantum
1469 1260 1665 1308 animus
1727 1261 1926 1321 amoris,

233 1333 475 1393 quantum
527 1332 724 1394 proficit
777 1332 1044 1380 artificium
1089 1332 1319 1381 Veneris:
1374 1334 1621 1382 excitatur
1668 1333 1924 1382 Vulcanus
1957 1348 1998 1381 15

230 1404 391 1453 noctis
439 1405 624 1467 medio,
680 1406 979 1470 relinquitur
1027 1407 1235 1470 pulchra
1284 1423 1409 1455 uxor
1454 1410 1504 1455 et
1547 1408 1754 1470 blanda,
1806 1407 1924 1456 talis

231 1478 445 1527 feminae
496 1479 793 1528 deseruntur
847 1482 1123 1543 amplexus,
1177 1482 1504 1545 praeponitur
1559 1481 1717 1544 quieti
1768 1482 1924 1544 labor,

232 1554 368 1601 caelo
423 1554 659 1615 spelunca
713 1557 764 1602 et
817 1557 973 1602 strato
1027 1555 1169 1602 molli
1220 1557 1503 1618 contempto
1555 1555 1749 1605 fabrilis
1801 1556 1924 1604 artis

232 1626 499 1675 difficultas
540 1628 756 1692 eligitur.
832 1630 925 1677 hoc
962 1629 1094 1677 enim
1133 1628 1482 1678 desiderabant
1518 1631 1646 1678 ratio
1685 1630 1923 1693 temporis

232 1703 282 1749 et
330 1717 506 1765 graves
558 1704 722 1751 aestus
774 1703 961 1764 uxoris,
1006 1705 1064 1751 ut
1114 1703 1344 1751 submota
1390 1704 1523 1752 omni
1562 1705 1777 1767 segnitia
1814 1720 1922 1766 per·
1955 1719 1998 1751 20

231 1775 372 1823 fectis
420 1778 662 1838 oportune
711 1778 859 1825 armis
915 1777 1106 1840 gratior
1150 1778 1334 1825 rediret
1380 1777 1444 1825 ad
1490 1779 1764 1842 coniugem.
1843 1779 1922 1826 de-

231 1850 466 1897 scribitur
502 1850 639 1898 locus
684 1851 738 1898 in
786 1867 882 1913 quo
922 1851 1138 1899 Vulcani
1176 1852 1344 1900 fuerat
1386 1852 1604 1900 officina:
1642 1853 1811 1901 insula
1847 1852 1923 1900 Si-

231 1924 428 1970 canium
464 1924 604 1972 iuxta
643 1925 771 1973 latus
800 1923 1116 1984 Aeoliamque
1154 1926 1354 1986 eriyitur
1391 1926 1580 1986 Lipare
1615 1927 1923 1986 fumantibus

232 1997 394 2045 ardua
423 1999 578 2054 saxis,
613 2014 759 2059 quam
789 2003 954 2059 supter
983 2013 1153 2058 specus
1185 2003 1228 2046 et
1253 1998 1513 2060 Cyclopum
1543 2015 1685 2048 exesa
1717 2002 1923 2048 caminis

127 2080 213 2120 420
232 2074 378 2119 antra
415 2070 638 2120 Aetnaea
655 2087 657 2089 ·
675 2075 845 2120 tonant
881 2073 1126 2132 validique
1172 2074 1432 2122 incudibus
1476 2075 1600 2122 ictus
1647 2075 1805 2122 auditi
1847 2089 1921 2122 re·
1952 2086 1994 2120 25

228 2146 394 2204 ferunt
426 2146 656 2205 yemituin
693 2147 994 2206 striduntque
1033 2149 1254 2196 cavernis
1284 2149 1539 2196 stricturae
1572 2147 1842 2209 Clialybwm
1881 2152 1925 2196 et

228 2220 513 2278 fornacibus
562 2220 690 2280 iynis
737 2221 952 2277 anhelat,
1003 2221 1211 2270 Vulcani
1257 2223 1428 2270 domus
1467 2225 1511 2270 et
1557 2222 1799 2270 Vulcania
1837 2237 1920 2270 no-

230 2293 358 2340 ¹mine
396 2293 547 2340 tellus.
605 2294 727 2355 quid
767 2294 825 2341 de
865 2295 959 2343 tali
996 2296 1103 2344 loco
1145 2296 1273 2344 exire
1311 2295 1478 2358 potuit
1507 2296 1586 2344 vel
1618 2311 1793 2343 sonare
1825 2296 1921 2344 nisi

230 2367 418 2428 fumus,
457 2366 587 2431 ignis
628 2370 678 2416 et
716 2368 930 2431 gemitus
971 2370 1304 2433 strepitusque
1341 2369 1660 2418 tundentium
1698 2369 1916 2417 ferrum?

230 2440 432 2504 Lipare,
482 2441 670 2504 inquit,
719 2442 886 2491 insula
932 2443 1029 2491 fuit
1077 2444 1218 2492 iuxta
1267 2443 1379 2492 finis
1432 2443 1652 2505 Siciliae,
1702 2444 1794 2507 hoc
1845 2446 1920 2492 est
1950 2455 1992 2487 30

350 2617 372 2655 1
413 2614 465 2657 in
504 2627 591 2657 om.
625 2613 696 2657 ed.
819 2618 844 2657 5
877 2620 1003 2659 nocte
1032 2615 1274 2672 viyilantes
1303 2627 1418 2671 quae
1455 2628 1538 2669 pro
1575 2628 1757 2670 quas—
1777 2619 1801 2658 6
1825 2616 1919 2659 vice

230 2671 474 2715 substituit
512 2672 584 2717 ed.
707 2678 732 2716 6
771 2678 1028 2717 ceterum—
1050 2678 1075 2716 9
1109 2675 1291 2730 operari
1321 2687 1408 2717 om.
1438 2673 1531 2717 ed.:
1572 2674 1632 2716 ad
1670 2675 1918 2729 inpositum

230 2732 422 2775 cinerem
461 2731 517 2775 cf.
557 2730 680 2776 Serv.
716 2733 763 2775 et
799 2731 920 2776 Serv.
956 2731 1069 2776 Dan.
1201 2738 1253 2776 11
1291 2737 1439 2788 posset
1467 2733 1522 2775 ut
1552 2732 1602 2775 in
1632 2732 1852 2776 lemmate
1876 2732 1919 2775 V

231 2804 344 2833 corr.
379 2790 448 2833 ed.
550 2795 604 2835 16
638 2791 809 2835 blanda
832 2791 874 2834 V
906 2792 1066 2836 blandi
1096 2792 1166 2835 ed.
1269 2795 1323 2835 18
1353 2792 1616 2848 speluncam
1638 2791 1681 2835 V
1705 2805 1818 2834 corr.
1845 2792 1915 2837 ed.

233 2853 286 2891 19
319 2850 498 2894 elicitur
520 2849 562 2893 V
587 2863 700 2894 corr.
727 2850 797 2893 ed.
902 2854 957 2893 20
988 2852 1175 2908 seqnitie
1207 2850 1278 2895 ed.
1379 2855 1434 2894 23
1468 2851 1611 2906 lipare
1634 2850 1675 2894 V
1705 2849 1918 2894 firmatur

230 2908 614 2964 interpretatione
645 2909 854 2965 Liparen
885 2909 955 2953 ed.
1080 2915 1134 2954 25
1174 2910 1404 2955 inentibus
1434 2908 1489 2955 V,
1612 2914 1667 2953 26
1705 2911 1917 2966 qemitum

233 2969 279 3009 et
310 2967 432 3010 infra
455 2967 497 3011 V
527 2970 718 3025 qemitus
749 2968 916 3024 optimi
947 2968 1085 3026 Verg.
1119 2968 1241 3013 libri.
