2050 3226
209 182 316 235 542
681 180 915 226 DONATI
944 180 1011 225 IN
1013 180 1226 225 TERPR.
1251 180 1431 226 VERG.

207 322 260 368 in
293 321 455 369 aliena
485 335 656 382 causa,
693 320 812 368 dum
843 320 1063 368 obtinere
1086 320 1288 382 nititur,
1319 320 1549 371 cecidisse
1579 321 1903 384 probabatur,

210 410 307 457 quo
331 394 492 459 magis
518 395 682 443 decuit
711 396 832 443 istas
863 397 1135 457 utcumque
1166 396 1356 443 certare
1386 410 1477 457 pro
1507 395 1675 459 patria
1705 397 1757 444 et
1787 397 1902 444 ante

209 470 342 532 ipsas
379 470 533 517 turris
572 468 871 517 occumbere.

326 542 524 591 Interea
572 543 797 590 Turnum
840 543 896 590 in
940 542 1079 590 silvis
1123 543 1439 591 saevissimas
1483 543 1636 604 inplet
1677 543 1904 592 nuntias:

208 617 397 679 inplere
430 619 506 665 est
537 616 600 664 ad
630 617 835 678 plenum
865 615 1057 680 aliquid
1087 617 1335 665 intimare.
1397 620 1441 664 et
1467 618 1634 665 iuveni
1666 618 1905 678 inqentem

208 692 303 751 fert
347 690 482 739 Acca
531 690 812 738 tamaltwm:
860 691 1134 739 tumultum
1181 691 1499 754 interpretati
1548 694 1667 740 sunt
1714 693 1905 740 veteres

148 808 153 811 .
208 765 435 813 timorem
473 765 688 812 multum
726 779 844 814 esse.
907 763 1038 813 unde
1075 781 1176 814 non
1212 767 1413 813 tantum
1451 764 1516 813 ad
1554 764 1780 813 Turnum
1818 765 1905 814 ad-

209 855 352 887 versa
381 841 711 900 pervenerant
739 855 914 888 verum
945 840 1098 887 etiam
1129 839 1232 887 alia
1263 855 1391 902 quae
1430 839 1509 887 illi
1549 840 1731 887 molem
1767 855 1904 904 mag-

210 930 323 960 nam
351 914 558 961 maximi
586 913 782 963 timoris
813 913 1077 962 adferrent.
1132 913 1254 976 quid
1278 913 1476 962 dicebat
1497 912 1631 963 Acca
1653 914 1734 963 vel
1758 929 1908 976 quem

209 988 454 1035 malorum
493 987 718 1035 ordinem
755 986 942 1036 dabat?
1003 987 1183 1035 deletas
1216 987 1497 1036 Volscorwm
1527 988 1679 1036 acies:
1715 986 1824 1036 ibat
1852 989 1907 1036 in

209 1061 456 1124 pluralem
488 1062 706 1110 acierum
743 1078 1022 1123 numerum,
1060 1063 1120 1109 ut
1149 1062 1307 1110 omnis
1339 1061 1546 1110 Volscos
1575 1062 1796 1111 firmaret
1827 1078 1906 1110 ex-

209 1137 405 1184 tinctos,
481 1135 562 1183 hic
601 1138 711 1183 erat
758 1152 901 1185 verus
939 1136 1212 1198 tumultus,
1264 1137 1352 1198 qui
1397 1136 1502 1184 sine
1540 1136 1763 1185 falsitate
1803 1151 1907 1185 esse

209 1225 309 1258 non
346 1211 566 1272 poterat3
609 1225 708 1257 non
747 1211 880 1258 enim
917 1226 1091 1259 revera
1129 1210 1288 1259 omnis
1325 1209 1532 1259 Volscos
1572 1209 1907 1259 dimicationis

211 1283 445 1333 adversus
484 1286 689 1333 eventus
729 1284 1086 1347 absumpserat.
1145 1285 1370 1333 cecidisse
1403 1283 1689 1333 Camillam:
1727 1284 1798 1334 sic
1836 1300 1908 1333 se-

211 1357 369 1406 cundo
414 1358 522 1407 loco
571 1374 741 1407 casum
788 1358 1027 1407 Camillae
1074 1359 1265 1422 posuit,
1314 1359 1459 1421 quasi
1509 1360 1757 1422 oppressis
1804 1359 1907 1408 illis

210 1434 435 1497 integrae
473 1447 550 1480 res
582 1447 688 1480 esse
726 1434 1029 1494 potuissent,
1069 1434 1113 1481 si
1146 1431 1359 1482 Camilla
1395 1433 1614 1482 vixisset.
1673 1432 1909 1496 erigenda

210 1506 549 1568 pronuntiatio
590 1508 666 1555 est
702 1506 756 1555 in
798 1506 1037 1555 Camillae
1075 1507 1297 1569 nomine3
1334 1507 1440 1555 illic
1479 1510 1555 1556 est
1586 1508 1716 1555 enim
1748 1507 1910 1555 maior

211 1580 369 1628 Turni
392 1580 693 1643 desperatio,
723 1582 856 1643 quod
881 1580 1119 1630 Camillae
1144 1581 1386 1629 auxilium
1407 1581 1639 1644 perdidit.
1685 1583 1909 1642 inyruere

110 1658 194 1697 900
210 1656 428 1715 infensos
458 1656 607 1703 hostis
639 1659 683 1703 et
710 1656 878 1704 Marte
908 1656 1116 1703 secando
1147 1656 1313 1704 omnia
1345 1655 1660 1715 corripuisse:
1695 1655 1910 1704 addebat

211 1729 450 1777 inminere
498 1730 656 1778 hostis
707 1732 757 1778 et
807 1729 1110 1779 successibus
1159 1731 1411 1793 prosperis
1462 1729 1629 1777 omnia
1677 1730 1908 1778 tenuisse.

210 1807 387 1851 metwm
424 1804 528 1851 iam
566 1804 633 1852 ad
676 1805 870 1852 moenia
905 1805 1049 1863 ferri,
1100 1804 1244 1851 illum
1294 1804 1486 1852 seilicet
1533 1806 1723 1852 metum
1761 1819 1910 1866 quem

212 1878 398 1925 fecerat
434 1878 593 1926 hostis
632 1878 875 1927 adventus
907 1879 1010 1926 iam
1039 1879 1280 1926 inminere
1312 1877 1519 1926 civitati.
1573 1878 1704 1925 unde
1736 1893 1910 1926 revera

212 1952 444 1999 firmabat
479 1954 675 2000 retenta
704 1953 807 2001 iam
845 1955 1029 2014 cetera,
1069 1953 1267 2014 quando
1307 1953 1414 2000 sola
1451 1952 1702 2000 moenium
1740 1968 1908 2014 super·

213 2028 320 2073 erat
350 2025 537 2088 captio,
581 2027 722 2075 cuius
761 2041 931 2075 casum
969 2026 1123 2074 talem
1154 2026 1269 2074 inde
1299 2026 1460 2090 magis
1491 2028 1709 2074 metuere
1737 2025 1911 2074 debuit

214 2100 431 2161 Turnus,
483 2100 604 2161 quia
649 2101 783 2149 intra
830 2117 939 2148 eam
984 2099 1197 2149 Lavinia
1242 2101 1353 2148 fuit.
1429 2101 1708 2149 necessario
1760 2099 1908 2149 verbo

213 2189 306 2222 usa
345 2176 420 2221 est
458 2175 597 2235 ferri3
650 2174 982 2237 inpellebatur
1031 2174 1161 2222 enim
1199 2174 1529 2238 prosperitate
1568 2189 1820 2223 successus
1861 2175 1910 2221 et

214 2263 313 2295 non
350 2247 458 2295 ibat
494 2247 751 2296 hominum
788 2265 946 2310 more,
990 2249 1076 2297 sed
1113 2249 1367 2297 serebatur
1395 2249 1624 2296 fortunae
1656 2247 1909 2311 suffragio.

213 2323 294 2369 ille
331 2324 503 2381 furens
542 2322 608 2381 (et
643 2337 791 2370 saeva
828 2323 965 2370 Iovis
1002 2324 1073 2371 sic
1109 2324 1319 2371 numina
1350 2323 1580 2383 poscant)
1620 2322 1795 2370 deserit
1830 2322 1909 2369 ob-

214 2410 370 2443 sessos
415 2396 568 2451 collis,
616 2410 815 2444 nemora
862 2411 1039 2456 aspera
1079 2397 1275 2456 linquit:
1323 2396 1408 2444 ille
1447 2397 1540 2444 hoc
1586 2398 1661 2445 est
1698 2396 1908 2456 TurnuS,

215 2471 294 2518 vel
334 2470 450 2532 quia
489 2469 708 2518 adversis
749 2471 959 2534 cognitis
999 2471 1196 2519 furebat
1234 2471 1313 2519 vel
1346 2471 1466 2533 quia
1502 2470 1711 2519 consilia
1743 2469 1909 2518 omnia

217 2545 267 2591 et
321 2546 569 2592 tractatus
626 2543 766 2592 utilis
824 2545 1006 2592 infesto
1056 2544 1174 2594 Iove
1223 2544 1529 2607 perdiderat,
1586 2544 1725 2593 collis
1785 2559 1908 2606 quos

339 2704 360 2742 1
393 2702 564 2744 nitetur
587 2699 629 2742 V
657 2701 877 2744 niteretm*
908 2700 979 2744 ed.
1043 2701 1046 2759 Ι
1077 2702 1302 2756 probatur
1341 2701 1412 2745 ed.
1535 2706 1561 2744 5
1600 2702 1818 2744 intemare
1855 2702 1910 2744 ut

220 2763 303 2802 822
328 2758 370 2801 V
400 2760 623 2803 intumere
655 2759 725 2803 ed.
848 2763 874 2802 8
898 2766 1206 2815 provenerant
1237 2760 1307 2804 ed.
1431 2764 1486 2803 10
1518 2761 1604 2804 ibit
1626 2759 1667 2802 V
1698 2759 1796 2802 ibat
1826 2773 1909 2803 nos

218 2818 338 2862 dixit
369 2818 439 2861 ed.
563 2824 616 2861 11
650 2819 832 2874 plurali
862 2818 934 2863 ed.
979 2819 983 2875 1
1030 2820 1286 2873 affirmaret
1323 2819 1393 2862 ed.
1519 2823 1573 2862 14
1604 2824 1912 2873 assumpserat

220 2876 290 2920 ed.
416 2881 468 2920 19
511 2878 715 2930 infensos
757 2890 813 2920 ex
853 2877 1041 2932 infestos
1078 2880 1132 2921 ut
1169 2878 1354 2922 videtur
1394 2891 1507 2922 corr.
1541 2876 1581 2918 V
1619 2877 1806 2931 infestos
1837 2877 1909 2921 ed.

222 2940 275 2978 23
309 2937 574 2990 affirmabat
605 2936 676 2980 ed.
714 2936 718 2994 Ι
754 2942 989 2992 superaret
1020 2936 1090 2979 ed.
1194 2942 1248 2980 27
1282 2951 1375 2981 non
1406 2938 1502 2981 ibat
1524 2935 1566 2980 V
1595 2949 1691 2980 ‘non
1722 2949 1809 2979 om.
1837 2936 1908 2980 ed.

226 2998 281 3038 28
313 3000 354 3039 et
382 3009 517 3039 saeva
541 2994 583 3038 V
614 3010 721 3039 nam
752 3009 786 3039 s.
821 2995 892 3040 ed.

1939 1001 1981 1034 10

1941 1372 1982 1406 1⁵

1940 1748 1983 1781 20

1941 2116 1983 2149 25

1941 2485 1984 2518 30
