2050 3226
769 167 1076 221 Annnmos
1100 175 1187 221 vn
1752 179 1823 233 37

131 316 410 366 molestiam
450 319 580 381 pati,
627 317 820 366 nullum
863 315 1058 365 onerari
1101 316 1387 379 praesentia
1433 318 1706 380 peregrini,
1750 319 1827 366 uti

132 408 276 454 aura,
323 407 477 455 quam
514 391 741 441 omnibus
779 389 1035 455 praestitit
1069 406 1236 438 rerum
1272 392 1456 439 natura
1502 406 1827 454 communem,

130 470 182 515 et
217 466 397 514 habere
435 482 598 530 aquae
635 464 864 529 perennis
903 465 1122 527 copiam,
1162 481 1289 528 quae
1327 465 1486 513 nescit
1515 465 1827 527 detrimenta,

131 555 244 589 cum
280 539 477 589 tollitur
515 541 574 588 de
614 541 729 589 sinu
765 538 920 588 fontis
959 540 1048 587 aut
1078 539 1138 586 de
1171 554 1318 587 cursu
1348 539 1568 588 fluminis
1598 539 1827 603 rapitur?

79 628 99 660 6
130 629 228 663 non
278 615 459 663 erimus
503 629 650 676 reyno
694 614 966 662 indecores:
1018 613 1286 675 superbum
1335 616 1386 662 et
1439 629 1679 677 arrogans
1731 614 1830 662 fuit

131 689 291 737 dicere
341 688 540 737 ornabit
586 691 638 737 te
687 688 899 737 societas
941 690 1135 749 nostra,
1189 688 1491 750 temperavit
1544 688 1733 736 dictum
1780 691 1829 737 et

131 764 205 811 ait
246 778 347 811 non
385 764 513 811 tales
544 778 737 824 sumuS,
775 764 834 810 ut
863 761 1051 825 pudeat
1079 763 1130 810 te
1161 762 1216 809 in
1247 761 1523 810 amicitiam
1554 762 1827 825 suscepisse

130 837 386 887 Troianos.
460 851 548 885 nec
598 840 761 885 vestra
813 837 996 896 feretur
1047 838 1189 897 fama
1242 836 1385 884 levis:
1445 851 1535 885 nec
1583 853 1675 900 pro
1728 837 1829 886 levi

130 911 353 960 ducimus
385 911 624 974 quicquid
652 912 707 959 in
729 910 980 973 praesenti
1008 911 1331 972 praestiteris.
1385 911 1567 959 tantive
1598 911 1830 959 abolescet

55 999 99 1032 10
125 987 291 1047 qratia
346 987 467 1046 faeti
483 1003 499 1033 .·
556 987 644 1034 aut
699 985 987 1033 istiusmodi
1051 985 1243 1033 factum
1305 985 1479 1047 aliqua
1533 1001 1591 1032 ex
1645 987 1828 1033 nostris

129 1060 352 1109 sensibus
406 1059 632 1124 deterget
684 1058 884 1108 oblivi0.
959 1072 1047 1106 nec
1100 1059 1298 1107 Troiam
1346 1057 1596 1107 Ausonios
1645 1061 1827 1120 yremio

129 1135 367 1195 excepisse
397 1135 604 1195 piyebit:
646 1133 1037 1197 gratulabuntur
1074 1131 1289 1180 Ausonii
1321 1149 1412 1182 nos
1453 1133 1547 1181 sibi
1579 1134 1829 1182 amicitiae

128 1208 410 1257 foederibus
461 1223 565 1258 esse
615 1209 917 1256 coniunctos.
993 1207 1087 1256 hoc
1137 1223 1314 1271 genere
1365 1207 1670 1257 commodius
1721 1208 1828 1256 fore

129 1282 428 1346 generaliter
476 1281 710 1346 spondet3
761 1281 1046 1344 specialitas
1096 1283 1250 1343 enim,
1301 1282 1345 1330 si
1390 1281 1618 1330 definiret
1670 1282 1830 1331 futuri

56 1368 97 1401 15
127 1358 367 1419 temporis
399 1372 560 1419 spem,
589 1356 729 1404 fieret
757 1357 936 1416 levior,
974 1355 1028 1403 in
1058 1355 1255 1404 infinito
1287 1371 1404 1404 vero
1436 1357 1679 1419 promisso
1712 1357 1828 1420 plus

129 1431 344 1480 sentitur
374 1447 528 1494 quam
557 1433 726 1493 potest
756 1430 990 1478 exhiberi.
1058 1433 1174 1494 post
1210 1431 1373 1478 multa
1406 1447 1532 1494 quae
1564 1431 1830 1479 suadenter

127 1507 322 1554 locutus
377 1508 452 1554 est
505 1505 709 1554 adhibet
759 1504 1108 1554 iusiurandum
1170 1520 1282 1552 cum
1341 1505 1490 1553 laude
1541 1504 1673 1569 regis
1728 1505 1827 1554 sui:

126 1581 250 1639 fata,
281 1579 462 1641 inquit,
491 1594 580 1639 per
602 1577 798 1627 Aeneae
827 1580 937 1627 iuro
962 1579 1274 1638 deoetramque
1298 1582 1559 1639 potentem,
1600 1580 1702 1627 sive
1730 1580 1828 1639 fide
1844 1589 1931 1628 235

6 1698 18 1801 ξ
53 1739 98 1771 20
126 1654 1223 1792 {ztnffi‘fiussilssefzfflssigssssfflffa
1249 1652 1828 1776 ssffissssssiasszssqffrzffi

6 1814 21 1874 ζ
127 1802 340 1851 foederis
379 1803 546 1851 fuerat
582 1803 875 1851 necessaria.
945 1817 1054 1850 ecce
1087 1801 1229 1849 addit
1260 1801 1418 1863 aliud,
1459 1818 1557 1865 quo
1596 1803 1828 1851 ostendat

12 1870 17 1883 ⁴
129 1875 428 1925 concedendi
475 1876 823 1926 necessitatem
873 1878 923 1924 et
970 1877 1206 1924 meritum
1255 1875 1533 1939 petentium
1584 1877 1826 1925 cumulet:

127 1951 292 2007 malti,
338 1950 527 2013 inquit,
575 1965 665 1999 nos
705 1951 900 2011 populi,
945 1951 1128 1999 multae
1175 1946 1260 2014 (ne
1307 1954 1481 2007 temne,
1534 1951 1662 2010 qaod
1698 1952 1825 1998 altro

119 2026 454 2085 praeferimus
498 2025 728 2073 manibus
772 2026 918 2073 vittas
965 2039 1023 2072 ac
1059 2026 1209 2072 verba
1239 2024 1522 2085 precantia)
1573 2028 1616 2072 et
1645 2026 1827 2085 petiere

54 2107 98 2141 8⁶
128 2100 223 2148 sibi
261 2102 305 2147 et
339 2099 531 2147 voluere
569 2099 833 2159 adiumqere
874 2102 1065 2159 yentes:
1109 2099 1258 2147 multi
1302 2098 1479 2162 populi
1522 2104 1827 2163 rogaverunt

128 2174 351 2222 volentes
397 2172 492 2221 sibi
538 2172 744 2237 adiungi
793 2172 1080 2222 societatem
1129 2175 1373 2221 nostram:
1427 2189 1516 2222 nec
1564 2172 1691 2221 dixit
1737 2174 1826 2236 qui

128 2263 218 2296 nec
264 2247 392 2295 dixit
441 2247 640 2308 quanti,
689 2249 748 2295 ut
797 2246 930 2309 quod
969 2246 1230 2295 adserebat
1268 2247 1539 2297 extolleret.
1613 2248 1824 2295 multae:

127 2321 209 2369 hic
261 2320 607 2384 suspendenda
658 2322 1004 2384 pronuntiatio
1067 2324 1165 2382 est,
1227 2322 1463 2383 quoniam
1523 2321 1826 2384 interposuit

127 2411 233 2444 rem
293 2395 643 2457 necessariam;
713 2397 764 2443 et
821 2411 882 2443 ne
933 2397 1242 2456 contemnas,
1310 2395 1499 2458 inquit,
1559 2410 1824 2458 personam

56 2476 99 2510 ⁸⁰
129 2470 431 2532 supplicum,
482 2470 602 2532 quia
650 2469 783 2517 ultro
829 2468 1055 2518 venimus
1093 2484 1260 2532 preces
1299 2469 1394 2517 tibi
1439 2469 1724 2517 fundentes:
1774 2472 1825 2516 et

127 2545 432 2607 rogaverunt
476 2558 565 2591 nos
611 2543 799 2591 multae
847 2547 1018 2607 gentes
1066 2547 1116 2591 et
1160 2543 1427 2591 voluerunt
1463 2544 1610 2591 multi
1648 2543 1824 2606 populi

249 2703 274 2742 1
307 2700 491 2743 onerari
521 2697 563 2742 V
596 2711 671 2742 -re
701 2698 773 2743 ed.
874 2702 900 2742 9
932 2699 1150 2743 abolescet
1179 2698 1222 2741 V
1253 2700 1466 2743 abolescit
1495 2698 1566 2741 ed.
1665 2702 1718 2741 17
1750 2699 1826 2742 sai

130 2757 284 2802 diceris
314 2757 483 2801 omisso
533 2761 588 2801 18
619 2758 772 2813 inquit
802 2757 874 2802 ed.
952 2761 1008 2801 20
1038 2758 1249 2812 firmitati
1271 2757 1314 2802 V
1335 2759 1421 2802 -tis
1452 2757 1523 2801 ed.
1603 2761 1656 2799 21
1678 2756 1824 2813 qro

11 2827 34 2865 t
131 2817 250 2872 quod
280 2816 351 2860 ed.
466 2820 523 2859 23
554 2817 688 2861 malti
717 2817 869 2872 inquit
891 2815 933 2859 V
964 2817 1077 2861 dicit
1107 2818 1227 2861 enim
1256 2817 1390 2861 multi
1421 2816 1492 2859 ed.
1604 2819 1660 2859 25
1691 2829 1823 2873 roya-

21 2911 24 2913 .
130 2880 292 2919 verumt
313 2874 357 2918 V
386 2890 423 2920 r.
448 2889 531 2920 rios
561 2875 633 2919 ed.
733 2879 788 2918 27
814 2875 1050 2920 adserebat
1071 2874 1114 2918 V
1144 2877 1361 2930 afferebat
1383 2875 1454 2919 ed.
1492 2877 1496 2931 l
1531 2874 1677 2919 multa
1694 2873 1734 2917 V
1750 2875 1822 2919 ed.

131 2934 299 2978 multae
328 2947 426 2979 nos,
519 2937 574 2977 29
606 2948 688 2978 nec
717 2933 760 2977 V
790 2948 847 2979 rie
878 2934 949 2978 ed.
995 2935 999 2992 Ι
1038 2948 1282 2991 personam
1313 2933 1355 2976 V
1388 2947 1500 2977 -nas
1530 2933 1602 2978 ed.
1695 2937 1752 2977 30
1783 2939 1825 2978 ct

132 2998 406 3048 rogaverwnt
433 2991 476 3035 V
506 3007 544 3036 r.
569 2994 690 3037 enim
721 2992 792 3038 ed.
917 2997 970 3036 31
1004 2994 1243 3038 voluerant
1273 2992 1316 3035 V
1346 3006 1429 3037 nos
1459 2991 1565 3036 add.
1600 2992 1672 3036 ed.
