2050 3226
778 179 1084 225 AnNnmos
1107 179 1194 224 vn
1762 184 1828 236 71

140 322 342 383 pectans
381 320 612 370 hortatus
653 320 838 370 alienos
876 321 989 382 ipsa
1027 319 1124 368 sibi
1153 318 1326 368 extitit
1354 319 1690 381 hortament0‚
1720 322 1833 383 ipsa

139 394 413 458 inpellebat
450 395 516 443 ad
552 395 759 456 bellum,
799 394 932 457 quod
970 395 1046 442 est
1075 394 1251 457 procul
1283 393 1433 443 dubio
1474 393 1744 443 studiosius
1784 397 1834 442 et

138 468 191 516 in
246 468 420 517 officiis
475 470 820 532 praecipuum,
881 468 1140 516 voluntate
1202 468 1364 516 facere
1426 467 1622 531 aliquid
1683 484 1834 531 quam

139 545 367 591 coactum
416 544 467 590 et
518 543 747 593 invitum.
823 542 1059 590 dicuntur
1111 557 1289 591 causae
1344 558 1471 604 quae
1523 542 1834 591 iuventutem

88 629 108 662 ⁶
138 617 298 681 magis
327 617 381 664 in
420 633 559 666 arma
597 618 987 678 commoverant,
1026 617 1154 664 hwnc
1192 616 1336 664 decus
1375 618 1617 677 eyreqiwm
1646 619 1835 676 formae

138 694 293 739 movet
321 694 462 750 atquc
491 693 735 748 iuventae,
775 691 903 739 hwnc
934 691 1069 739 atavi
1098 704 1252 751 re9e8,
1293 691 1421 739 hunc
1459 691 1608 739 claris
1638 691 1835 739 dextera

136 766 305 824 factis:
334 765 677 828 unusquisque
708 781 799 828 pro
830 765 1031 829 ingenio
1055 780 1147 813 suo
1172 764 1373 813 dolebat
1401 765 1640 813 iniuriam
1664 765 1835 826 Turni,

143 839 197 886 in
245 855 342 902 quo
389 839 592 888 fuerunt
629 840 795 888 omnia
834 855 960 902 quae
998 838 1256 902 inprobari
1293 855 1393 887 non
1430 840 1655 902 possent,
1695 840 1832 887 aetas

137 913 355 976 primum
399 915 449 962 et
494 915 714 977 corporis
762 914 923 962 forma
970 915 1020 960 et
1064 912 1217 962 fortia
1263 914 1369 963 eius
1415 914 1574 975 facta,
1619 914 1713 962 hoc
1759 915 1835 962 est

65 1001 107 1033 ιο
136 987 349 1050 probata
378 988 540 1037 virtus
569 989 623 1036 in
651 988 879 1051 plurimis
902 987 1169 1050 triumphis
1194 989 1246 1036 et
1282 987 1469 1052 gloriis.
1522 988 1644 1036 haec
1673 987 1833 1050 ipsius

136 1062 341 1110 fuerunt
377 1063 602 1125 propria,
642 1078 771 1124 quae
803 1062 986 1110 diversi
1022 1061 1337 1110 mirabantur
1367 1064 1418 1110 et
1455 1061 1692 1110 dolebant
1728 1077 1832 1111 esse

137 1138 437 1199 contempta.
477 1152 585 1185 ecee
610 1140 750 1184 extra
779 1138 961 1199 ipsum,
990 1138 1161 1184 tamen
1185 1136 1249 1183 ad
1280 1152 1392 1184 eum
1423 1137 1616 1200 generis
1638 1135 1832 1184 ratione

137 1210 461 1272 pertinentia:
498 1212 644 1272 hunc,
682 1212 865 1272 inquit,
905 1210 1044 1259 atavi
1079 1226 1242 1274 reges:
1283 1211 1372 1273 qui
1409 1210 1608 1274 regibus
1649 1211 1831 1274 gaude—

136 1285 225 1333 bat
268 1287 400 1333 retro
453 1285 726 1333 maioribus
779 1301 880 1333 non
934 1284 1106 1332 debuit
1156 1284 1278 1333 reici
1329 1286 1388 1333 ut
1435 1284 1692 1348 indignus,
1747 1285 1833 1333 sed

65 1369 106 1402 15
137 1360 378 1421 praeponi
415 1359 589 1407 ceteris
631 1361 682 1407 et
719 1358 960 1422 praeferri
999 1360 1048 1406 et
1078 1359 1158 1407 vel
1187 1359 1401 1407 maxime
1433 1359 1476 1407 is
1510 1359 1598 1421 qui
1628 1359 1830 1407 virtutis

138 1449 254 1481 suae
292 1433 512 1495 plurima
551 1433 777 1495 exempla
813 1434 1154 1482 monstrasset.

254 1507 391 1554 Dwm
431 1508 632 1555 Turnus
670 1508 880 1555 Rutulos
919 1508 1100 1556 animis
1140 1507 1412 1556 audacibus
1443 1508 1612 1567 inplet,
1647 1506 1830 1555 Allecto
1849 1515 1934 1554 475

138 1582 188 1628 in
213 1582 423 1629 Teucros
445 1581 624 1642 Styyiis
646 1595 698 1630 se
728 1582 933 1630 concitat
955 1582 1050 1630 alis
1059 1599 1074 1628 .·
1097 1583 1426 1644 posteaquam
1443 1581 1597 1629 Furia
1610 1581 1832 1629 Turnum

136 1656 372 1704 excitavit
408 1655 462 1703 in
499 1656 707 1717 bellum,
747 1658 899 1719 atque
938 1657 1013 1704 ita
1043 1657 1103 1704 ut
1131 1655 1234 1704 iam
1272 1671 1372 1703 non
1403 1657 1562 1717 solus,
1601 1655 1687 1704 sed
1719 1671 1830 1704 oum

62 1740 106 1774 20
136 1730 237 1778 suis
278 1729 581 1779 desideraret
619 1730 771 1792 exire,
808 1731 1018 1792 reliquit
1045 1729 1226 1778 bellica
1257 1729 1621 1792 disponentem,
1661 1729 1832 1778 debuit

136 1803 264 1852 enim
307 1805 460 1852 etiam
498 1804 704 1853 alterius
743 1804 901 1867 partis
933 1806 1104 1867 quieta
1132 1804 1348 1852 turbare.
1427 1804 1634 1867 proinde
1666 1804 1829 1852 evola-

137 1879 213 1927 vit
251 1877 484 1927 adversus
525 1878 762 1940 Teucros,
799 1881 859 1927 ut
895 1878 973 1926 his
1014 1894 1212 1941 quoque
1252 1894 1374 1941 quas
1414 1880 1584 1940 posset
1620 1878 1829 1927 insidias

135 1951 373 2000 tenderet.
449 1956 552 2000 arte
596 1968 726 2001 nova
773 1953 1023 2013 speculata
1074 1953 1249 2009 locum,
1302 1967 1400 2012 qua
1451 1953 1585 2000 litore
1627 1953 1831 2013 pulcher

139 2026 332 2074 insidiis
370 2041 608 2087 cursuque
644 2028 780 2087 feras
812 2028 1030 2088 acitabat
1057 2027 1228 2074 Iulus:
1266 2026 1475 2075 nocendi
1506 2026 1695 2075 artibus
1727 2026 1831 2074 feta

63 2110 106 2143 25
137 2116 195 2148 ex
235 2100 490 2149 occasione
522 2101 736 2164 arripuit
772 2104 970 2163 tempus
1010 2103 1060 2149 et
1097 2101 1262 2149 locum
1299 2100 1352 2148 in
1393 2116 1489 2164 quo
1520 2101 1661 2149 Iulus
1700 2101 1830 2149 feras

136 2173 330 2223 insidiis
378 2174 606 2239 agitabat
651 2177 702 2223 et
747 2190 908 2224 eursu.
986 2190 1156 2224 cursus
1203 2176 1422 2238 pertinet
1469 2175 1532 2222 ad
1578 2190 1729 2238 equos
1782 2178 1831 2222 et

138 2263 306 2310 canes,
337 2248 549 2297 insidiae
582 2251 749 2297 autem
781 2248 844 2298 ad
874 2250 1014 2297 retia.
1067 2250 1144 2297 hic
1173 2250 1387 2298 subitam
1418 2250 1621 2297 canibus
1644 2250 1830 2297 rabiem

140 2323 334 2383 Cocytia
370 2324 505 2384 virgo
544 2324 687 2371 obicit
717 2327 759 2370 et
788 2327 897 2371 noto
927 2324 1069 2371 naris
1101 2324 1330 2384 continyit
1359 2323 1521 2380 odore,
1554 2327 1609 2370 ut
1639 2338 1831 2371 cervum
1848 2330 1933 2369 480

138 2397 361 2445 ardentes
399 2401 617 2458 ayerent:
672 2398 735 2445 ad
780 2397 1060 2445 naturalem
1105 2397 1295 2445 rabiem
1341 2413 1520 2450 eanum
1559 2413 1660 2459 qua
1698 2397 1828 2444 feras

65 2480 107 2512 8⁰
137 2472 368 2534 persequi
405 2471 604 2520 fuerant
642 2472 778 2520 soliti
815 2472 1043 2520 nocitura
1088 2471 1239 2519 Furia
1282 2472 1465 2519 adiecit
1507 2472 1830 2535 augmentum

138 2560 216 2605 ac,
262 2561 323 2593 ne
363 2544 549 2593 animal
588 2548 830 2608 oportune
876 2546 1207 2594 necessarium
1245 2546 1410 2594 minus
1451 2545 1652 2593 obvium
1698 2543 1829 2591 cani-

259 2706 281 2744 1
307 2701 403 2757 ipse
425 2700 727 2757 inpellebatV
752 2701 823 2745 ed.
849 2702 953 2757 ipsa
974 2702 1005 2745 i.
1031 2715 1127 2745 nos.
1237 2706 1262 2744 3
1294 2702 1443 2755 facere
1459 2700 1501 2743 V
1520 2701 1675 2756 potius
1696 2699 1731 2753 f.
1758 2699 1829 2743 ed.

138 2765 165 2803 4
189 2765 392 2804 coactum
416 2765 457 2804 et
479 2760 686 2804 invidum
702 2759 745 2803 V
768 2761 815 2803 vi
838 2765 879 2804 et
901 2774 1002 2804 cum
1025 2766 1145 2804 metu
1170 2760 1239 2804 ed.
1321 2765 1343 2802 7
1369 2761 1593 2803 iniuriam
1617 2758 1658 2799 V
1683 2773 1733 2802 -a
1757 2759 1829 2802 ed.

141 2823 193 2861 11
239 2820 468 2863 mirantur
511 2824 553 2863 et
593 2820 806 2863 dolebant
835 2818 878 2862 V
916 2820 1205 2863 mirabantur
1245 2825 1286 2863 et
1324 2820 1367 2863 d.
1409 2818 1479 2861 ed.
1614 2822 1669 2860 14
1711 2823 1830 2862 retro

140 2891 215 2920 om
262 2878 333 2922 ed.
458 2883 512 2922 15
551 2883 604 2923 ut
642 2884 682 2922 et
719 2879 916 2922 maxime
945 2877 988 2922 V
1021 2884 1063 2923 et
1092 2893 1148 2922 m.
1183 2878 1255 2922 ed.
1289 2884 1329 2922 et
1359 2878 1427 2922 vel
1458 2891 1515 2920 m.
1548 2890 1645 2920 nos.
1697 2876 1701 2934 Ι
1758 2877 1831 2921 his

141 2938 219 2991 qui
248 2935 303 2979 V.
404 2941 459 2980 23
493 2938 637 2981 locum
669 2951 761 2993 qua
791 2936 834 2980 V
865 2938 893 2981 l,
918 2950 1006 2993 quo
1037 2936 1146 2980 libri
1177 2937 1316 2993 Verg.
1422 2941 1477 2978 24
1507 2936 1601 2990 seta
1633 2949 1724 2979 om.
1755 2936 1827 2980 ed.

142 2998 197 3037 29
228 2997 441 3040 natwrale
471 2995 526 3039 V.
