2020 3232
622 167 917 212 NOMINUM
946 167 1023 227 AC
1053 168 1271 213 RERUM

104 302 255 346 fatum
272 301 424 359 (fata):
443 300 558 356 quid
573 302 713 357 poeta
730 301 788 345 de
804 300 902 346 fato

162 361 402 418 praedicet
442 373 644 416 prooem.
684 374 729 415 p.
772 365 813 405 6.
860 360 902 415 1,

164 425 264 464 205.
295 419 338 474 2,
363 424 432 463 54.
466 419 508 473 5,
535 424 604 463 22.
632 423 826 475 707sqq.
858 419 902 474 6,

164 484 264 524 376.
295 455 395 522 892.
439 478 477 533 7,
503 483 602 522 293
638 483 789 522 315—
802 483 900 522 322.

162 538 204 592 8,
230 542 330 582 398.
355 537 427 593 10,
445 514 543 582 3'15.
570 542 670 582 466.
697 542 795 582 622.
830 538 902 590 11,

163 602 233 641 30.
281 602 380 641 587.
440 597 511 651 12,
553 602 652 640 147.
695 601 794 641 395.
843 597 901 642 cf.

161 659 343 700 Aeneas
377 659 424 700 et
455 656 652 700 deus.—
670 655 772 700 fata
796 669 902 700 con-

163 715 304 759 scribi
356 716 473 760 Don.
519 717 659 771 putat
711 715 783 770 10,
828 715 901 770 35,

163 775 300 819 credo
318 775 429 831 quia
454 775 495 830 l,
513 780 597 819 262
625 775 755 832 (item
771 774 843 830 10,
857 778 901 831 8)

163 834 434 889 „evolvens“
466 834 596 891 legit.

101 893 288 938 Faunus
313 894 427 938 deus
450 894 674 950 indigena
705 893 776 948 12,
803 898 901 938 766.

101 953 324 997 feminam
362 953 576 1009 iugulare
606 953 794 996 virtutis
833 954 904 996 est

162 1012 336 1056 crimen
375 1012 446 1067 11,
480 1016 578 1056 790.
611 1039 670 1045 —
700 1012 903 1056 feminae

160 1072 433 1129 gravissime
487 1071 806 1126 offenduntur,
862 1071 903 1114 si

160 1131 327 1175 foedae
365 1131 632 1175 iudicentur
673 1131 715 1185 1,
741 1135 811 1174 27.
852 1132 902 1174 at

159 1204 317 1234 rursus
335 1190 393 1234 cf.
418 1190 489 1245 11,
515 1194 615 1234 510.
630 1217 686 1223 -
704 1190 901 1234 femina-

159 1264 262 1292 rum
298 1250 479 1294 dolores
518 1250 754 1307 graviores
794 1251 903 1293 sunt

160 1309 202 1363 5,
236 1314 275 1352 6.

100 1367 227 1412 ferae
267 1367 390 1411 saltu
422 1367 647 1411 adiuvant
681 1369 827 1412 ictum
858 1368 901 1423 9,

161 1431 260 1471 348.
295 1426 352 1471 cf.
379 1432 462 1471 551
497 1429 546 1472 et
574 1427 616 1481 6,
645 1432 742 1471 173.

100 1486 252 1530 ferina
284 1500 391 1530 caro
424 1487 591 1530 ceteris
618 1488 829 1543 praestat
859 1487 901 1541 1,

99 1605 212 1650 ferri
231 1605 475 1649 candentis
499 1605 718 1649 inmersio
743 1605 815 1660 12,
830 1610 900 1649 91.

100 1664 286 1722 ferrugo
319 1666 366 1708 et
397 1666 570 1708 ostrum
606 1664 678 1719 11,
705 1669 804 1708 772.

100 1723 246 1768 fibula
255 1723 403 1767 virilis
414 1723 727 1779 militarisque
747 1725 785 1779 7,
800 1728 900 1768 815.

100 1784 244 1840 figere
275 1783 390 1839 quid
421 1783 483 1827 sit
513 1782 555 1838 4,
581 1788 622 1826 4.

101 1842 301 1899 flagrare
334 1842 392 1885 de
424 1842 582 1887 dolore
614 1842 686 1898 11,
711 1846 810 1887 225.

101 1901 290 1945 flamma
330 1915 415 1958 per
454 1900 670 1946 tenebras
712 1902 903 1959 propior

161 1961 344 2004 videtur
374 1960 415 2015 2,
442 1965 541 2005 733.

102 2020 244 2064 fluere
276 2021 323 2063 et
353 2019 610 2074 liquescere
641 2019 684 2075 8,
708 2025 812 2063 446.

102 2079 296 2122 flumina
327 2081 374 2123 et
405 2081 573 2136 stagna
608 2079 679 2134 12,
715 2084 813 2123 139.

68 2168 73 2171 .
162 2139 291 2183 recta
316 2151 415 2182 esse
435 2153 528 2182 non
552 2141 748 2195 possunt
771 2139 813 2194 8,
833 2144 901 2183 95.

102 2198 255 2242 Fluvii
287 2211 369 2241 cur
400 2198 629 2254 cornigeri
667 2198 709 2251 8,
744 2203 812 2242 77.
847 2225 902 2231 —

163 2257 393 2312 quomodo
410 2257 668 2314 pingantur
679 2257 721 2311 5,
736 2262 806 2301 38.
831 2258 902 2313 10,

103 2376 207 2419 fons
240 2377 286 2418 et
316 2374 444 2418 lacus
476 2375 518 2429 8,
546 2380 613 2419 75.

104 2434 257 2478 fornix
279 2433 393 2489 quid
418 2434 480 2477 sit
502 2434 544 2489 6,
571 2439 669 2478 631.
704 2435 774 2489 10,
800 2439 898 2479 806.

103 2494 223 2537 forte
255 2493 497 2549 quaeritur
534 2507 590 2537 ex
628 2493 827 2537 fortibus
858 2494 901 2549 9,

165 2557 249 2595 603
291 2553 348 2596 cf.
381 2552 491 2596 Hor.
524 2566 663 2596 carm.
697 2558 738 2606 4,
764 2558 805 2607 4,
831 2557 901 2598 29.

104 2611 331 2655 fortitudo
355 2613 402 2654 et
417 2611 716 2667 pulchritudo
742 2612 783 2666 1,
802 2617 901 2656 595.

105 2729 264 2786 fragor
295 2729 408 2785 quid
441 2728 502 2772 sit
534 2729 604 2783 11,
632 2734 729 2773 214.

105 2789 278 2832 frustra
310 2788 424 2844 quid
456 2789 519 2831 sit
548 2788 591 2842 5,
617 2793 715 2832 390.

105 2847 406 2903 fugitivorum
439 2861 607 2891 nomen
638 2847 709 2902 11,
735 2852 835 2891 825.

106 2906 285 2950 funalia
315 2907 428 2963 quid
461 2907 556 2950 sint
587 2907 627 2961 1,
655 2912 752 2950 727.

45 2967 48 2969 ’
107 2965 485 3010 funambulorum
518 2979 593 3009 ars
623 2966 665 3020 5,
692 2971 761 3010 65.

1684 171 1792 224 669

992 301 1167 346 fundae
1196 301 1319 346 ratio
1349 301 1392 355 9,
1418 305 1518 345 587.

993 362 1188 406 fundere
1226 359 1341 417 quid
1379 361 1443 405 sit
1475 361 1514 415 7,
1539 366 1622 404 421
1658 360 1715 405 cf.
1747 361 1790 416 9,

993 425 1156 524 sugg-'a
1179 478 1406 524 nobilium
1431 478 1474 534 6,
1493 483 1591 523 217.
1626 479 1697 533 11,
1719 484 1788 523 26v

1053 566 1108 572 —
1122 540 1337 583 funerum
1356 551 1508 582 mores
1524 538 1566 593 6,
1586 543 1685 581 222.
1718 538 1790 593 11,

993 602 1139 701 Fui-²13}
1149 613 1249 701 ⁸352»
1276 658 1315 712 7,
1341 661 1440 701 346.
1455 682 1511 689 -
1528 656 1697 700 Furiae
1722 657 1791 699 in-

1051 716 1365 761 numerabiles
1396 716 1438 771 6,
1463 720 1565 759 572.

993 775 1121 820 furor
1179 775 1263 820 ubi
1322 775 1574 820 intervenit
1631 788 1791 819 verum

1053 835 1199 879 animi
1214 835 1443 879 iudicium
1459 836 1611 879 cessat
1633 834 1705 889 10,
1720 839 1791 878 63.

994 954 1119 998 Galli
1162 968 1267 998 cum
1306 953 1589 1010 Carthagine
1631 955 1793 998 contra

1051 1014 1250 1057 Romam
1283 1013 1521 1057 coniuncti
1552 1013 1623 1068 10,
1650 1017 1719 1056 13.

991 1073 1223 1130 gallorum
1256 1075 1420 1116 cantus
1451 1073 1574 1116 diem
1605 1072 1794 1116 nuntiat

1051 1132 1093 1187 5,
1121 1137 1220 1175 739.

993 1191 1287 1247 Ganymedes
1319 1191 1360 1246 1,
1386 1195 1455 1235 28.

992 1251 1299 1295 Garamantes
1351 1251 1539 1294 Africae
1593 1250 1794 1306 proximi

1051 1310 1094 1365 4,
1122 1314 1220 1354 198.

992 1370 1205 1426 geminus
1238 1369 1352 1425 quid
1388 1369 1450 1412 sit
1483 1368 1525 1423 6,
1558 1373 1658 1413 287.
1691 1373 1791 1413 582.

1055 1430 1094 1483 7,
1120 1433 1219 1473 670.

992 1488 1273 1545 generalitas
1298 1488 1345 1530 et
1368 1485 1638 1542 specialitas
1663 1487 1703 1541 1,
1723 1492 1794 1531 67.

1055 1552 1151 1591 199.
1187 1552 1286 1590 231.
1313 1551 1412 1590 258.
1439 1551 1538 1590 271.
1566 1550 1665 1590 306.
1691 1551 1792 1590 422.

1053 1612 1153 1650 526.
1179 1611 1279 1650 583.
1307 1610 1405 1648 750.
1439 1606 1480 1660 2,
1498 1611 1570 1650 44.
1595 1610 1666 1649 48.
1692 1610 1793 1649 295.

1053 1671 1152 1709 362.
1179 1670 1278 1709 394.
1305 1669 1404 1708 415.
1433 1670 1531 1708 763.
1563 1665 1606 1719 3,
1625 1670 1696 1709 56.
1722 1669 1792 1710 91.

1055 1730 1151 1768 105.
1188 1730 1285 1769 125.
1315 1729 1412 1768 137.
1439 1729 1537 1769 291.
1564 1729 1664 1768 483.
1693 1729 1791 1768 711.

1052 1784 1094 1839 4,
1114 1789 1211 1829 306.
1252 1785 1294 1838 5,
1323 1789 1420 1827 112.
1448 1789 1546 1827 294.
1574 1788 1672 1828 302.
1692 1788 1792 1827 362.

1053 1849 1152 1888 565.
1198 1848 1297 1887 573.
1337 1849 1434 1887 716.
1478 1843 1520 1898 6,
1558 1847 1657 1886 285.
1692 1847 1792 1887 365.

1051 1908 1153 1947 481.
1179 1907 1278 1947 529.
1304 1908 1403 1946 574.
1433 1907 1531 1946 623.
1559 1908 1658 1946 625.
1694 1907 1791 1946 756.

1054 1967 1152 2007 789.
1172 1967 1271 2006 886.
1290 1967 1390 2006 890.
1427 1963 1466 2017 7,
1484 1967 1554 2006 43.
1575 1967 1674 2006 176.
1695 1966 1793 2006 181.

1053 2026 1153 2066 233.
1180 2027 1278 2066 248.
1306 2026 1404 2065 353.
1431 2026 1533 2065 428.
1557 2026 1658 2066 486.
1693 2025 1793 2065 506.

1055 2086 1154 2125 596.
1181 2086 1280 2125 806.
1320 2081 1362 2136 8,
1388 2086 1458 2124 21.
1485 2085 1582 2125 287.
1611 2086 1711 2125 371.
1750 2081 1793 2135 9,

1056 2145 1124 2184 10.
1162 2145 1262 2184 404.
1301 2145 1401 2185 525.
1439 2145 1538 2185 626.
1587 2141 1658 2195 10,
1692 2145 1792 2184 350.

1053 2205 1154 2243 467.
1192 2205 1291 2244 527.
1328 2204 1428 2243 897.
1476 2200 1547 2254 11,
1587 2204 1654 2243 78.
1692 2205 1792 2243 244.

1055 2264 1154 2303 276.
1181 2263 1279 2303 329.
1306 2264 1406 2303 415.
1432 2263 1532 2302 429.
1558 2263 1659 2302 487.
1692 2263 1792 2302 508.

1054 2322 1153 2362 581.
1180 2323 1266 2362 590
1307 2324 1405 2362 646.
1433 2323 1530 2362 666.
1560 2323 1657 2361 676.
1694 2322 1792 2362 769.

1052 2377 1123 2431 12,
1162 2383 1230 2422 61.
1274 2383 1371 2421 126.
1411 2381 1508 2420 181.
1551 2382 1649 2420 341.
1691 2381 1776 2420 548

1052 2442 1152 2480 551.
1178 2441 1276 2480 580.
1305 2441 1404 2481 665.

993 2495 1226 2551 Geryones
1244 2496 1398 2551 plures
1422 2495 1464 2549 6,
1483 2499 1567 2539 289
1590 2498 1793 2551 (suspec-

1050 2557 1149 2598 tum
1174 2590 1183 2598 .

994 2557 1218 2669 Gigantes
1262 2615 1501 2657 ventorum
1546 2614 1702 2668 patres
1751 2613 1791 2667 1,

994 2731 1274 2775 Graecorum
1306 2743 1503 2786 persona
1532 2730 1791 2774 deformata

1051 2790 1284 2845 2,13sqq.
1319 2795 1389 2833 65.
1425 2795 1523 2833 152.
1557 2793 1654 2833 594.
1692 2793 1789 2833 786.

1051 2849 1093 2903 3,
1120 2853 1218 2892 398.
1252 2849 1294 2903 6,
1320 2853 1419 2891 493.
1445 2848 1493 2902 9,
1521 2854 1618 2892 154.

993 2922 1184 2965 gramen
1217 2908 1274 2952 de
1303 2907 1434 2950 caule
1458 2921 1574 2951 novo
1598 2922 1792 2963 usurpa-

1051 2967 1192 3011 tionis
1213 2980 1382 3023 genere
1400 2966 1576 3010 dictum
1602 2966 1672 3020 12,
1691 2972 1790 3010 415.
