2050 3226
234 131 341 185 468
704 127 937 173 DONATI
965 127 1246 172 INTERPR.
1270 126 1451 172 VERG.

233 269 393 318 multa
437 269 694 331 multaque
740 267 1010 329 mandasti,
1056 266 1180 315 adde
1227 283 1406 329 unum,
1453 268 1585 331 quod
1623 270 1788 332 potest
1825 268 1926 318 foe-

235 343 409 391 derum
457 343 769 391 sacramenta
813 342 1022 390 firmare.
1101 341 1340 403 quoniam
1381 358 1620 406 magnum
1659 342 1757 390 fuit
1795 342 1928 404 quod

233 417 487 465 nitebatur
532 417 745 477 efficere,
790 417 849 463 ut
895 414 1191 463 facilitatem
1237 415 1536 478 ostenderet,
1586 433 1741 465 unum
1787 415 1928 478 dixit,

233 493 292 540 ut
329 508 387 539 ex
426 491 709 554 quantitate
747 489 941 537 numeri
980 488 1263 537 extenuatio
1301 492 1609 552 nasceretur,
1658 489 1803 553 quasi
1838 506 1928 540 nec

235 565 435 614 difficile
473 581 562 613 nec
601 579 773 628 grave,
823 562 908 611 sed
953 579 1112 610 unum
1149 562 1332 612 diceret
1372 579 1476 613 esse
1514 564 1809 613 faciendum.
1880 565 1930 612 et
1982 577 2002 610 5

232 655 404 688 revera
441 655 596 687 unum
633 638 750 699 fuit,
799 635 885 685 sed
925 637 1197 685 maximum
1240 638 1290 684 et
1336 637 1470 701 quod
1505 655 1702 687 omnem
1739 637 1931 702 negotii

234 713 565 763 substantiam
597 712 884 760 contineret.
945 726 1035 759 nec
1060 713 1110 759 te
1140 710 1292 760 ullius
1322 712 1562 761 violentia
1584 713 1774 762 vincat:
1813 728 1928 775 sup-

233 803 401 850 presso
447 787 644 835 nomine
685 786 909 833 Turnum
953 784 1145 848 tetigit,
1197 786 1286 848 qui
1330 786 1384 833 in
1429 801 1486 834 eo
1538 787 1672 849 quod
1709 786 1928 836 Drances

131 873 216 913 355
233 863 398 910 fuerat
429 862 751 924 suggesturus
779 860 979 923 poterat
1000 858 1148 907 laedi.
1187 860 1305 919 quin
1323 860 1528 920 ,qnatam
1552 862 1735 922 eyreyio
1755 875 1929 922 yenero

234 937 486 996 diynisqae
515 935 792 1018 hymenaeis
823 933 907 981 des
930 936 1076 994 pater
1106 935 1150 981 et
1166 948 1337 994 pacem
1366 934 1494 982 hane
1524 938 1715 983 aeterno
1741 935 1931 995 foedere
1963 949 2005 980 10

232 1011 435 1071 innyas:
471 1009 581 1057 laus
620 1009 770 1056 unius
802 1007 936 1056 dicta
968 1010 1042 1056 est
1073 1008 1123 1055 et
1152 1007 1206 1055 in
1237 1024 1296 1056 ea
1328 1008 1530 1057 alterius
1563 1008 1767 1072 obliqua
1797 1009 1930 1058 vitu-

232 1084 450 1146 perati03
490 1099 601 1131 cum
625 1083 758 1130 enim
783 1082 1012 1146 egregius
1046 1081 1231 1129 dicitur
1262 1083 1342 1130 cui
1370 1098 1578 1130 munera
1601 1081 1933 1131 mittebantur

234 1159 283 1206 et
330 1157 579 1206 adfinitati
615 1155 786 1204 Latini
833 1157 979 1220 digne
1027 1155 1343 1218 conveniens,
1395 1156 1523 1205 alter
1567 1173 1656 1205 nec
1704 1156 1931 1220 egregius

233 1231 485 1280 iudicatus
518 1232 593 1279 est
631 1232 681 1278 et
718 1231 883 1279 minus
927 1231 1221 1279 conveniens
1254 1231 1344 1292 qui
1373 1233 1503 1294 regis
1530 1231 1688 1279 filiam
1719 1230 1930 1279 duceret.

234 1306 430 1355 dicebat
461 1307 627 1354 autem
658 1305 942 1368 plenissime
972 1304 1117 1353 rebus
1149 1304 1363 1367 publicis
1394 1305 1734 1367 profuturum,
1766 1304 1810 1354 si
1838 1305 1932 1353 hoc
1963 1319 2005 1352 15

233 1380 394 1442 fieret,
427 1381 619 1428 remota
652 1394 802 1428 causa
832 1379 1053 1427 bellandi
1082 1394 1255 1441 pacem
1287 1379 1436 1442 plena
1468 1380 1762 1428 aeternitate
1793 1394 1931 1427 man-

235 1470 416 1503 suram.
477 1454 663 1516 patris‚
702 1453 891 1515 inquit,
932 1453 1153 1501 officium
1192 1454 1288 1514 est,
1327 1453 1408 1502 vel
1445 1454 1656 1502 maxime
1693 1453 1747 1501 in
1783 1468 1932 1502 causa

237 1528 596 1577 coniunctionis
636 1527 789 1591 filiae,
829 1526 1086 1590 providere
1120 1526 1242 1590 quid
1274 1526 1340 1575 sit
1377 1527 1430 1574 in
1466 1529 1641 1575 ceteris
1671 1528 1849 1575 melius
1882 1529 1932 1574 et

235 1602 524 1666 perpensius
563 1602 837 1664 petitorum
875 1601 1090 1665 deligere
1139 1600 1434 1665 digniorem,
1485 1617 1574 1650 nec
1621 1603 1754 1650 errat
1800 1600 1931 1663 quis-

236 1676 346 1739 quis
396 1677 490 1725 hoc
535 1676 730 1738 fecerit3
775 1677 829 1723 in
873 1677 1081 1737 paterno
1122 1675 1307 1738 quippe
1346 1676 1542 1738 pectore
1581 1675 1799 1738 primum
1837 1675 1934 1724 sibi
1963 1690 2007 1722 20

234 1752 399 1799 locum
421 1750 692 1798 liberorum
716 1750 860 1798 debet
882 1749 1042 1812 pietas
1074 1749 1338 1799 vindicare.
1397 1749 1568 1809 quodsi
1597 1753 1763 1797 tantas
1793 1750 1934 1797 habet

233 1829 412 1873 mentes
451 1829 494 1873 et
525 1828 722 1884 pectora
759 1827 926 1880 terror,
972 1824 1136 1883 ipsum
1173 1824 1457 1871 obtestemur
1500 1824 1786 1883 veniamque
1831 1838 1932 1871 ore-

234 1914 344 1947 mus
384 1900 445 1947 ab
484 1900 615 1959 ipso:
651 1899 782 1946 redit
821 1898 884 1946 ad
913 1897 1212 1946 invidiosam
1243 1897 1534 1946 dictionem:
1574 1899 1662 1945 aut
1699 1898 1744 1946 si
1773 1899 1932 1959 tanto,

234 1974 424 2035 inquit,
476 1972 703 2021 ducimur
751 1974 890 2020 metu
937 1973 1180 2033 tantaque
1229 1971 1283 2019 in
1332 1971 1473 2019 nobis
1513 1971 1669 2019 Turni
1718 1971 1931 2020 formido

238 2049 334 2108 est,
383 2048 548 2109 ipsum
597 2061 827 2110 rogemus
881 2048 931 2094 et
980 2045 1041 2094 ab
1090 2045 1200 2108 ipso
1241 2045 1558 2109 deprecemur
1597 2046 1730 2108 quod
1767 2045 1934 2109 potest
1963 2058 2006 2091 25

238 2120 497 2184 provenire
535 2137 625 2182 per
661 2122 726 2168 te.
804 2120 927 2168 dicit
965 2120 1213 2182 quomodo
1258 2120 1313 2167 id
1351 2120 1549 2168 Turnus
1595 2119 1754 2183 possit
1790 2136 1931 2183 prae-

239 2197 392 2243 stare:
447 2195 583 2242 cedat
626 2194 812 2258 inquit:
860 2193 1028 2242 cedere
1075 2195 1150 2242 est
1195 2194 1358 2242 locum
1402 2194 1518 2242 dare
1563 2193 1769 2242 meliori.
1852 2195 1932 2241 ins

228 2269 491 2329 proprium
535 2269 637 2328 reyi
674 2270 962 2329 patriaeque
1009 2269 1242 2316 remittat:
1292 2270 1342 2316 et
1385 2268 1610 2332 patiatur
1658 2283 1821 2331 regem
1875 2283 1932 2315 ac

238 2346 432 2406 patrem
469 2341 547 2390 uti
575 2341 683 2389 iure
717 2358 803 2390 suo
837 2343 886 2389 et
925 2343 1058 2390 sinat
1088 2341 1290 2406 propria
1321 2341 1552 2391 libertate
1585 2341 1786 2390 definire
1820 2342 1930 2389 uni-

239 2433 404 2466 versos
431 2432 488 2465 ac
510 2415 651 2478 sequi
676 2416 807 2477 quod
832 2416 928 2464 sibi
952 2416 1262 2464 commodum
1292 2417 1553 2465 tractando
1581 2416 1930 2478 perspexerint.
1962 2427 2005 2459 30

138 2503 222 2542 360
240 2491 356 2552 qaid
383 2491 585 2538 miseros
616 2491 784 2538 totiens
814 2490 867 2537 in
899 2494 1069 2550 aperta
1092 2490 1316 2551 pericula
1348 2491 1465 2539 civis
1489 2490 1692 2550 proiciS,
1725 2486 1751 2537 ο
1783 2489 1931 2537 Latio

361 2652 386 2690 2
438 2661 576 2702 quum
627 2659 842 2702 ‘maynum
895 2645 1037 2698 fuerit
1089 2646 1160 2690 ed.
1307 2650 1360 2689 13
1407 2659 1489 2690 nec
1525 2644 1569 2688 V
1613 2645 1764 2689 minus
1811 2644 1927 2688 edF.

244 2710 298 2749 18
338 2707 458 2761 quod
487 2707 528 2750 si
562 2704 604 2749 V
640 2704 710 2748 ed.
751 2705 862 2760 quid
899 2706 958 2748 sit
995 2718 1091 2747 nos.
1222 2709 1276 2748 19
1314 2705 1551 2761 perpensis
1584 2703 1626 2746 V
1661 2708 1774 2747 corr.
1812 2703 1883 2748 ed.

234 2765 495 2820 peditorum
518 2764 560 2808 V
591 2765 725 2808 sciret
755 2763 826 2808 ed.
862 2763 866 2821 Ι
902 2777 983 2807 nec
1007 2763 1047 2805 V
1078 2777 1172 2808 non
1203 2764 1279 2808 ed..
1311 2764 1315 2821 j
1352 2769 1449 2808 erat
1471 2762 1514 2806 V
1537 2762 1608 2806 ed.
1641 2768 1764 2807 errat
1787 2776 1884 2806 nos.

242 2825 446 2879 quisquis
479 2823 521 2867 V
563 2825 643 2879 qui
687 2823 758 2866 ed.
881 2826 935 2865 27
980 2824 1132 2878 inquit
1177 2837 1264 2867 om.
1305 2822 1377 2866 ed.
1498 2826 1553 2865 28
1592 2823 1835 2877 patriaque
1872 2821 1928 2865 V.

243 2886 298 2925 29
331 2884 569 2927 universas
596 2881 633 2925 V
665 2896 746 2926 -sa
779 2881 849 2924 ed.
882 2895 980 2925 -sos
1011 2895 1106 2925 nos.
1219 2886 1274 2925 30
1298 2881 1613 2937 perspexerint
1635 2879 1677 2924 V
1708 2882 1804 2925 -oeit
1834 2880 1928 2924 ed.:

243 2955 353 2998 ergo
385 2955 478 2986 non
510 2941 839 2997 suspicandum
871 2942 941 2984 est
972 2939 1087 2984 Don.
1115 2942 1331 2997 patrique
1361 2940 1543 2997 legisse.
