2050 3226
230 210 305 264 50
704 206 937 252 DONATI
967 207 1248 252 INTERPR.
1273 207 1452 252 Vnae.

230 349 362 396 mine
399 347 581 396 humili
619 349 770 410 atque
809 347 1134 410 inerin‘ssimo3
1179 363 1359 396 nomen
1405 347 1535 395 enim
1572 362 1663 410 pro
1702 347 1923 396 convicio

230 423 413 485 posuit.
486 422 658 482 quodsi
693 437 803 470 mea
839 423 1049 470 numina
1085 436 1186 470 non
1222 425 1338 470 sant
1377 436 1561 482 mayna
1601 422 1744 479 satie,
1785 422 1925 470 dabi-

228 500 325 544 tem
362 497 485 545 haut
521 496 739 555 equidem
777 497 1024 556 inplorare
1061 496 1188 557 qaod
1225 510 1433 555 usquam
1472 499 1564 543 est:
1602 495 1779 558 quodsi
1817 510 1925 560 eg0‚

230 571 418 634 inquit,
458 569 630 618 deficio
671 572 722 618 et
758 587 925 618 meum
962 586 1147 618 numen
1184 585 1284 618 non
1314 570 1450 617 valet
1479 571 1659 632 exequi
1687 570 1925 618 iniuriam
2044 612 2050 633 ι,

231 639 397 704 suam,
454 659 555 692 non
608 643 830 692 dubitem
883 645 1135 708 inplorare
1189 643 1378 692 auxilia
1435 659 1564 706 quae
1623 643 1924 707 ubicumque
1978 656 1998 690 5
2045 644 2050 672 ⁴

165 713 169 716 ’
231 720 361 767 sunt.
439 718 556 766 dum
595 717 716 766 haec
753 720 960 780 tractat,
998 718 1192 766 invenit
1222 717 1343 780 quid
1380 733 1470 780 pro
1502 720 1724 780 tempore
1762 719 1924 767 facere

233 791 506 853 debuisset,
558 793 762 850 flectere,
817 792 1003 855 inquit,
1058 793 1102 840 si
1147 806 1325 852 nequeo
1371 805 1592 851 saperoS,
1648 792 1925 841 Acheronta

230 867 450 915 movebo:
490 865 610 928 quia
647 882 747 914 non
785 882 990 929 possum
1028 865 1213 915 auxilio
1245 881 1538 928 superorum
1568 867 1758 929 inplere
1791 866 1926 928 quod

233 941 404 1003 cupio,
445 940 628 988 inferos
674 956 915 989 moveam.
998 942 1187 988 tractat
1230 940 1284 987 in
1331 956 1430 1003 quo
1478 940 1647 989 obesse
1694 941 1924 990 Troianis

230 1013 379 1062 inferi
416 1016 639 1077 possent:
684 1029 784 1062 non
823 1015 1020 1063 dabitur
1060 1015 1223 1075 regnis
1255 1014 1398 1074 (esto)
1432 1015 1687 1074 prohibere
1724 1014 1925 1063 Latinis
1958 1027 2001 1060 10

129 1100 216 1140 315
232 1092 374 1148 atque
433 1089 618 1136 inmota
669 1092 834 1136 manet
892 1089 1011 1148 fatis
1065 1088 1287 1136 Lavinia
1340 1089 1572 1150 coniunx,
1635 1092 1686 1136 at
1738 1089 1926 1136 trahere

233 1166 374 1222 atque
417 1176 584 1210 moras
629 1163 777 1210 tantis
825 1163 930 1210 licet
979 1162 1156 1210 addere
1200 1163 1358 1210 rebas’.
1436 1162 1693 1224 quoniam,
1743 1163 1926 1224 inquit,

231 1237 402 1284 ferunt
438 1235 678 1284 Laviniae
717 1237 918 1298 nuptias
959 1238 1157 1284 Aeneae
1196 1235 1364 1284 deberi
1401 1236 1684 1286 volentibus
1724 1236 1844 1285 fatis
1877 1238 1928 1285 et

234 1311 463 1358 Troianis
510 1309 734 1371 Italiam,
788 1311 832 1360 si
875 1311 998 1358 haec
1038 1310 1252 1359 convelli
1290 1326 1389 1359 non
1439 1312 1668 1372 possunt,
1718 1312 1928 1372 possunt

232 1386 402 1433 tamen
454 1399 705 1431 morarum
762 1384 1098 1447 inpedimento
1151 1384 1348 1434 differri.
1427 1388 1478 1432 at
1523 1385 1628 1432 licet
1674 1386 1928 1453 amborwm
1960 1395 2001 1428 15

226 1458 435 1518 populos
474 1458 723 1506 excindere
762 1473 951 1518 reorum:
989 1474 1228 1522 magnum
1265 1458 1506 1506 factiosae
1543 1458 1775 1506 inimicae
1815 1473 1928 1506 con-

233 1533 424 1593 silium,
465 1547 617 1594 quae,
656 1548 768 1581 eum
806 1548 906 1580 non
942 1535 1110 1594 posset
1138 1549 1313 1596 regum
1343 1532 1656 1581 concordiam
1685 1549 1929 1595 rumpere,

233 1607 446 1669 populos
479 1605 731 1668 disposuit
761 1606 1023 1669 dissipare3
1054 1607 1131 1655 his
1163 1606 1294 1653 enim
1325 1606 1596 1655 commissis
1621 1609 1671 1655 et
1700 1607 1927 1655 excitatis

234 1680 288 1728 in
339 1679 641 1728 discordiam
693 1696 889 1729 necesse
938 1680 1103 1728 fuerat
1152 1680 1301 1728 etiam
1358 1696 1498 1744 reges
1549 1680 1650 1729 suis
1701 1681 1926 1743 partibus

234 1755 379 1802 necti.
447 1754 539 1802 hae
565 1768 711 1815 ¹qener
751 1758 891 1813 atque
922 1768 1053 1802 socer
1093 1758 1258 1802 eoeant
1295 1755 1507 1802 mercede
1545 1769 1770 1802 suoram:
1807 1755 1928 1803 haec
1959 1766 2003 1798 20

236 1828 302 1876 sit
338 1843 522 1876 merces
562 1829 844 1876 coeuntium
881 1829 936 1875 in
968 1828 1301 1889 adfinitatem,
1338 1830 1397 1876 ut
1436 1843 1639 1876 suorum
1670 1828 1926 1877 funeribus

235 1902 531 1950 crucientur.
617 1903 856 1962 sanquine
903 1903 1116 1950 Troiano
1167 1905 1210 1949 et
1254 1902 1436 1950 Rutulo
1480 1903 1721 1959 dotabere,
1769 1904 1927 1964 virqo:

237 1975 410 2024 effusio
450 1977 706 2039 sanguinis
746 1975 968 2037 partium
1013 1977 1125 2038 ipsa
1165 1977 1251 2036 sit,
1299 1976 1463 2040 virgo,
1511 1975 1599 2024 dos
1637 1978 1741 2024 tua.
1819 1992 1927 2026 ecce

238 2052 432 2098 animus
470 2049 649 2097 iratae:
690 2049 809 2097 dum
848 2065 1012 2098 seeum
1049 2051 1256 2109 tractat,
1297 2050 1359 2097 ad
1398 2050 1643 2114 virginem
1674 2066 1778 2099 sese
1815 2066 1926 2098 con-

236 2122 410 2184 vertit,
450 2122 594 2185 quasi
630 2124 742 2186 ipsa
782 2138 892 2171 cum
931 2124 1159 2172 Troianis
1199 2126 1288 2171 aut
1326 2140 1438 2172 cum
1475 2125 1583 2186 ipso
1622 2124 1792 2172 Aenea
1836 2125 1926 2172 ali·
1959 2134 2001 2165 2⁵

238 2197 363 2259 quid
420 2198 623 2260 egisset,
679 2198 766 2244 dos
823 2199 933 2258 tua,
987 2197 1174 2259 inquit,
1230 2199 1552 2246 constituitur
1601 2199 1654 2245 in
1707 2197 1927 2260 partium

238 2271 399 2319 caede.
477 2274 520 2318 et
555 2270 764 2319 Bellona
809 2274 972 2318 manet
1010 2275 1051 2318 te
1084 2273 1333 2331 pronuba,
1383 2272 1692 2320 crudelitatis
1741 2271 1928 2319 scilicet

239 2344 345 2393 dea.
422 2344 675 2407 pronubae
716 2345 949 2392 dicuntur
996 2361 1121 2407 quae
1164 2347 1281 2393 sunt
1318 2347 1369 2393 in
1408 2345 1641 2408 obsequio
1681 2345 1925 2393 nubentis.

135 2428 221 2467 320
237 2433 325 2467 nee
378 2419 486 2478 faee
539 2422 727 2466 tantam
783 2417 962 2466 Cisseis
1006 2434 1293 2479 praeynans
1344 2420 1474 2480 iynis
1528 2420 1672 2467 enixa
1723 2419 1927 2478 iayalis:

240 2494 420 2554 solent,
473 2492 660 2554 inquit,
714 2492 1043 2540 Troianorum
1100 2493 1312 2541 feminae
1369 2493 1491 2541 mali
1548 2492 1724 2540 ominis
1782 2495 1924 2540 utero
1959 2502 2001 2534 30

239 2568 435 2630 gestare
470 2565 779 2629 progeniem:
827 2565 870 2613 si
899 2565 1075 2614 Cisseis
1115 2566 1330 2614 incendii
1369 2567 1510 2631 signo
1543 2565 1755 2628 protulit
1787 2565 1925 2614 Pari-

240 2641 372 2701 dem,
420 2655 508 2688 cur
545 2655 644 2687 non
683 2639 939 2703 contingat
978 2640 1160 2687 Veneri
1198 2640 1411 2689 similem
1449 2640 1609 2687 filium
1646 2639 1926 2701 peperisse?

361 2786 386 2825 3
419 2795 496 2838 eyo
529 2795 616 2824 om.
642 2780 713 2824 ed.
813 2785 841 2823 4
872 2780 1047 2834 deficiet
1074 2779 1110 2822 V
1142 2781 1299 2835 deficio
1330 2786 1371 2824 et
1400 2793 1483 2824 nos
1516 2793 1603 2822 om.
1630 2779 1701 2822 ed.
1797 2784 1820 2822 7
1853 2781 1927 2823 in-

240 2841 339 2896 quit
371 2854 458 2883 om.
485 2840 555 2883 ed.
641 2844 667 2884 8
698 2853 911 2895 superum
943 2839 1014 2883 ed.
1100 2844 1124 2882 9
1158 2853 1356 2883 moveam
1380 2838 1422 2881 V
1454 2839 1556 2882 ·ebo
1589 2838 1659 2882 ed.
1742 2842 1796 2880 10
1821 2851 1926 2893 pos-

239 2905 305 2943 set
338 2898 377 2941 V
417 2914 529 2943 corr.
567 2899 637 2943 ed.
761 2902 813 2941 17
854 2898 1096 2942 eoncordia
1126 2897 1168 2941 V
1207 2898 1278 2941 ed.
1403 2902 1456 2941 18
1496 2898 1743 2942 commissis
1773 2896 1814 2939 V
1854 2897 1924 2941 ed.

241 2971 277 3001 c.
305 2963 346 3002 et
376 2958 445 3001 ed.
472 2960 591 3013 post.
709 2961 762 3000 19
793 2971 938 3014 reyem
968 2958 1065 3001 suis
1090 2958 1285 3012 paribus
1316 2956 1386 3000 ed.
1505 2960 1558 2999 21
1594 2956 1821 3011 affinitate
1853 2956 1924 3000 ed.

245 3021 298 3060 31
332 3018 373 3060 si
404 3017 445 3060 V
474 3019 591 3062 sicat
623 3017 692 3062 ed.
