2050 3226
57 1015 99 1047 10

56 1385 97 1417 15

55 1755 98 1788 20

54 2124 97 2157 25

55 2495 98 2527 30

778 189 1081 237 AENEIDOS
1112 188 1177 234 XI
1720 192 1828 246 519

130 330 266 380 tione
318 329 471 379 animi
522 332 574 380 et
623 332 686 380 ad
724 346 936 395 poenam
975 329 1280 379 destinatum
1319 345 1380 378 ex
1419 329 1670 391 omnibus,
1711 345 1829 392 quo·

130 407 267 454 niam
320 421 451 454 nova
506 407 668 468 specie
722 405 983 454 incedebat
1037 406 1087 454 et
1139 404 1274 453 solus
1338 403 1490 453 altior
1550 404 1669 452 fuit:
1724 406 1832 453 erat

132 482 300 528 autem
331 478 478 528 facile
508 480 662 528 talem
700 483 916 528 sternere
956 480 1045 542 qui
1082 493 1255 528 averso
1288 477 1485 542 agmine
1515 479 1659 542 terga
1690 494 1830 541 prae-

130 554 319 603 buerat.
402 553 532 602 ferro
579 553 750 602 traicit
801 554 990 616 inquit,
1044 554 1139 602 hoc
1192 555 1268 601 est
1329 553 1400 600 sic
1452 553 1675 601 nescium
1721 569 1831 615 per-

132 627 307 690 cussit,
346 629 404 676 ut
442 643 585 676 omne
624 630 807 677 ferrum
850 644 940 691 per
978 642 1155 690 corpus
1202 627 1307 675 eius
1354 626 1516 675 eundo
1554 627 1830 676 transisset.

132 705 176 750 et
210 716 358 762 super
394 702 512 750 haee
547 703 744 751 inimico
783 705 973 763 pectore
1017 702 1180 762 fatur:
1227 700 1390 764 aperit
1435 716 1636 750 causam
1682 702 1833 764 poeta

131 775 394 825 ostendens
426 792 513 824 cur
551 793 665 824 eum
698 775 912 826 Camilla
942 776 996 823 in
1027 777 1172 824 tanta
1201 774 1527 824 multitudine
1551 775 1832 840 fugientum

131 851 415 913 specialiter
436 852 696 914 persecuta
721 852 807 914 sit3
838 851 1130 898 temerarius
1163 851 1295 898 enim
1325 849 1456 898 bello
1488 865 1593 898 sese
1624 850 1831 898 miscue-

129 926 211 973 rat
248 927 298 973 et
336 924 442 973 eius
479 925 714 973 inertiam
752 940 1006 973 armorum
1045 924 1265 988 qualitas
1304 923 1700 986 demonstrabat,
1751 924 1831 972 de·

129 998 243 1047 buit
286 998 446 1063 igitur
490 999 611 1047 belli
657 999 839 1048 sentire
885 1000 1123 1048 virtutem
1171 1000 1257 1061 qui
1309 998 1578 1047 arbitratus
1618 1000 1695 1047 est
1732 1013 1831 1047 non

130 1088 436 1122 emersurum
483 1089 784 1137 quemquam
835 1089 865 1122 a
913 1088 1010 1135 quo
1061 1075 1231 1135 posset
1269 1072 1440 1121 occidi.
1517 1089 1635 1137 ergo
1676 1072 1833 1121 animi

131 1147 209 1195 sui
232 1149 612 1196 commotionem
640 1147 853 1196 Camilla
877 1149 929 1196 et
949 1146 1260 1196 iracundiam
1284 1148 1499 1210 pectoris
1523 1147 1601 1195 his
1625 1147 1831 1196 vocibus

129 1221 283 1270 fudit:
332 1222 471 1270 silvis
510 1225 573 1279 te,
615 1222 882 1283 Tyrrheue,
922 1223 1059 1281 feras
1098 1222 1284 1282 aqitare
1325 1222 1546 1282 putasti?
1610 1221 1831 1270 nesciens

132 1294 345 1344 Camilla
385 1296 518 1358 quod
551 1295 771 1345 Ornutus
797 1297 1045 1344 diceretur
1075 1295 1238 1359 gentis
1271 1311 1384 1343 eum
1414 1296 1614 1343 nomine
1646 1295 1830 1359 arguit,

128 1369 180 1417 in
221 1385 318 1433 quo
358 1386 508 1434 grave
547 1370 711 1419 voluit
749 1386 854 1419 esse
894 1369 1186 1418 convicium.
1272 1369 1483 1432 denique
1537 1370 1607 1419 sic
1658 1385 1831 1418 exorsa

129 1446 224 1492 est:
257 1446 487 1507 apparet,
518 1445 704 1508 inquit,
735 1447 875 1506 tuae,
908 1444 1184 1506 Tyr-rhene,
1216 1444 1378 1508 gentis
1410 1446 1630 1506 vanitas3
1662 1446 1831 1492 ratum

129 1519 314 1581 quippe
364 1521 414 1566 te
465 1521 662 1568 constat
709 1534 809 1567 non
856 1521 1029 1567 contra
1074 1518 1296 1567 homines
1343 1519 1437 1579 ire,
1484 1519 1570 1567 sed
1609 1519 1740 1568 feras
1779 1521 1831 1566 et

127 1608 227 1641 non
256 1593 309 1640 in
341 1608 573 1656 campum
606 1595 694 1641 aut
723 1593 932 1654 bellum,
965 1592 1050 1641 sed
1082 1594 1135 1640 in
1160 1593 1310 1641 silvas
1335 1592 1548 1641 venandi
1570 1593 1829 1656 voluptate

128 1666 435 1715 contendere.
528 1667 726 1716 advenit
778 1668 861 1727 qui
913 1671 1074 1715 vestra
1135 1667 1238 1715 dies
1297 1667 1615 1715 muliebribus
1676 1668 1830 1715 armis

127 1741 276 1789 verba
327 1742 662 1802 redaryueret:
717 1741 922 1791 advenit
975 1742 1101 1802 dies,
1157 1740 1241 1804 qui
1297 1742 1449 1790 armis
1503 1740 1828 1791 muliebribus

128 1818 296 1864 vestra
333 1815 658 1880 redargueret
688 1816 853 1865 verba.
901 1815 1020 1864 talis
1052 1831 1140 1865 vos
1180 1815 1259 1863 vel
1290 1831 1423 1863 nunc
1454 1831 1558 1864 esse
1590 1831 1829 1879 cognosce

130 1904 253 1952 quos
292 1890 525 1938 mulieres
564 1892 820 1953 superent,
858 1890 1090 1938 mulieres
1130 1888 1370 1939 occidant.
1454 1903 1629 1938 nomeu
1666 1893 1829 1938 tamen

127 1964 248 2011 haut
271 1963 369 2011 leve
391 1967 598 2023 patrum
619 1966 851 2013 manibus
873 1964 960 2012 hoe
981 1966 1176 2024 referes,
1202 1964 1290 2011 telo
1316 1964 1541 2012 cecidisse
1566 1962 1829 2013 Camillae.-

126 2038 238 2099 ipsa
262 2053 352 2100 per
373 2037 683 2086 iracundiam
706 2039 894 2087 factum
919 2053 1063 2086 suum
1087 2037 1330 2100 depressit
1353 2037 1559 2086 dicendo
1590 2055 1829 2103 magnum

128 2126 232 2160 esse
288 2111 496 2160 dedecus
553 2112 703 2161 armis
755 2111 1083 2160 muliebribus
1137 2113 1271 2161 viros
1327 2111 1631 2161 occumbere.
1716 2113 1828 2176 ipsa

126 2186 309 2234 iterum
356 2201 469 2234 cum
514 2186 731 2248 veneris,
768 2187 960 2248 inquit,
1008 2186 1087 2236 ad.
1110 2188 1373 2249 parentum
1410 2188 1614 2235 tuorum
1650 2187 1827 2249 maniS,

128 2259 450 2308 comitabitur
504 2262 554 2308 te
606 2261 777 2324 magni
837 2260 1053 2308 nominis
1113 2261 1250 2309 fama
1314 2261 1509 2323 erisque
1572 2261 1825 2309 dissimilis

129 2335 325 2395 ceteriS,
366 2333 499 2397 quod
546 2333 786 2383 Camillae
826 2335 1026 2382 dextera
1064 2333 1241 2383 diceris
1281 2335 1483 2384 occisus.
1567 2336 1688 2383 haec
1727 2351 1827 2383 non

129 2423 179 2456 se
211 2410 523 2472 expugnant,
557 2408 642 2457 sed
675 2408 774 2456 duo
807 2408 1168 2457 admirabiliter
1196 2409 1382 2472 tenuit3
1423 2410 1495 2458 ait
1519 2410 1649 2457 enim
1673 2409 1824 2458 habes

127 2481 400 2530 maximum
430 2482 629 2544 crimen,
662 2482 795 2545 quod
827 2483 1012 2531 femina
1042 2482 1137 2531 tibi
1167 2482 1343 2532 intulit
1372 2485 1598 2545 mortem,
1631 2483 1826 2532 laudem

128 2571 245 2604 vero
298 2556 575 2617 meliorem,
630 2556 763 2620 quod
818 2555 1043 2606 Camilla.
1135 2559 1366 2618 protinus
1422 2557 1724 2605 Orsilochum
1784 2561 1827 2605 et
1843 2567 1928 2607 690

128 2630 318 2687 Buten,
359 2631 455 2678 duo
492 2631 712 2679 maxima
752 2631 992 2679 Teucrum
1031 2646 1256 2692 corpora:
1302 2631 1571 2679 laudantur
1614 2630 1722 2693 isti,
1768 2634 1827 2680 ut

250 2777 272 2815 1
310 2786 449 2828 quum
486 2786 532 2815 n.
564 2785 630 2827 sp.
663 2772 886 2817 incederet
923 2772 994 2816 ed.
1117 2777 1142 2816 3
1174 2778 1370 2817 sternere
1401 2773 1480 2828 qui
1502 2771 1543 2814 V
1574 2772 1825 2818 discernere

130 2831 241 2886 quia
271 2831 343 2874 ed.
430 2835 456 2874 8
489 2832 550 2875 sit
572 2830 614 2874 V
646 2836 711 2875 est
741 2831 811 2875 ed.
898 2836 954 2875 14
985 2846 1086 2876 eum
1109 2831 1151 2875 V
1176 2846 1276 2876 eum
1300 2845 1413 2875 corr.
1440 2831 1555 2875 edF.
1644 2836 1697 2875 16
1730 2837 1824 2890 tyr-

129 2890 294 2934 rhenae
316 2889 360 2934 V
384 2904 472 2933 om.
499 2889 570 2933 ed.
676 2894 730 2933 22
763 2890 971 2935 mulieres
999 2896 1211 2947 superent
1244 2904 1332 2934 om.
1357 2890 1439 2934 ed.'
1533 2894 1588 2934 25
1620 2892 1824 2936 mulieri-

131 2948 215 2992 bue
236 2948 279 2992 V
310 2963 425 2993 corr.
458 2949 529 2993 ed.
652 2953 707 2992 27
746 2963 917 3007 magma
954 2949 1024 2994 ed.
1149 2954 1204 2993 28
1243 2950 1451 2994 dexterae
1485 2948 1526 2992 V
1558 2963 1670 2995 corr.
1704 2950 1775 2995 ed.
1813 2951 1818 3010 Ι

131 3007 304 3052 dicaris
326 3006 368 3050 V
393 3007 463 3052 ed.
589 3011 644 3051 29
677 3014 911 3065 expuynat
932 3008 975 3053 V
1006 3014 1230 3066 eoepuryat
1261 3008 1319 3052 ed
1329 3008 1377 3053 F.
