2050 3226
238 134 344 186 114
708 130 941 175 DONATI
971 131 1251 176 INTERPR.
1277 130 1455 175 VERG.

161 282 215 322 10
233 272 316 330 qui
341 274 476 331 petat
501 271 766 319 auxilium:
795 273 941 319 tanta
964 270 1177 320 formido
1201 270 1446 318 Italorum
1468 272 1698 320 tenuerat
1719 274 1924 333 mentes,

231 347 289 393 ut
334 345 782 408 conquirendorum
829 345 1128 393 auxiliorum
1176 360 1276 392 non
1325 344 1607 394 invenirent
1655 347 1925 394 terminum

231 435 321 468 nec
359 421 593 482 caperent
629 419 792 467 finem.
846 419 1057 481 denique
1091 418 1244 466 etiam
1275 418 1339 466 ad
1371 418 1644 467 Diomeden
1681 421 1926 468 miserunt

231 494 506 553 Venulum,
550 494 638 555 qui
688 493 932 541 auxilium
970 494 1144 555 poscat
1182 495 1260 554 et,
1312 494 1550 555 quoniam
1594 494 1799 556 petendi
1845 510 1926 543 ars

230 568 321 615 illa
359 568 523 630 prima
562 569 657 628 est,
695 570 755 615 ut
788 567 840 615 id
880 566 1015 629 quod
1046 567 1315 629 petendum
1347 569 1422 616 est
1452 568 1743 616 ostendatur
1774 567 1927 616 etiam
1980 581 1999 615 5

231 642 310 689 illi
346 642 665 704 profuturum
696 642 784 703 qui
815 641 1022 702 dederit,
1060 641 1299 689 mandata
1331 641 1396 690 ad
1425 642 1590 705 ipsum
1620 645 1786 704 portet
1818 642 1924 705 qui-

230 716 323 764 bus
363 719 413 764 et
449 731 645 764 movere
683 715 932 763 hominem
972 718 1021 763 et
1058 716 1307 777 inpetrare
1344 718 1512 778 posset
1543 732 1672 778 quae
1711 715 1925 766 volebat.

159 826 163 829 -
231 789 401 853 Longe
449 792 616 838 autem
660 789 826 838 fuerat
867 789 1132 838 Diomedes
1170 789 1472 852 perindeque
1510 790 1760 839 nesciebat
1798 806 1926 852 quae

231 864 285 911 in
315 863 468 912 Italia
500 865 803 927 gererentur,
835 863 1131 911 facillimum
1160 863 1425 912 videbatur
1456 880 1570 912 eum
1602 866 1754 912 etiam
1783 865 1924 913 falsis

231 938 503 986 terroribus
537 938 602 986 ad
633 938 853 985 dandum
883 953 1026 1000 posse
1058 937 1332 1000 provocari.
1378 938 1619 986 Mandata
1649 939 1807 1002 igitur
1836 954 1926 1001 pro
1960 952 2002 985 10

231 1015 412 1061 natura
452 1027 626 1060 causae
666 1012 788 1060 haec
826 1012 1025 1060 fuerant
1056 1012 1237 1073 quibus
1270 1013 1495 1060 suasoria
1525 1016 1694 1075 posset
1722 1013 1927 1074 inpleri:

232 1086 450 1149 primum
480 1087 540 1134 ut
570 1086 821 1134 advectum
850 1085 1057 1134 Aenean
1088 1086 1235 1133 classi
1264 1088 1512 1147 narraret,
1551 1087 1643 1134 hoc
1674 1089 1749 1134 est
1779 1089 1837 1135 ut
1868 1087 1927 1134 de

233 1161 454 1210 adventu
469 1159 665 1208 Aeneae
691 1175 874 1222 gnarus
898 1160 1052 1220 fieret,
1085 1176 1232 1222 quem
1255 1161 1308 1207 in
1318 1159 1468 1207 Troia
1491 1163 1700 1209 noverat
1715 1161 1928 1222 victum3

233 1234 542 1297 eundemque
579 1234 792 1282 navibus
826 1234 1110 1295 advectum,
1149 1237 1207 1282 ut
1246 1251 1304 1281 ex
1341 1235 1434 1283 hoc
1465 1251 1638 1283 verum
1670 1250 1775 1283 esse
1814 1250 1927 1284 con-

232 1309 408 1356 fideret
445 1310 495 1356 et
534 1308 861 1356 arbitraretur
898 1324 998 1356 non
1029 1309 1184 1356 tantis
1218 1308 1394 1370 opibus
1433 1309 1619 1356 fultum
1649 1309 1929 1356 timendum
1959 1321 2001 1354 15

231 1385 437 1446 propter
466 1381 709 1430 bellorum
741 1383 930 1430 incerta
961 1398 1061 1430 non
1085 1398 1210 1444 esse,
1242 1383 1481 1441 victosque
1496 1384 1695 1443 penatis
1721 1384 1929 1443 inferre:

233 1472 401 1506 secum
439 1457 615 1505 vehere
664 1457 780 1505 deos
822 1472 959 1518 suos,
1011 1471 1133 1517 quos
1184 1457 1291 1518 ipse
1330 1456 1594 1506 Diomedes
1643 1458 1697 1504 in
1737 1457 1926 1506 excidio

233 1531 410 1579 Troiae
435 1532 813 1592 contempserat.
850 1546 961 1578 cum
976 1531 1108 1578 hunc
1134 1530 1319 1579 adserit
1334 1531 1529 1592 penatis
1555 1546 1719 1579 secum
1734 1531 1927 1591 vehere,

234 1604 452 1654 ostendit
483 1621 595 1652 eum
624 1604 702 1652 his
735 1604 1090 1653 constituendis
1122 1604 1175 1652 in
1205 1604 1357 1652 Italia
1385 1604 1443 1652 de
1468 1604 1665 1653 sedibus
1691 1605 1924 1668 cogitare.

234 1683 277 1727 et
305 1680 425 1739 faiis
455 1693 613 1739 reyem
643 1693 693 1726 se
725 1678 879 1726 dicere
903 1679 1042 1738 posci
1074 1679 1286 1728 edoceat:
1323 1679 1509 1726 referat
1539 1678 1691 1727 etiam
1723 1679 1926 1727 Aenean
1958 1691 2002 1724 20

234 1754 393 1802 dicere
434 1751 569 1815 quod
599 1751 695 1800 sibi
725 1752 944 1800 fatorum
975 1752 1167 1800 ratione
1199 1752 1350 1800 Italia
1382 1752 1634 1801 debeatur.
1686 1753 1804 1801 licet
1833 1753 1927 1801 hoc

232 1843 331 1875 non
364 1827 486 1874 adeo
518 1829 686 1888 posset
715 1826 990 1874 Diomeden
1020 1828 1225 1887 terrere,
1264 1826 1465 1874 valebat
1493 1828 1663 1874 tamen
1688 1827 1926 1889 suspicio-

233 1918 346 1949 nem
387 1901 632 1964 colligere,
671 1899 876 1948 Aenean
913 1900 966 1947 in
1006 1915 1156 1948 eausa
1196 1915 1285 1948 sua
1325 1900 1383 1948 de
1421 1917 1575 1964 regno
1616 1900 1782 1949 debito
1822 1916 1926 1950 esse

232 1976 510 2023 mentitum.
563 1974 815 2022 adduntur
839 1975 1185 2036 supplementa
1207 1974 1410 2022 terroris
1435 1975 1578 2035 falsa,
1611 1991 1738 2036 quae
1761 1974 1925 2023 inimi·

234 2065 345 2097 cum
375 2050 590 2097 veterem
620 2048 673 2095 in
713 2064 945 2112 magnam
990 2048 1377 2097 sollicitudinem
1407 2048 1687 2097 mitterent:
1725 2049 1926 2097 multas·
1958 2060 2001 2093 2⁵

234 2137 324 2182 que
367 2123 471 2170 viro
520 2137 570 2170 se
617 2123 880 2182 adimiqere
923 2123 1078 2182 yemis
1116 2123 1379 2170 Dardanio
1428 2127 1470 2170 et
1517 2124 1610 2171 late
1656 2123 1804 2171 Latio
1849 2124 1924 2170 in-

234 2198 496 2245 crebescere
526 2210 724 2243 nomen.-
760 2197 882 2244 haee
911 2211 1011 2243 non
1047 2197 1245 2244 fuerant
1275 2197 1432 2258 faeta,
1464 2197 1549 2244 sed
1580 2196 1761 2245 idcirco
1794 2197 1925 2246 veris

234 2271 455 2318 admixta
493 2271 631 2330 sunt,
670 2272 729 2318 ut
766 2285 856 2332 pro
897 2270 1042 2318 certis
1082 2272 1437 2332 acciperentur.
1492 2271 1578 2319 sed
1615 2286 1776 2334 neque
1814 2273 1926 2333 ipsa

234 2345 508 2393 Diomeden
548 2346 781 2406 poterant
819 2344 1107 2406 formidare,
1155 2345 1352 2394 etiamsi
1389 2345 1510 2393 haec
1548 2361 1638 2407 pro
1677 2346 1807 2393 veris
1848 2360 1926 2392 ac-

355 2477 378 2515 1
418 2471 647 2514 auxilimn
686 2470 918 2514 lemmatis
958 2470 1062 2513 finis
1097 2470 1148 2514 in
1171 2470 1214 2514 V
1244 2476 1286 2515 et
1317 2471 1676 2515 Latio—classi
1713 2471 1819 2515 add.
1853 2470 1924 2514 ed.

236 2535 261 2573 3
301 2531 519 2575 miserant
557 2529 627 2573 ed.
757 2534 785 2572 4
831 2531 1006 2574 venistis
1044 2529 1099 2574 V.
1233 2535 1259 2574 6
1299 2535 1450 2586 portet
1487 2529 1529 2573 V
1571 2530 1715 2585 defert
1757 2545 1810 2574 ea
1853 2530 1911 2574 ed

236 2594 260 2633 7
293 2603 464 2634 movere
488 2588 530 2633 V
561 2589 753 2633 mulcere
785 2588 854 2631 ed.
976 2594 1028 2632 11
1062 2594 1286 2644 quaerant
1316 2589 1349 2631 V
1379 2589 1567 2643 fuerant
1597 2603 1680 2632 nos
1713 2588 1769 2633 cf.
1802 2603 1842 2632 v.
1869 2593 1924 2632 55

236 2654 366 2693 erant
396 2649 467 2692 ed.
561 2653 615 2691 12
646 2649 1143 2703 primum—narraret
1173 2662 1256 2703 pro
1289 2647 1506 2692 lemmate
1539 2648 1763 2703 scriptum
1795 2648 1844 2690 in
1869 2647 1923 2690 V.

238 2712 293 2750 13
324 2721 498 2765 gnarus
521 2707 563 2751 V
592 2709 784 2764 iyiiarus
815 2706 905 2750 ΗΟ
937 2708 1129 2763 iynarus
1158 2721 1252 2751 ‘non
1284 2707 1355 2750 ed.
1486 2711 1541 2749 15
1580 2720 1673 2750 non
1711 2707 1854 2750 tantis
1883 2705 1926 2749 V

230 2768 394 2822 parvis
424 2767 496 2810 ed.
590 2771 643 2810 17
668 2779 815 2810 secum
839 2765 880 2809 V
905 2765 992 2809 edI
1022 2767 1268 2810 seeundum
1300 2766 1416 2810 edF.
1510 2769 1563 2808 19
1596 2764 1922 2809 sedibusVed.

237 2826 291 2869 de
328 2840 362 2869 s.
411 2840 508 2869 nos.
653 2829 708 2868 22
755 2825 966 2869 valebant
1006 2830 1158 2869 tamen
1198 2826 1448 2881 suspitione
1490 2825 1700 2880 eolleyere
1731 2823 1774 2867 V
1810 2823 1924 2867 item

237 2884 405 2928 omisso
437 2891 588 2929 tamen
619 2884 689 2928 ed.
720 2885 930 2928 volebant
960 2883 1030 2926 ed.
1057 2887 1177 2939 post.
1300 2888 1355 2928 29
1388 2883 1621 2928 diomeden
1646 2888 1861 2939 poterant
1882 2883 1925 2927 V

238 2943 294 2986 cf.
327 2958 366 2986 v.
394 2948 478 2987 266
511 2943 755 2988 Diomedes
779 2948 961 2999 poterat
992 2942 1061 2986 ed.
