2050 3226
0 0 76 355 r
787 163 1093 209 AENEIDOS
1123 163 1166 207 X
1715 167 1824 221 305

129 307 275 355 mur?
346 319 457 362 nos,
506 320 573 353 au
618 305 820 353 miseros
858 305 940 366 qui
983 305 1142 358 Troas
1178 302 1381 351 Achivis
1420 305 1621 352 obiecit?
1699 321 1824 367 quae

131 380 283 428 fortia
319 380 523 428 fuerunt
561 379 779 428 servavit
818 379 882 427 ad
919 379 1067 427 finem
1105 379 1156 426 et
1191 377 1245 425 in
1285 377 1463 439 quibus
1502 378 1670 426 Venus
1716 380 1827 441 ipsa

131 455 300 517 potuit
337 452 619 516 specialiter
657 453 937 503 deformari.
993 453 1238 516 quereriS,
1278 453 1370 514 ait,
1409 454 1459 500 et
1497 452 1827 501 Troianorum

130 529 265 576 mala
287 528 506 592 graviter
527 527 809 591 ingemiscis
833 529 982 590 atque
1003 527 1057 574 in
1087 542 1166 575 me
1190 526 1551 590 congerendum
1574 526 1826 575 existimas

132 603 265 666 quod
323 604 525 650 tuorum
583 602 658 650 est
719 600 994 649 criminum.
1094 616 1248 664 egone
1308 600 1504 662 perdidi
1563 601 1827 663 imperium

132 674 343 724 Troiae?
397 691 511 740 ego,
543 691 608 723 an
638 675 724 723 ille
757 676 843 739 qui
875 673 1076 724 Graecis
1099 675 1305 724 miseros
1339 675 1581 723 Troianos
1614 674 1826 723 obiecit?

132 751 277 814 quasi
323 749 492 798 dolens
538 749 742 798 miseros
790 751 938 798 vocat
984 749 1161 811 quibus
1209 750 1351 798 atrox
1398 750 1562 797 fuerat
1608 749 1827 811 inimica,

131 826 191 872 ut
239 839 501 887 personam
540 823 749 872 Veneris
800 823 1095 888 gravissimo
1146 822 1365 872 invidiae
1418 822 1634 885 pondere
1686 839 1825 886 prae-

132 899 379 962 gravaret.
473 897 700 959 Troiani,
759 897 949 960 inquit,
1009 913 1108 946 non
1169 896 1502 960 perdidissent
1562 898 1828 960 imperium

8 974 33 980 ”
78 1030 81 1033 .
131 972 406 1036 Phrygiae,
460 971 503 1021 si
551 971 792 1020 luxuriosi
845 987 946 1020 non
999 973 1183 1033 essent,
1235 972 1281 1020 si
1333 987 1434 1019 non
1486 973 1536 1020 te
1598 973 1720 1022 duce
1773 973 1828 1020 in

133 1047 351 1094 alienum
380 1045 755 1095 matrimonium
785 1045 1107 1107 invasissent,
1140 1046 1182 1094 si
1212 1061 1314 1094 non
1345 1046 1409 1094 ad
1437 1045 1642 1095 illorum
1673 1046 1828 1095 disso-

132 1122 264 1169 lutos
303 1136 463 1168 mores
502 1122 579 1168 tui
618 1121 813 1169 sceleris
851 1119 1095 1168 iunxisses
1127 1122 1466 1184 augmentum.
1522 1135 1645 1180 quae
1676 1136 1830 1170 causa

131 1195 229 1254 fuit
267 1209 552 1256 consu-ryere
589 1195 644 1242 in
682 1210 826 1243 arma
863 1195 1213 1255 Europamque
1242 1192 1513 1254 Asiamque
1552 1198 1595 1242 et
1630 1195 1830 1254 foedera

133 1269 314 1316 solvere
362 1270 528 1328 furto?
613 1283 689 1316 me
738 1269 857 1316 duce
905 1269 1204 1316 Dardanius
1253 1267 1486 1328 Spartam
1536 1271 1832 1330 expugnavit

135 1343 358 1391 adulter?
433 1346 520 1391 aut
558 1357 638 1404 eyo
677 1343 771 1391 tela
810 1343 952 1390 dedi?
1004 1343 1164 1402 fovive
1205 1340 1446 1403 Cupidine
1485 1342 1642 1390 bella?
1696 1343 1829 1391 deni·

136 1433 254 1479 que,
305 1416 398 1478 ait,
450 1416 776 1466 discutiamus
827 1431 1029 1465 causam
1077 1418 1198 1465 tunc
1246 1416 1368 1464 belli
1413 1416 1647 1465 commoti
1685 1420 1735 1466 et
1771 1420 1831 1466 tu

133 1490 400 1539 invenieris
439 1491 491 1538 in
530 1491 749 1539 crimine.
803 1493 863 1538 tu
901 1493 1032 1539 enim
1070 1490 1206 1540 viam
1245 1492 1295 1539 et
1325 1491 1550 1539 fomitem
1582 1491 1830 1540 adulterio

43 1591 49 1595 -
134 1564 435 1614 conficiendo
474 1565 772 1628 praebuisti3
818 1580 936 1613 nam
987 1581 1114 1628 quae
1159 1564 1260 1613 fuit
1306 1580 1456 1613 causa
1495 1565 1593 1613 alia
1632 1582 1690 1614 ex
1729 1583 1832 1629 qua

135 1640 199 1688 ad
259 1640 671 1704 expugnationem
731 1642 810 1689 tot
868 1639 1069 1688 urbium
1124 1638 1411 1688 veniretur?
1501 1642 1558 1688 tu
1611 1640 1832 1688 virorum

133 1728 312 1762 manus
363 1714 590 1776 armasti,
640 1729 737 1777 quo
788 1715 842 1762 in
891 1715 1025 1762 facto
1077 1712 1270 1777 Cupido
1320 1715 1437 1762 tuus
1488 1730 1588 1762 non
1640 1730 1830 1764 amores

135 1788 332 1849 solitos,
371 1789 457 1836 sed
494 1787 741 1836 bellorum
778 1789 910 1837 faces
950 1789 1188 1838 accendit.
1274 1803 1477 1837 causam
1522 1788 1645 1836 mali
1692 1790 1832 1837 aurei

136 1864 186 1910 et
234 1862 474 1910 iniuriam
511 1861 705 1911 Paridis
760 1863 813 1910 in
867 1862 1092 1911 sensibus
1148 1862 1278 1926 gerit
1327 1864 1377 1911 et
1424 1861 1570 1911 huius
1623 1878 1830 1911 comme-

135 1936 463 1984 morationem
510 1937 762 1985 subtiliter
810 1937 955 1998 facit,
1003 1939 1062 1985 ut
1100 1937 1331 1985 ostendat
1369 1936 1613 1984 excidium
1653 1937 1831 1986 Troiae

135 2010 275 2058 nullo
322 2010 413 2058 deo
462 2026 486 2058 e
527 2010 718 2059 diverso
758 2011 1008 2072 veniente,
1054 2011 1140 2060 sed
1187 2011 1292 2060 solo
1332 2011 1462 2059 facto
1501 2011 1709 2060 Veneris
1750 2028 1831 2059 ex-

65 2132 68 2137 ,
135 2084 313 2133 titisse.
367 2084 568 2133 foedera
599 2085 788 2135 solvere
818 2086 955 2134 furto
988 2087 1065 2134 est
1093 2084 1403 2134 matrim0nii
1431 2085 1567 2147 iura,
1598 2086 1831 2134 honestos

135 2173 290 2206 nexus
332 2160 381 2206 et
418 2158 620 2207 vincula
658 2160 796 2222 turpi
834 2159 1159 2208 conventione
1192 2159 1474 2208 dissolvere.
1530 2163 1644 2208 tunc
1676 2160 1833 2208 decuit

259 2333 282 2372 1
317 2331 395 2386 qui
431 2331 573 2374 Troas
604 2343 692 2373 om.
725 2328 821 2373 VR.
867 2330 871 2388 Ι
917 2331 1089 2375 achivis
1119 2330 1161 2374 V
1193 2343 1247 2375 ae
1277 2344 1383 2374 cum
1414 2330 1566 2386 spatio
1598 2344 1743 2374 vacuo
1775 2330 1830 2374 R.

139 2392 164 2431 3
197 2390 427 2445 quaereris
465 2387 549 2432 VR
581 2389 651 2432 ed.
697 2402 810 2432 corr.
845 2389 916 2432 ed.
948 2392 1068 2445 post.
1190 2394 1218 2433 4
1249 2390 1576 2447 conqereudum
1606 2390 1648 2433 R
1686 2404 1831 2447 coyer-

138 2447 179 2490 V
218 2461 374 2505 ayyer—
417 2448 488 2492 ed.
541 2449 545 2506 Ι
596 2449 863 2493 existimaus
899 2447 954 2493 V.
1077 2453 1103 2492 5
1129 2449 1323 2505 perdedi
1360 2448 1456 2493 VR.
1581 2454 1607 2493 6
1650 2462 1727 2506 eqo
1769 2463 1832 2493 an

139 2507 211 2550 illi
241 2508 320 2562 qui
343 2506 429 2550 VR
459 2521 594 2564 eqoue
623 2509 708 2551 illa
739 2521 853 2563 quae
882 2507 953 2552 ed.
1060 2513 1085 2551 9
1116 2509 1424 2564 perdedissent
1447 2507 1501 2551 V.
1612 2512 1667 2551 10
1699 2509 1833 2551 luxu-

138 2567 255 2610 riose
278 2566 332 2609 R.
370 2569 374 2624 Ι
410 2572 552 2610 essent
572 2566 658 2609 VR
679 2567 876 2620 fuissent
907 2567 978 2611 ed.
1015 2567 1020 2626 Ι
1055 2570 1107 2612 in
1130 2581 1217 2611 om.
1244 2568 1315 2612 ed.
1410 2571 1462 2610 11
1497 2567 1560 2611 ad
1583 2581 1670 2611 om.
1689 2567 1785 2611 VR.
1823 2567 1827 2625 Ι

139 2625 373 2669 dissolutis
403 2627 604 2670 moribus
636 2626 706 2670 ed.
843 2631 896 2669 12
929 2628 1023 2671 tuis
1053 2628 1237 2671 caeleris
1267 2627 1352 2670 VR
1385 2640 1498 2671 corr.
1533 2626 1602 2670 ed.
1698 2630 1752 2670 13
1784 2639 1832 2670 eo

139 2697 383 2740 ropamque
413 2684 466 2727 V.
563 2690 617 2728 14
640 2691 828 2741 partam
853 2685 895 2728 R
919 2691 1098 2741 partem
1121 2685 1165 2728 V
1195 2700 1278 2742 pro
1311 2686 1536 2742 Spartam.
1632 2690 1686 2728 16
1718 2699 1832 2729 com-

141 2744 249 2787 moti
294 2749 337 2788 et
380 2748 431 2788 tu
461 2743 546 2787 VR
591 2746 700 2788 moti
745 2750 796 2788 tu
844 2743 960 2788 edF.
1099 2749 1153 2788 17
1200 2745 1400 2799 fomitem
1431 2744 1516 2787 VR
1552 2744 1722 2797 fontem
1760 2743 1831 2788 ed.

144 2805 198 2845 18
236 2816 345 2846 nam
383 2817 498 2859 quae
528 2803 571 2846 R
607 2818 802 2859 ‘namque
825 2803 879 2847 V.
934 2804 938 2862 Ι
989 2818 1044 2848 ex
1073 2818 1160 2860 quo
1195 2804 1266 2848 ed.
1420 2808 1474 2846 19
1514 2809 1748 2847 veneretur
1776 2802 1832 2849 V.

143 2865 198 2904 21
240 2862 401 2906 solitus
423 2861 478 2905 V.
531 2861 535 2919 Ι
586 2863 791 2906 ascendit
826 2863 879 2907 R.
1026 2867 1080 2907 23
1124 2865 1387 2919 subpliciter
1410 2862 1453 2904 V
1494 2864 1654 2918 suppl·
1687 2862 1728 2905 R
1760 2862 1829 2906 ed.

143 2921 302 2975 simpl·
347 2921 418 2964 ed.
453 2923 573 2977 post.
618 2923 843 2966 subtiliter
885 2935 981 2966 nos.
1105 2927 1160 2966 24
1204 2928 1246 2967 et
1286 2922 1460 2966 diverso
1495 2921 1549 2965 V.
1673 2926 1727 2965 25
1771 2927 1836 2966 est

144 2979 268 3031 furto
297 2978 384 3022 VR
415 2980 486 3024 ed.
523 2994 636 3024 corr.
663 2981 736 3025 ed.
760 2983 881 3036 post.
934 2981 938 3039 Ι
987 2982 1198 3026 honestus
1221 2981 1318 3025 VR.

235 3067 333 3100 Don.
350 3067 509 3108 interpr.
521 3069 634 3110 Verg.
659 3070 734 3102 vol.
750 3070 802 3101 Π.
1511 3073 1567 3111 20

1860 1131 1917 1171 90
