2050 3226
251 147 361 201 480
726 143 959 190 DONATI
989 143 1269 189 INTERPR.
1294 143 1473 189 VERG.

251 284 403 334 etiam
438 284 667 334 Troianis
706 300 806 333 non
845 285 948 334 sine
986 283 1297 332 infinitorum
1333 283 1481 332 caede
1519 284 1732 348 gloriam
1770 300 1923 348 prove

251 359 383 408 nisse
435 374 492 408 ac
540 358 813 423 perdidisse
862 358 1111 406 infinitam
1155 357 1484 419 iuventutem,
1543 362 1693 421 quam
1741 357 1946 408 illorum

251 435 484 496 putamus
509 432 730 482 extitisse
754 431 1050 482 victoriam?
1097 431 1253 480 vincit
1273 430 1360 480 ille
1393 433 1482 495 qui
1513 448 1571 480 ex
1602 433 1946 496 congressione

250 507 372 556 belh’
416 507 521 556 sine
568 507 706 555 clade
754 505 1054 555 discesserit:
1106 507 1160 554 at
1204 506 1292 554 isti
1330 508 1381 555 et
1425 505 1697 555 amiserunt
1742 521 1858 556 suos
1898 508 1948 556 et

251 582 364 645 pari
401 582 727 630 certaminum
765 581 1060 642 tempestate
1099 579 1324 630 subversi
1361 582 1490 629 sunt.
1554 597 1683 644 quae
1725 597 1838 629 cum
1873 581 1948 629 ita

252 657 375 718 sint,
426 671 515 704 cur
550 655 604 702 in
640 654 763 717 ipsis
802 654 960 702 initiis
1000 654 1250 703 deficimus
1290 655 1340 703 et
1379 655 1493 703 ante
1539 656 1760 705 sonitum
1797 654 1948 703 tubae

252 731 472 794 graviter
503 727 960 777 contremiscimus?
1002 730 1050 776 et
1082 731 1197 777 ante
1228 727 1404 778 solitus
1429 731 1505 777 est
1525 730 1795 792 utcumque
1825 729 1947 777 rele-

171 820 174 823 ⁴
251 820 369 853 vare
407 804 656 852 malorum
694 804 980 865 apertorum
1021 802 1264 852 invidiam
1303 805 1354 851 et
1391 818 1510 851 vera
1547 803 1687 852 falsis
1728 803 1947 852 obruere.

252 894 369 926 nam
413 893 511 926 non
552 892 712 939 aequa
756 877 1021 940 utriusque
1060 877 1219 939 partis
1267 876 1523 926 calamitas
1569 877 1670 927 fuit
1719 871 1859 945 (nam
1896 878 1948 925 in

251 952 410 1014 ipsius
450 951 652 1015 gravior
688 945 874 1016 magis)
915 953 966 999 et
1002 966 1103 998 non
1133 950 1336 999 initium
1366 951 1534 1000 fuerat
1569 951 1710 1014 belli,
1749 951 1947 1014 quando

251 1026 354 1074 iam
393 1025 655 1074 constabat
693 1041 840 1088 saepe
880 1028 930 1073 et
965 1025 1096 1073 male
1134 1026 1436 1089 pugnatum,
1477 1027 1742 1075 tremorem
1780 1027 1949 1074 autem

252 1116 351 1148 non
381 1101 696 1163 repentinum
726 1099 832 1147 fore
864 1115 923 1147 ex
952 1099 1191 1148 tubarum
1223 1099 1559 1164 clangoribus,
1592 1100 1679 1150 sed
1701 1100 1949 1149 usitatum

253 1175 303 1221 et
334 1190 392 1222 ex
423 1174 642 1223 adversis
681 1174 828 1222 malis
861 1174 1095 1222 anticum,
1150 1175 1339 1222 interea
1379 1176 1500 1237 quia
1532 1175 1702 1238 potuit
1730 1174 1785 1222 in
1814 1190 1947 1223 men·

254 1248 395 1297 dacio
419 1247 659 1310 convinci,
684 1247 878 1296 addidit
902 1249 1051 1296 etiam
1072 1248 1172 1297 ista
1195 1249 1505 1297 consentiens
1530 1248 1783 1297 subtiliter
1797 1247 1950 1298 veris:

149 1331 236 1372 425
251 1323 408 1371 ‘multa
445 1323 548 1370 dies
585 1323 848 1382 variusque
887 1322 1024 1370 labor
1060 1323 1311 1371 mutabilis
1342 1324 1451 1370 aevi
1479 1323 1661 1370 rettulit
1680 1323 1736 1370 ‘tn
1761 1323 1947 1378 meliuS,

252 1397 427 1445 multos
473 1397 664 1445 alterna
709 1397 923 1445 revisens
971 1397 1086 1444 lusit
1132 1400 1174 1445 et
1215 1397 1269 1445 in
1314 1397 1466 1445 solido
1523 1411 1700 1445 rursus
1748 1399 1951 1457 fortuna

255 1472 438 1519 locavit.
491 1472 643 1532 certe,
681 1471 869 1534 inquit,
909 1471 953 1519 si
991 1471 1197 1519 adverso
1239 1472 1422 1521 eventu
1462 1471 1818 1534 pugnavimuS,
1869 1470 1950 1518 de-

251 1546 487 1594 trimenta
525 1545 794 1608 superioris
839 1545 1078 1607 temporis
1117 1545 1301 1595 futuris
1342 1560 1603 1608 possumus
1643 1544 1951 1594 successibus

251 1635 499 1681 reparare.
575 1619 707 1667 ludit
753 1618 883 1666 enim
929 1619 1151 1667 homines
1201 1619 1402 1667 fortuna
1447 1621 1498 1668 et
1543 1618 1822 1681 superiores
1869 1617 1949 1666 de-

252 1694 343 1741 icit
367 1693 635 1755 aliquando
668 1695 719 1741 et
743 1693 892 1757 erigit
916 1693 1186 1756 aliquando
1218 1693 1448 1742 deiectos.
1499 1693 1660 1740 multa
1692 1692 1796 1742 dies
1827 1693 1949 1741 haec

253 1768 477 1831 praestat
530 1769 580 1815 et
628 1767 876 1816 indefessa
928 1767 1113 1816 laboris
1166 1766 1431 1828 instantia,
1495 1767 1697 1816 venient
1740 1766 1950 1817 meliora

253 1842 499 1904 posterius
539 1844 589 1890 et
626 1844 798 1890 nostra
847 1842 1106 1890 commoda
1143 1844 1390 1904 proventu
1427 1840 1629 1889 meliore
1666 1840 1948 1890 firmabunt.

254 1916 520 1977 respondet
569 1918 618 1964 et
666 1917 743 1964 illi
789 1917 924 1978 parti
975 1931 1075 1977 qua
1113 1915 1375 1964 Diomedes
1427 1915 1586 1963 dictus
1637 1917 1714 1964 est
1763 1914 1950 1964 auxilia

256 1988 543 2053 denegasse:
593 2005 692 2038 non
731 1991 820 2038 erit
864 1991 1048 2038 auxilio
1095 1991 1234 2038 nobis
1271 1987 1473 2037 Aetolus
1520 1993 1562 2037 et
1598 1987 1742 2049 Arpi,
1818 1989 1950 2051 inde,

254 2062 443 2126 inquit,
475 2064 681 2112 consilio
714 2067 763 2112 et
793 2066 956 2113 mente
989 2064 1261 2125 defecistis,
1302 2065 1422 2126 quia
1451 2063 1708 2112 Diomedis
1740 2064 1948 2112 societas

256 2137 394 2186 vobis
441 2138 670 2200 prodesse
722 2139 896 2187 noluit.
974 2141 1025 2187 at
1061 2139 1329 2198 Messapus
1375 2139 1464 2186 erit
1507 2138 1717 2198 felixque
1756 2137 1949 2185 Tolum-

153 2215 239 2255 430
256 2212 370 2259 nius
416 2215 459 2259 et
504 2226 620 2270 quos
666 2215 731 2259 tot
767 2213 942 2273 populi
984 2213 1158 2260 misere
1203 2213 1347 2260 duces
1395 2226 1483 2260 nec
1518 2227 1685 2272 parva
1729 2213 1950 2271 sequetur

253 2285 412 2346 yloria
449 2285 648 2334 delectos
679 2286 826 2334 Latio
858 2289 901 2334 et
930 2287 1264 2334 Laurentibus
1295 2287 1453 2347 ayris:
1492 2285 1579 2348 qui
1609 2301 1721 2334 vere
1752 2285 1951 2333 fuerant

256 2360 346 2408 hos
393 2359 606 2423 propriis
653 2360 937 2408 nominibus
984 2360 1287 2424 designavit,
1339 2375 1461 2423 quos
1512 2360 1640 2408 falso
1691 2358 1950 2408 adserebat

257 2434 554 2497 generaliter
582 2434 773 2498 tetigit:
804 2450 1048 2496 quosque,
1082 2434 1175 2495 ait,
1205 2437 1283 2483 tot
1310 2433 1483 2497 populi
1514 2433 1661 2482 duces
1690 2433 1949 2483 miserunt.

257 2524 371 2570 non,
401 2507 583 2570 inquit,
606 2523 763 2570 parva
795 2508 1212 2572 sequeturgloria
1244 2523 1369 2571 quos
1399 2507 1637 2556 habemus
1670 2522 1727 2554 ex
1759 2506 1948 2556 civibus

257 2582 410 2630 lectos
441 2581 586 2629 Latio
620 2583 669 2630 et
698 2580 1030 2630 Laurentibus
1073 2583 1220 2646 agris.
1279 2581 1439 2630 laudis
1471 2582 1578 2629 loco
1611 2582 1685 2628 est
1714 2579 1949 2643 positum,

257 2658 315 2703 ut
345 2658 528 2704 natura
558 2657 710 2705 fortes
748 2655 1106 2719 intellegantur
1138 2672 1259 2719 quos
1292 2655 1444 2705 Italia
1474 2656 1697 2719 generat,
1739 2670 1950 2717 quorum

379 2786 404 2824 3
447 2783 556 2826 vicit
597 2782 668 2825 ed.
797 2787 825 2826 4
867 2782 1070 2826 discessit
1111 2782 1182 2825 ed.
1313 2787 1337 2825 7
1381 2782 1556 2826 sonitus
1589 2779 1631 2823 V
1673 2780 1834 2824 solitus
1876 2780 1947 2824 ed.

262 2844 316 2883 10
348 2842 494 2896 ipsius
516 2841 558 2885 V
591 2844 668 2897 (sc.
701 2843 852 2897 parte)
883 2842 997 2897 ipsis
1027 2843 1095 2884 vis
1127 2841 1197 2885 ed.
1291 2846 1345 2884 27
1378 2841 1581 2896 sequitur
1603 2838 1658 2882 V.
1752 2842 1807 2882 30
1840 2853 1950 2894 quos

259 2900 381 2944 velut
410 2900 452 2944 V
489 2901 609 2946 velut
646 2914 758 2956 quos
794 2899 895 2944 edF
939 2914 1132 2956 quosque
1171 2901 1239 2945 ait
1276 2915 1381 2955 nos,
1415 2899 1525 2955 quia
1556 2899 1676 2944 velut
1705 2897 1950 2942 intellectu

260 2960 401 3002 caret.
450 2958 455 3018 1
504 2961 722 3004 miserant
746 2959 787 3002 V
813 2959 884 3004 ed.

1981 966 2023 998 10

1983 1336 2024 1370 15

1982 1707 2025 1739 20

1983 2076 2024 2109 25

1982 2446 2024 2479 30
