2050 3226
835 139 1140 213 AENEIDOS
1171 139 1213 182 X
1763 141 1871 195 379

179 297 258 328 me
289 279 567 328 malueritis
600 282 774 328 contra
807 284 918 329 11166
948 281 1068 330 vota
1102 295 1319 341 servare,
1359 278 1474 327 date
1506 278 1667 342 Syrtis
1700 294 1872 328 saevas

181 357 232 404 et
271 353 496 416 Syrtium
533 353 679 402 vada.
739 354 844 403 illic
874 354 1073 403 traham
1101 353 1353 402 infelicem
1382 353 1540 402 vitam
1571 369 1670 416 quo
1702 354 1872 402 nullus

181 429 322 492 sequi
359 428 528 478 valeat
568 429 619 476 et
655 427 785 477 unde
824 429 993 492 opinio
1032 427 1245 477 nominis
1284 428 1384 476 mei
1429 428 1494 475 ad
1531 442 1667 476 meos
1713 428 1873 476 omnis

180 503 348 552 venire
387 518 487 551 non
525 501 696 565 possit.
773 502 891 551 haec
926 517 1203 552 memorans
1241 502 1406 550 animo
1445 516 1577 550 nunc
1613 501 1707 549 huc
1743 516 1875 549 nunc
1892 512 1976 552 680

82 585 85 588 “
179 578 383 635 fbuctuat
417 576 555 632 illuc,
604 591 673 625 an
718 590 821 625 sese
857 591 1085 625 mucrone
1129 577 1186 625 ob
1233 578 1424 625 tantum
1464 575 1668 624 dedecus
1707 589 1875 623 amens

78 967 150 1000 '10

108 1338 150 1371 15

54 1687 75 1739 Ξῖ
107 1709 151 1741 20

62 2057 151 2110 ³25

61 2427 153 2478 ἶ110

179 651 357 699 induat
405 654 449 698 et
496 651 702 699 crudwm
745 665 841 710 per
890 654 1046 700 costas
1095 651 1255 712 exiyat
1303 664 1485 706 ensem,
1536 650 1762 708 fluctibus
1809 664 1873 697 an

178 725 331 773 iaciat
387 724 561 773 mediis
622 728 666 773 et
718 725 862 773 litora
913 725 1080 774 nando
1141 739 1294 774 curva
1346 727 1484 784 petat
1544 724 1876 784 Teucrumque

178 799 354 847 iterum
391 813 443 847 se
478 798 653 847 reddat
689 799 743 847 in
789 814 957 848 arma:
1006 815 1118 848 cum
1166 800 1289 848 haec
1339 799 1505 847 animo
1555 798 1779 847 volveret
1827 800 1877 846 et

181 873 348 922 animo
374 872 666 921 -fluctuaret
717 866 860 939 (apto
910 873 1060 923 verbo
1110 888 1231 922 usus
1282 875 1358 922 est
1406 873 1638 934 fluctuat3
1689 872 1878 921 adlusit

181 948 327 1008 enim,
361 946 599 1009 quoniam
628 948 682 995 in
713 947 945 996 fluctibus
976 948 1088 1008 fuit,
1119 949 1179 995 ut
1208 950 1373 996 mente
1405 962 1603 1009 quoque
1634 946 1876 995 fluctuare

179 1021 432 1070 videretur
483 1022 582 1070 huc
636 1023 787 1084 atque
837 1022 958 1070 illuc
1007 1023 1204 1071 vertens
1244 1023 1500 1070 tractatus
1553 1035 1665 1069 suos
1717 1021 1876 1069 omnis

179 1095 427 1145 instabilis
474 1098 524 1144 et
561 1089 764 1162 vagos),
808 1096 986 1159 incipit
1030 1096 1208 1144 dicere
1231 1097 1320 1158 qui
1358 1096 1460 1144 sint
1495 1095 1594 1158 ipsi
1631 1096 1876 1144 tractatus

182 1172 232 1219 et
276 1169 329 1217 in
377 1172 590 1233 quantas
637 1171 741 1219 sint
785 1173 973 1233 species
1020 1170 1110 1219 sub
1155 1171 1345 1219 incerto
1386 1168 1556 1219 divisi:
1604 1169 1877 1231 aliquando

181 1243 314 1292 enim
361 1243 576 1307 parabat
625 1259 729 1292 sese
779 1247 1034 1307 percutere
1082 1243 1266 1309 gladio·
1298 1246 1348 1292 et
1397 1244 1528 1292 ferro
1580 1243 1879 1292 abolendum

182 1317 475 1367 decernebat
514 1317 722 1368 dedecus
761 1333 929 1380 suum,
977 1318 1248 1381 aliquando
1287 1321 1346 1367 ut
1382 1318 1478 1367 iret
1514 1317 1568 1365 in
1606 1318 1789 1366 fluctus
1829 1319 1878 1365 et

180 1391 346 1440 nando
396 1391 678 1455 perveniret
728 1393 793 1440 ad
842 1392 1015 1454 litora,
1066 1393 1151 1441 sed
1199 1393 1292 1441 hoc
1343 1408 1455 1441 cum
1494 1393 1644 1440 armis
1685 1391 1877 1440 efficere

180 1483 280 1515 non
317 1466 539 1529 valebat3
578 1466 776 1529 quando
809 1466 943 1515 enim
972 1469 1146 1516 natare
1185 1469 1355 1530 posset
1393 1468 1637 1527 armatus,
1674 1465 1877 1514 inermis

181 1542 349 1589 autem
389 1540 637 1603 quomodo
675 1540 868 1590 veniret
899 1541 962 1590 ad
1000 1543 1182 1602 terras,
1222 1542 1264 1590 si
1304 1557 1443 1590 arma
1480 1542 1687 1589 reiceret
1725 1541 1876 1588 armis

179 1614 400 1664 hostium
444 1615 592 1678 pleno
642 1615 817 1664 ardore
863 1614 1202 1665 ferventibus?
1266 1619 1337 1663 ter
1384 1618 1585 1664 conatus
1621 1617 1878 1674 utramque
1895 1627 1980 1668 685

179 1690 334 1746 viam,
381 1692 452 1737 ter
488 1690 708 1738 maxima
746 1690 877 1738 Iuno
924 1691 1159 1738 continuit
1194 1690 1506 1749 iuvenemque
1544 1689 1700 1738 animi
1737 1689 1878 1737 mise-

179 1766 293 1812 rata
330 1765 582 1824 repressit:
622 1763 850 1826 quotiens
889 1764 1049 1814 voluit
1090 1763 1298 1827 adgredi
1329 1764 1544 1812 alterum
1583 1762 1642 1810 de
1683 1762 1878 1812 duobus

179 1837 364 1886 totiens
403 1837 530 1886 Iuno
563 1837 761 1888 ardores
798 1839 952 1887 animi
982 1839 1227 1887 iuvenalis
1260 1839 1520 1901 oppressit.
1594 1836 1715 1900 quid
1747 1836 1879 1885 enim

181 1911 438 1975 prodesset
475 1911 627 1960 morti
664 1928 768 1962 esse
807 1912 1139 1975 subtractum,
1186 1914 1230 1961 si
1268 1928 1319 1961 se
1357 1912 1411 1960 in
1449 1912 1578 1960 mari
1615 1912 1879 1974 perimeret

184 1987 271 2034 aut
316 1987 522 2035 necatus
567 1986 620 2034 in
666 1987 845 2051 pelago
891 1988 1106 2036 ferretur
1151 1986 1215 2035 ad
1260 1985 1480 2035 terram?
1545 1987 1727 2034 labitur
1776 1986 1878 2033 alta

181 2074 352 2108 secans
382 2061 623 2121 fluctuque
653 2064 881 2121 aestuque
917 2062 1126 2110 secundo
1159 2064 1202 2109 et
1226 2062 1388 2121 patris
1418 2062 1672 2120 antiquam
1702 2060 1879 2108 Dauni

184 2134 400 2194 defertur
430 2134 498 2182 ad
526 2135 719 2183 urbem:
757 2151 865 2183 ecce
898 2138 1144 2198 quantum
1178 2135 1346 2198 potuit
1374 2135 1525 2183 Iuno:
1564 2151 1678 2183 cum
1718 2134 1876 2182 diver-

184 2223 265 2256 sos
309 2210 554 2257 tractatus
602 2210 791 2257 excutit
835 2209 1031 2258 Turnus
1071 2213 1122 2258 et
1159 2209 1532 2258 deliberationis
1579 2207 1878 2258 sententiam

186 2281 508 2332 existentibus
549 2284 699 2346 atque
731 2284 1104 2333 occurrentibus
1144 2285 1407 2332 contrariis
1447 2284 1596 2348 figere
1634 2283 1716 2331 vel
1748 2282 1876 2329 ordi·

184 2372 302 2405 nare
341 2372 441 2405 non
479 2356 683 2418 sinitur,
728 2358 871 2406 navis
911 2357 1018 2406 sine
1056 2359 1268 2420 rectore,
1316 2359 1422 2407 sine
1461 2360 1588 2419 arte,
1639 2355 1877 2419 suffragio

184 2433 506 2493 prosperante
552 2432 813 2479 ventorum
859 2430 924 2479 ad
970 2433 1230 2495 antiquam
1274 2432 1448 2480 urbem
1497 2430 1724 2480 secundis
1770 2430 1876 2492 lap·

185 2504 318 2553 sibus
380 2505 530 2553 venit.
632 2505 915 2568 conpletum
976 2508 1052 2556 est
1118 2507 1253 2570 quod
1307 2505 1443 2569 apud
1495 2506 1664 2553 Iovem
1719 2498 1877 2570 (615)

303 2664 329 2702 5
368 2661 626 2705 obstantum
657 2659 713 2704 V.
836 2665 860 2705 7
892 2662 1043 2707 iaceat
1062 2661 1105 2705 V
1130 2662 1201 2706 ed.
1334 2665 1388 2704 10
1426 2661 1514 2717 quo'
1528 2660 1804 2716 :quoniam
1839 2658 1876 2700 V

184 2719 401 2774 quomodo
426 2719 497 2764 ed.
585 2723 639 2763 13
671 2721 723 2764 in
745 2721 975 2776 transpose.
1002 2721 1073 2766 ed.
1161 2726 1215 2765 16
1247 2735 1348 2765 cum
1381 2734 1467 2764 om.
1495 2719 1566 2763 ed.
1655 2723 1708 2762 17
1734 2733 1876 2774 quan-

184 2778 241 2822 do
265 2777 307 2821 V
336 2791 431 2823 non
461 2779 534 2823 ed.
634 2782 690 2823 20
720 2780 843 2823 viam
874 2793 962 2824 om.
987 2779 1042 2824 V.
1143 2785 1197 2823 22
1230 2780 1449 2824 iuvenilis
1478 2778 1550 2822 ed.
1652 2782 1708 2821 24
1739 2791 1878 2835 11696-

184 2841 259 2881 tus
281 2836 336 2880 V.
429 2842 485 2882 25
516 2843 645 2883 aestu
674 2839 900 2894 fluctuque
931 2838 1002 2883 ed.
1096 2843 1152 2883 28
1183 2840 1351 2896 finqere
1383 2838 1454 2882 ed.
1555 2840 1609 2880 29
1642 2838 1814 2881 sinitur
1836 2836 1878 2880 V

178 2897 461 2951 permittitur
502 2897 574 2941 ed.
627 2900 630 2953 1
688 2896 909 2955 suffrayio
943 2897 986 2941 V
1026 2899 1123 2943 sine
1160 2912 1194 2942 s.
1236 2898 1306 2941 ed.
1431 2900 1487 2940 30
1526 2896 1706 2941 addant
1739 2895 1776 2938 V
1817 2896 1878 2940 ad

189 2956 425 3011 antiquam
457 2969 570 3000 corr.
604 2956 676 3000 ed.
