2050 3226
151 158 258 213 508
626 156 859 202 DONATI
887 156 1170 201 INTERPR.
1194 155 1375 201 VERG.

148 297 239 345 illa
277 297 418 345 levis:
455 297 617 347 levem
648 297 774 345 dixit
809 298 1002 345 remota
1041 295 1256 360 segnitia
1295 298 1644 359 properantem
1684 296 1748 344 ad
1787 313 1846 346 ea

147 371 385 434 inplenda
417 386 545 434 quae
575 372 742 420 Diana
778 370 1118 419 mandaverat.
1173 370 1294 418 caeli
1323 371 1536 419 demissa
1560 385 1653 431 per
1691 386 1846 420 auras

147 446 366 494 insonuit
386 447 525 507 niqro
551 446 851 494 circumdata
871 445 1062 493 turbine
1086 458 1284 504 corpus:
1307 444 1543 507 quicquid
1567 445 1626 493 de
1652 461 1843 495 summo

147 519 301 568 fuerit
331 520 563 568 emissum
594 534 789 568 necesse
814 522 911 581 est,
948 521 1006 567 ut
1037 518 1121 567 det
1151 519 1392 580 sonitum,
1432 521 1482 567 et
1511 521 1714 569 ventum
1749 519 1846 568 sibi

149 610 207 642 ex
245 610 357 642 aere
398 594 649 655 conciliet,
699 593 786 642 sed
823 593 940 642 huic
977 593 1172 641 Dianae
1219 593 1400 641 auxilio
1446 594 1608 658 magis
1646 594 1846 642 videtur
1898 605 1919 638 5

147 683 250 717 esse
289 670 631 731 procuratum,
669 669 728 716 ut
765 667 963 716 facilius
1002 667 1286 730 perveniret
1323 667 1387 715 ad
1423 669 1581 716 terras
1615 670 1665 716 et
1700 667 1844 718 deve-

130 742 365 791 nientem
404 744 623 790 cerneret
659 742 845 790 nullus.

264 815 334 863 At
388 831 568 864 manus
621 816 807 864 interea
866 816 1023 864 muris
1083 815 1305 863 Troiana
1357 816 1660 875 propinquat
1722 816 1843 878 Tyr-

144 891 373 951 rhenique
411 891 555 938 duces
587 891 889 951 equitumque
912 890 1146 938 exercitus
1175 890 1346 946 omnis,
1380 890 1614 950 conpositi
1642 905 1843 939 numero

43 971 128 1011 600
147 966 199 1012 in
237 968 450 1012 turmas:
486 965 652 1025 fremit
688 978 894 1024 aequore
931 967 1023 1012 toto
1057 964 1304 1012 insultans
1349 962 1543 1024 sonipes
1581 967 1624 1012 et
1653 965 1843 1024 pressis
1875 976 1917 1008 10

137 1042 330 1100 puqnat
365 1039 568 1087 habenis
604 1039 698 1087 huc
727 1040 959 1087 obversus
991 1042 1034 1086 et
1061 1039 1182 1097 huc,·
1211 1041 1314 1085 tuni
1344 1038 1438 1086 late
1466 1040 1659 1099 ferreus
1687 1039 1842 1087 hastis

143 1114 303 1160 horret
348 1128 464 1174 aqer
509 1112 760 1174 campique
799 1113 953 1161 armis
992 1113 1282 1161 sublimibus
1320 1113 1507 1160 ardent.
1589 1113 1843 1175 reliquum

144 1190 219 1236 est
255 1188 349 1235 hoc
387 1186 655 1250 superioris
695 1186 1063 1250 descriptionis,
1096 1202 1248 1249 quam
1278 1187 1606 1249 inperfectam
1638 1187 1842 1250 dimisit,

142 1264 202 1310 ut
241 1260 481 1310 Camillae
520 1261 745 1309 fabulam
783 1261 989 1323 diceret,
1030 1277 1130 1324 qua
1168 1261 1427 1310 subtracta
1457 1260 1501 1309 si
1530 1263 1693 1323 prima
1724 1277 1841 1324 pars

144 1338 294 1398 atque
332 1335 430 1384 ista
466 1337 724 1400 iungatur,
765 1351 866 1384 non
898 1337 992 1384 erit
1031 1335 1190 1384 divisa
1220 1336 1466 1399 narrati03
1499 1351 1651 1399 supra
1683 1328 1840 1404 (447)
1874 1352 1915 1385 15

143 1412 275 1458 enim
298 1410 425 1458 dixit
448 1409 692 1472 „nuntius
717 1410 910 1475 ingenti
931 1427 1021 1473 per
1042 1412 1181 1474 regia
1204 1412 1337 1458 tecta
1359 1411 1585 1458 tumultu
1608 1425 1716 1458 ecce
1738 1410 1842 1459 ruit

141 1484 433 1548 magnisque
465 1484 639 1532 urbem
660 1484 932 1534 terroribus
963 1485 1137 1547 inplet,
1167 1485 1436 1533 instructos
1470 1483 1574 1532 acie
1607 1483 1838 1533 Tiberino

143 1575 172 1607 a
209 1559 410 1607 flumine
450 1558 665 1607 Teucros
706 1559 1113 1622 Tyrrhenamque
1150 1574 1356 1606 manum
1393 1558 1513 1606 totis
1546 1557 1838 1607 descendere

142 1631 380 1696 campis“,
430 1632 511 1681 hic
562 1632 684 1682 dicit
733 1635 788 1682 at
831 1648 1010 1682 manus
1049 1633 1240 1681 interea
1277 1631 1431 1681 muris
1471 1632 1687 1680 Troiana
1725 1648 1837 1696 pro-

140 1709 354 1770 pinquat
391 1707 733 1770 Tyrrhenique
785 1707 932 1756 duces
986 1706 1308 1770 equitumque
1364 1707 1607 1755 exercitus
1663 1706 1837 1769 omnis,
1868 1722 1912 1754 so

140 1784 200 1830 ut
231 1784 472 1844 appareat
501 1781 745 1846 integrari
774 1797 919 1845 posse
949 1780 1302 1842 narrationem,
1334 1782 1377 1829 si
1402 1779 1640 1829 Camillae
1665 1780 1838 1830 fabula

141 1855 477 1904 subtrahatur.
532 1855 799 1905 veniebant
837 1856 991 1921 igitur
1029 1856 1100 1904 sic
1137 1856 1294 1904 muris
1333 1854 1741 1918 propinquantes,
1778 1857 1839 1904 ut

142 1931 363 1978 cessante
411 1930 573 1978 officio
619 1930 787 1979 nuntii
823 1929 983 1979 videri
1027 1932 1231 1992 possent
1267 1929 1321 1977 in
1360 1930 1666 1991 aequalitate
1706 1945 1834 1978 cam-

140 2019 339 2066 porum,
377 2019 532 2066 usque
573 2004 695 2053 adeo
735 2004 1008 2066 manifesti,
1054 2006 1113 2052 ut
1159 2005 1249 2066 qui
1295 2006 1458 2052 essent
1503 2005 1554 2052 et
1599 2004 1835 2066 quemad-

139 2078 342 2125 modum
381 2078 616 2127 instructi
655 2080 944 2127 accederent
981 2078 1293 2142 singulorum
1322 2093 1423 2125 non
1453 2079 1720 2142 negaretur
1751 2077 1834 2127 ob·
1866 2090 1909 2124 25

140 2151 348 2200 tutibus.
442 2166 529 2199 nec
576 2167 675 2200 non
719 2154 988 2213 Messapus
1038 2156 1205 2200 contra
1255 2153 1517 2211 celeresque
1565 2152 1740 2200 Latini
1793 2155 1836 2199 et

38 2234 123 2274 605
141 2241 249 2274 cum
294 2228 450 2286 fratre
491 2224 644 2274 Coras
691 2231 733 2274 et
776 2228 983 2288 virqinis
1029 2227 1114 2275 ala
1155 2225 1392 2274 Camillae
1430 2227 1626 2274 adversi
1664 2240 1832 2286 campo

140 2303 381 2360 apparent
430 2300 690 2359 hastasque
741 2301 952 2349 reductis
1006 2300 1304 2361 protendunt
1355 2301 1491 2360 lonqe
1550 2300 1731 2348 dextris
1792 2301 1836 2347 et

139 2374 330 2434 spicula
388 2374 586 2422 vibrant
645 2374 972 2434 adventusque
1030 2375 1191 2422 virum
1251 2374 1565 2435 fremitusque
1625 2373 1835 2424 ardescit

140 2462 393 2507 equorum:
442 2463 594 2510 quam
638 2449 869 2511 pulchra,
920 2464 1072 2511 quam
1118 2448 1324 2498 diversis
1365 2447 1621 2496 ornatibus
1662 2448 1831 2510 singu·
1863 2460 1906 2492 30

138 2522 300 2569 lorum
368 2521 672 2570 exercituum
739 2523 874 2571 facta
943 2523 1228 2585 descriptio!
1327 2522 1435 2570 ibat
1503 2521 1831 2570 Troianorum

260 2683 283 2722 1
317 2679 426 2722 levis
457 2679 593 2722 levem
624 2677 664 2720 V
697 2678 810 2722 leves
841 2679 953 2722 leves
991 2678 1084 2722 ed.:
1126 2679 1176 2721 at
1214 2678 1331 2722 Don.
1364 2678 1472 2722 levis
1511 2677 1569 2721 de
1607 2675 1828 2732 nympha,

139 2750 232 2780 non
271 2736 329 2780 de
371 2737 495 2779 auris
535 2737 722 2793 accipit.
830 2742 856 2780 8
896 2739 1123 2793 etrurique
1147 2737 1202 2791 V,
1236 2739 1286 2780 at
1316 2737 1508 2792 interpr.
1539 2736 1829 2793 tyrrhenique

138 2795 302 2849 habet,
355 2796 479 2851 quod
528 2795 684 2852 recepi
730 2809 1013 2851 quamquam
1059 2796 1188 2839 nullo
1230 2796 1370 2852 Verg.
1413 2794 1534 2839 libro
1579 2794 1827 2847 firmatum,

140 2855 442 2911 Hetruscique
484 2855 556 2899 ed.
680 2859 733 2898 17
773 2856 1020 2899 terroribus
1048 2854 1090 2899 V
1129 2811 1403 2900 clamoribus
1441 2854 1512 2897 ed.
1634 2856 1690 2895 24
1729 2854 1828 2908 qui-

139 2919 284 2958 escent
305 2913 347 2957 V
370 2915 450 2969 qui
480 2919 625 2959 essent
653 2927 736 2957 nos
767 2915 1039 2970 quiescerent
1070 2914 1141 2958 ed.
1239 2919 1293 2957 25
1326 2913 1552 2958 obtutibus
1573 2911 1615 2956 V
1638 2913 1829 2968 aspecti-

140 2973 222 3016 bus
254 2972 324 3016 ed.
447 2976 502 3016 29
535 2974 907 3029 adventusque—
926 2976 980 3016 30
1006 2987 1221 3029 equorum
1252 2986 1339 3016 om.
1366 2971 1437 3016 ed.
