2050 3226
250 204 356 256 144
714 200 947 246 DONATI
977 200 1258 244 INTERPR.
1284 200 1464 245 VERe.

144 353 228 393 195
243 343 398 401 facies
436 356 583 401 quam
633 341 746 388 dira
786 342 968 401 teyebat
1013 339 1159 402 [solis
1207 341 1507 389 inaccessam
1554 340 1765 403 radiisJ:
1811 342 1934 390 haec

246 416 398 464 etiam
443 415 744 464 extrinsecus
793 414 902 462 dira
949 417 999 462 et
1043 414 1318 476 horribilis,
1363 430 1523 478 usque
1570 416 1691 463 adeo
1730 417 1791 463 ut
1827 417 1934 464 sine

243 493 457 538 tremore
506 489 667 538 videri
714 505 815 537 non
853 491 1042 551 posset,
1087 489 1232 536 tanta
1280 490 1447 537 autem
1485 489 1780 538 inmanitate
1817 489 1933 551 fuit,

243 567 303 613 ut
339 565 468 612 hanc
506 564 625 612 solis
663 562 794 611 radii
831 578 920 610 nec
949 564 1214 625 tangerent
1243 579 1334 611 nec
1363 564 1602 612 viderent.
1656 577 1935 623 semperque

244 639 441 686 receuti
469 638 611 686 caede
662 638 848 696 tepebat
894 637 1094 683 humus:
1141 637 1235 684 hoc
1283 638 1453 699 potuit
1500 637 1608 687 leve
1657 637 1931 699 aestimari3
1987 649 2008 682 5

242 712 465 760 nondum
511 712 644 758 enim
690 711 901 773 speciem
949 710 1111 758 caedis
1158 710 1380 758 edixerat
1427 726 1516 759 nec
1566 711 1936 775 significaverat

160 838 165 841 ,
244 803 455 850 quorum
505 786 611 833 illic
661 786 865 848 sanguis
915 785 1168 833 videretur
1218 785 1424 833 effusus:
1463 787 1739 834 necessario
1777 785 1936 849 igitur

243 860 438 909 addidit
484 860 766 919 foribusque
815 859 985 917 adfixa
1029 859 1252 918 superbis
1297 873 1387 907 ora
1431 860 1594 906 virum
1638 860 1766 907 tristi
1813 874 1934 920 peu-

243 935 420 982 debant
456 934 654 994 pallida
701 934 835 980 tabo:
879 934 1023 981 tanta
1068 933 1203 980 illius
1249 933 1461 981 monstri
1500 933 1671 982 feritas
1716 934 1838 995 fuit,
1876 935 1935 981 ut

242 1024 436 1071 semper
471 1007 658 1056 recenti
695 1006 841 1055 caede
881 1007 1140 1070 gauderet,
1187 1022 1379 1069 semper
1422 1007 1630 1054 humani
1674 1007 1933 1071 sanguinis
1966 1020 2008 1052 10

240 1082 505 1144 vaporibus
546 1082 785 1142 aleretur3
822 1096 912 1128 nec
950 1082 1024 1128 ita
1063 1079 1279 1128 faciebat
1318 1082 1524 1143 occulte,
1557 1081 1643 1130 sed
1675 1081 1739 1128 ad
1770 1083 1931 1130 osten-

240 1156 480 1204 tationem
516 1155 830 1218 propriorum
870 1155 1110 1202 scelerum
1149 1170 1405 1203 caesorum
1444 1156 1612 1218 capita
1656 1155 1843 1219 figebat
1878 1156 1932 1203 in

240 1230 444 1278 foribus.
544 1230 706 1278 adfixa
766 1245 882 1278 vero
943 1228 1058 1276 tabe
1121 1231 1353 1291 corrupta
1414 1229 1718 1292 pendebant:
1778 1229 1932 1277 fixum

240 1305 451 1353 durabat
484 1304 618 1367 quod
647 1302 860 1351 solidum
889 1302 942 1349 in
975 1303 1166 1351 ossibus
1198 1303 1309 1365 fuit,
1341 1303 1591 1366 corruptio
1621 1319 1738 1352 vero
1771 1304 1932 1352 carnis

240 1379 457 1441 pendula
503 1377 806 1425 remanebat.
895 1377 1007 1424 huic
1058 1380 1270 1424 monstro
1330 1377 1581 1425 Vulcanus
1627 1381 1732 1425 erat
1771 1381 1930 1438 pater,
1964 1391 2007 1424 15

238 1454 374 1501 illius
417 1456 548 1500 atros
587 1466 667 1499 ore
703 1465 899 1499 vomens
937 1451 1066 1510 igniis
1102 1466 1285 1511 magma
1324 1466 1374 1498 se
1411 1452 1533 1499 mole
1570 1452 1780 1511 ferebat:
1823 1453 1931 1512 hoc,

237 1526 420 1590 inquit,
457 1528 730 1574 monstrum
771 1525 1028 1572 Vulcanus
1069 1527 1322 1588 genuerat,
1360 1525 1576 1573 Vulcani
1612 1525 1841 1573 incendia
1877 1525 1932 1572 in

237 1602 410 1663 pectus
448 1600 522 1647 fili
558 1599 910 1663 migraverant,
949 1598 1177 1647 exiebant
1225 1599 1282 1646 de
1329 1599 1434 1647 eius
1481 1599 1710 1647 faucibus
1762 1599 1931 1647 fumus

239 1677 288 1723 et
317 1675 545 1723 flammae
577 1676 647 1735 et,
679 1689 792 1721 cum
821 1674 927 1734 ipse
959 1675 1132 1720 contra
1154 1675 1386 1720 naturam
1409 1689 1576 1721 rerum
1598 1689 1698 1721 non
1723 1673 1931 1733 arderet,

238 1748 446 1796 ardebat
494 1750 663 1796 tamen
714 1747 847 1808 quod
895 1746 1097 1794 flatibus
1149 1747 1421 1810 attigisset3
1471 1763 1560 1795 nec
1611 1747 1772 1795 defuit
1818 1747 1929 1796 sub-
1962 1762 2008 1794 20

238 1823 426 1871 stantia
466 1821 683 1884 corporis
724 1821 917 1868 animae
957 1821 1101 1868 ferali
1141 1821 1457 1870 conveniens:
1496 1837 1706 1884 magnus
1746 1821 1844 1869 fuit
1882 1823 1932 1870 et

238 1897 302 1944 ad
354 1896 697 1944 incutiendum
748 1896 987 1942 terrorem
1042 1894 1298 1943 altissimis
1352 1895 1603 1958 gressibus
1664 1895 1930 1943 ferebatur.

239 1971 349 2033 quis
389 1970 549 2032 possit
593 1970 805 2018 tolerare
851 1985 1092 2031 magnum
1138 1984 1339 2031 corpore
1388 1972 1438 2017 et
1482 1970 1676 2017 ratione
1716 1970 1929 2018 feritatis

235 2046 403 2092 tutum
443 2060 499 2091 ac
544 2046 823 2092 vomentem
861 2042 1078 2090 Vulcani
1127 2043 1284 2105 patris
1334 2042 1597 2091 incendia?
1686 2043 1808 2091 haec
1856 2044 1930 2090 id-

237 2118 365 2166 circo
413 2120 530 2166 sunt
573 2117 761 2179 posita,
807 2133 868 2163 ne
914 2116 1122 2164 inertiae
1162 2117 1343 2165 vitium
1381 2119 1571 2165 teneret
1614 2117 1801 2165 incolas
1842 2118 1931 2180 qui
1960 2130 2003 2164 26

238 2193 599 2255 qualecumque
637 2192 915 2239 monstrum
953 2207 1111 2238 unum
1149 2207 1318 2240 omnes
1350 2207 1449 2238 non
1480 2191 1748 2239 valuerunt
1787 2206 1928 2252 supe-

235 2283 368 2328 rare3
424 2280 646 2314 accessus
700 2266 831 2311 enim
883 2263 947 2311 ad
997 2281 1108 2312 eum
1159 2264 1270 2326 quis
1311 2281 1415 2313 esse
1453 2267 1622 2326 posset
1660 2265 1801 2312 cuius
1843 2281 1927 2312 an-

235 2341 433 2388 helatus
471 2340 674 2387 flamma
711 2339 878 2386 suerat
916 2340 966 2386 et
1002 2339 1286 2386 incendium
1316 2337 1567 2387 vomitus?
1627 2339 1721 2386 hoc
1752 2354 1927 2402 genere

235 2414 442 2462 Herculi
487 2412 737 2462 crescebat
785 2413 1166 2474 praedicationis
1219 2415 1563 2476 augmentum,
1615 2413 1748 2474 quod
1793 2413 1925 2461 solus

235 2484 444 2551 perfecit
490 2489 591 2536 eius
637 2489 941 2548 insperatam
987 2502 1176 2548 necem,
1224 2502 1374 2548 quam
1412 2485 1632 2535 universi
1676 2487 1814 2534 illius
1852 2502 1926 2534 re·
1955 2499 1999 2531 30

133 2571 218 2610 200
237 2564 398 2626 gionis
436 2563 658 2610 homines
698 2561 941 2622 temptare
980 2576 1080 2608 non
1127 2561 1238 2609 ausi
1283 2562 1411 2609 sunt.
1496 2560 1656 2607 attulit
1701 2563 1744 2607 et
1787 2561 1927 2608 nobis

237 2637 500 2696 aliquando
539 2635 815 2696 optantibus
855 2638 988 2682 aetas
1028 2635 1268 2682 auxilium
1307 2634 1657 2692 adventumque
1695 2634 1796 2681 dei:
1842 2635 1925 2682 ad-

357 2782 379 2820 1
413 2776 750 2821 solis—radiis
773 2775 905 2818 deest
927 2775 976 2818 in
1001 2775 1056 2829 V,
1082 2775 1163 2819 sed
1189 2775 1458 2831 explicatur.
1553 2778 1578 2816 3
1604 2779 1755 2818 autem
1778 2776 1923 2817 maui-

235 2841 326 2880 tate
348 2835 391 2879 V
416 2850 529 2879 corr.
556 2835 625 2879 ed.
716 2839 740 2877 6
772 2835 954 2878 dixerat
984 2834 1054 2878 ed.
1140 2839 1166 2878 8
1198 2835 1330 2879 addit
1361 2833 1431 2877 ed.
1517 2837 1570 2875 11
1603 2834 1673 2876 ita
1695 2831 1738 2875 V
1767 2833 1819 2875 id
1851 2833 1922 2876 ed.

239 2899 292 2938 13
331 2896 436 2939 tabo
475 2895 546 2938 ed.
670 2899 724 2937 16
765 2899 865 2938 atro
896 2893 951 2947 V,
992 2894 1073 2936 sed
1105 2893 1339 2937 Donatum
1379 2905 1563 2947 quoque
1601 2897 1723 2936 atros
1753 2891 1923 2948 legisse

235 2955 390 3007 fumus
427 2954 478 2996 in
515 2952 900 3008 interpretatione
940 2952 1087 2996 docet.
1212 2957 1266 2996 18
1306 2952 1517 2997 exciebant
1548 2950 1590 2994 V
1630 2950 1687 2994 cf.
1726 2955 1794 3004 12,
1821 2955 1919 2995 164.

238 3016 294 3055 20
326 3013 513 3058 ardebat
542 3012 584 3055 V
623 3013 782 3057 urebat
819 3012 889 3055 ed.
1013 3016 1067 3055 27
1101 3013 1327 3056 anhelitus
1358 3010 1429 3055 ed.
1553 3013 1608 3053 30
1635 3010 1819 3066 perlicit
1848 3010 1919 3053 ed.
