2050 3226
236 123 346 176 310
709 120 941 165 DONATI
971 120 1251 165 INTERPR.
1275 119 1453 166 VERG.

237 277 330 322 que
355 260 658 309 certantibus
691 260 791 308 fuit
822 260 1091 320 admixtus,
1122 259 1328 321 puerilis
1362 275 1516 309 annos
1550 262 1705 309 animi
1735 260 1918 310 virtute

234 336 580 397 praeveniens,
630 335 817 382 nudum
867 334 1052 382 habens
1104 336 1277 396 caput,
1330 335 1423 383 hoc
1473 337 1548 383 est
1605 336 1710 383 sine
1761 336 1920 399 galea,

233 411 407 471 utpote
445 425 544 457 non
582 410 917 472 pugnaturus,
958 407 1195 470 quoniam
1232 408 1510 470 prohibitus
1549 409 1647 457 fuit
1684 424 1919 471 responso

234 499 333 545 quo
373 483 562 533 dictum
601 485 676 531 est
707 476 780 549 (9,
809 476 939 548 656)
979 484 1178 543 „cetera
1214 498 1384 544 parce,
1423 499 1565 544 puer,
1597 482 1780 531 bello“.
1844 483 1918 531 in-

235 557 433 606 ducitur
471 557 784 619 conparatio,
823 559 881 604 ut
919 556 1210 604 ostendatur
1249 557 1493 618 quomodo
1532 557 1758 620 fulgebat
1787 558 1920 605 idem
1960 567 1993 602 -5

233 631 493 680 Ascanius.
548 631 707 690 qualis
734 645 925 691 ¹qemma
954 630 1103 678 micat
1137 631 1330 690 fulvum
1368 645 1491 690 quae
1522 631 1696 679 dividit
1726 646 1918 688 aurum,

133 713 215 754 135
233 710 320 754 aut
365 706 480 754 collo
527 706 670 752 decus
717 707 804 752 aut
848 705 1022 763 capiti;
1065 704 1140 751 vel
1186 705 1326 764 quale
1358 719 1450 764 per
1488 709 1640 753 artem
1677 706 1922 753 inclusum

233 781 357 828 buoeo
397 783 484 828 aut
516 778 680 826 Oricia
718 778 975 826 terebintho
1015 779 1135 826 lucet
1181 780 1321 826 ebur:
1367 779 1802 840 quemadmodum,
1847 780 1919 827 in-

167 899 171 902 .
233 855 365 916 quit,
404 853 566 901 medio
607 869 665 901 ex
697 868 817 901 auro
849 853 1004 900 micat
1034 868 1251 916 gemma,
1284 868 1383 915 qua
1415 854 1622 901 ornatur
1653 855 1803 915 caput
1834 855 1922 901 aut

232 929 437 988 collum,
476 927 558 975 vel
597 927 1012 990 quemadmodum
1045 927 1165 975 ebur
1195 927 1330 975 lucet
1360 926 1489 975 buxo
1522 929 1610 975 aut
1639 927 1919 976 terebintho
1951 939 1994 972 10

229 1002 488 1050 inclusum.
564 1001 617 1048 in
662 1001 849 1049 Ascani
886 1001 1085 1048 laudem
1122 1003 1401 1064 tanguntur
1438 1001 1590 1049 etiam
1626 1001 1704 1049 illi
1742 1001 1920 1063 quibus

230 1076 331 1124 fuit
380 1076 650 1136 admixtus3
700 1075 943 1124 Ascanius
995 1075 1180 1138 quippe
1231 1077 1532 1137 conparatur
1588 1086 1810 1139 gemmae
1871 1078 1922 1124 et

231 1150 386 1212 ebori,
427 1150 801 1198 circumstantes
842 1151 1008 1198 autem
1051 1150 1254 1197 Troiani
1293 1165 1413 1198 auro
1454 1150 1503 1197 et
1540 1149 1669 1198 buxo
1710 1152 1759 1197 et
1796 1152 1919 1197 tere-

229 1224 418 1273 bintho,
494 1223 624 1272 redit
663 1224 726 1272 ad
764 1224 960 1272 laudem
998 1223 1205 1272 Ascani:
1251 1225 1390 1284 fusos
1437 1224 1596 1271 cervix
1643 1225 1721 1271 cui
1768 1224 1921 1272 lactea

231 1299 381 1347 crinis
413 1299 587 1357 accipit
617 1302 660 1345 et
688 1298 822 1346 molli
852 1299 1134 1346 subnectens
1166 1299 1375 1346 circulus
1408 1312 1554 1346 auro:
1584 1298 1720 1346 fusos
1744 1298 1922 1345 habuit
1950 1307 1992 1342 1⁵

229 1374 283 1420 in
322 1373 558 1421 cervicem
598 1372 767 1433 crinis,
807 1372 991 1420 circulo
1029 1374 1197 1420 tamen
1229 1388 1378 1420 aureo
1409 1371 1716 1420 tenebantur.
1771 1372 1920 1420 molle

231 1462 407 1495 aurum
441 1446 503 1494 ad
535 1446 715 1509 speciei
738 1447 983 1494 facturam
1006 1447 1224 1507 rettulit,
1248 1462 1347 1494 non
1373 1447 1436 1494 ad
1458 1447 1620 1508 ipsam
1642 1447 1919 1506 materiam,

230 1523 288 1569 ut
335 1521 631 1583 productum
679 1520 839 1584 magis
891 1537 1041 1583 quam
1093 1521 1308 1568 solidum
1357 1521 1510 1568 fuisse
1561 1520 1804 1581 videatur,
1857 1536 1918 1568 ne

231 1595 367 1643 oneri
405 1594 564 1658 magis
604 1598 733 1643 esset
770 1610 922 1656 puero
963 1610 1115 1657 quam
1155 1595 1331 1643 decori.
1408 1598 1450 1642 te
1489 1608 1671 1654 quoque
1715 1609 1918 1655 mayna-

129 1677 213 1717 140
230 1671 391 1717 nimae
428 1670 673 1725 viderunt,
706 1669 920 1725 Ismare‚
951 1672 1113 1730 yentes
1150 1670 1356 1716 vulnera
1395 1669 1601 1729 diriyere
1633 1671 1676 1715 et
1705 1669 1918 1716 calamos
1949 1678 1993 1712 20

231 1757 427 1792 armare
462 1757 663 1800 venenO,
704 1743 943 1799 Maeonia
976 1756 1202 1804 qenerose
1233 1743 1391 1799 dome,
1431 1743 1516 1790 ubi
1538 1744 1752 1802 pinquia
1790 1743 1919 1790 culta

231 1821 534 1876 exercentque
571 1818 668 1864 viri
704 1817 1022 1876 Pactolusque
1066 1818 1251 1877 inriyat
1297 1831 1442 1864 auro:
1479 1817 1573 1864 hoc
1611 1818 1687 1864 est
1725 1832 1917 1864 armare

229 1907 440 1952 veneno,
479 1893 537 1938 ut
576 1891 765 1939 duobus
805 1891 998 1939 casibus
1037 1892 1284 1939 intereant
1329 1892 1537 1938 mortem
1583 1891 1736 1952 ferro,
1785 1890 1918 1952 quod

229 1967 455 2028 penetret
506 1966 721 2013 hominis
776 1981 952 2027 corpus
1007 1967 1077 2026 et,
1132 1965 1174 2012 si
1227 1965 1428 2013 letalem
1480 1966 1682 2028 plagam
1735 1965 1917 2012 inferre

229 2039 531 2101 nequiverit,
570 2040 729 2087 vitam
767 2040 986 2102 percussi
1024 2055 1211 2088 veneno
1252 2041 1526 2087 consumat.
1602 2038 1831 2088 laudavit
1869 2041 1919 2087 et
1949 2047 1991 2081 25

229 2114 481 2178 regionem
529 2114 662 2161 unde
712 2116 840 2162 esset
889 2116 1110 2174 exortus,
1159 2116 1218 2161 ut
1265 2113 1319 2160 in
1370 2113 1475 2161 eius
1522 2113 1718 2160 laudem
1766 2113 1917 2162 etiam

230 2187 488 2251 originalis
511 2189 672 2235 terrae
698 2187 1002 2249 praedicatio
1029 2188 1322 2236 conveniret.
1370 2188 1531 2247 adfuit
1555 2190 1598 2234 et
1618 2188 1916 2244 Mnestheus,

230 2276 368 2322 quem
396 2262 537 2322 pulsi
559 2262 777 2321 pristina
810 2262 968 2309 Turni
1000 2276 1169 2322 ayyere
1199 2275 1451 2309 murorum
1481 2261 1732 2308 sublimem
1759 2261 1918 2321 yloria

128 2337 368 2392 145tollit,
433 2339 474 2383 et
538 2334 718 2395 Capy&
780 2336 892 2383 hinc
951 2350 1125 2383 nomen
1189 2335 1471 2395 Campanae
1531 2335 1724 2382 ducitur
1783 2335 1918 2382 urbi:

350 2467 374 2506 3
406 2462 500 2516 fuit
528 2461 564 2505 V
595 2461 665 2504 ed.
697 2461 839 2515 faerit
869 2461 922 2504 R.
1060 2467 1086 2505 4
1126 2462 1245 2517 quod
1268 2461 1352 2505 VR
1383 2475 1469 2516 quo
1502 2461 1573 2504 ed.
1712 2466 1736 2504 6
1776 2463 1918 2517 miyat

228 2522 313 2565 VR
345 2536 457 2565 corr.
483 2537 519 2564 r.
570 2520 575 2579 Ι
623 2520 886 2576 fulvumque
909 2520 1006 2565 VR.
1115 2526 1141 2564 8
1173 2522 1347 2565 orichia
1369 2519 1465 2564 VR.
1582 2524 1606 2562 9
1638 2533 1808 2576 yemma
1841 2520 1918 2562 VR

228 2596 268 2638 9.
295 2586 378 2625 aut
408 2581 479 2624 ed.
511 2594 551 2637 9.
578 2594 670 2635 qua
700 2593 795 2624 nos.
950 2585 1004 2623 15
1043 2582 1235 2624 circulos
1258 2579 1353 2623 VR.
1407 2580 1411 2637 J
1460 2580 1564 2633 fuso
1588 2578 1673 2621 VR
1705 2592 1819 2622 corr.
1844 2579 1915 2622 ed.

231 2646 285 2685 16
317 2641 552 2684 tenebatur
574 2638 659 2681 VR
692 2652 804 2682 corr.
832 2639 902 2681 ed.
1034 2645 1085 2682 17
1119 2641 1282 2695 speciei
1311 2639 1542 2693 facturam
1571 2638 1613 2680 R
1645 2638 1719 2693 (cf.
1746 2643 1786 2692 5,
1814 2642 1915 2692 262)

229 2714 294 2755 sp.
333 2700 540 2753 futuram
579 2697 620 2741 V
666 2699 854 2753 speciem
898 2698 1100 2751 futuram
1152 2699 1222 2741 ed.
1383 2702 1437 2740 19
1484 2699 1773 2753 maynanime
1818 2696 1914 2740 VR.

231 2764 283 2802 21
319 2759 496 2803 meonia
526 2758 567 2800 R
598 2758 778 2802 moenia
801 2756 854 2799 V.
993 2762 1047 2800 23
1079 2759 1306 2801 intereant
1334 2761 1517 2801 mortem
1541 2756 1626 2799 VR
1656 2757 1829 2810 inferat
1859 2771 1914 2800 m.

230 2818 300 2861 ed.
333 2819 558 2862 intereant
580 2822 718 2861 morte
741 2815 1008 2869 scriberem,
1041 2817 1133 2860 nisi
1155 2817 1276 2870 ferro
1300 2815 1518 2859 obstaret.
1620 2820 1674 2858 26
1707 2816 1917 2859 embertus

228 2876 269 2918 R
299 2878 454 2978 hoerR
476 2875 518 2919 V
548 2881 674 2920 ortus
705 2875 774 2918 ed.
881 2879 933 2918 27
968 2881 1009 2920 et
1040 2889 1127 2919 om.
1154 2875 1249 2921 VR.
1357 2879 1411 2917 29
1444 2875 1571 2930 capis
1594 2874 1689 2918 VR.
1743 2874 1747 2932 Ι
1797 2888 1915 2918 cam-

223 2950 347 2991 pane
458 2970 465 2979 .

2044 243 2047 251 .
2011 0 2050 212 :⁷⁴21qu
