2050 3226
813 171 1117 218 AENEIDOS
1147 172 1190 216 x
1739 175 1846 229 325

159 313 318 362 adhuc
354 312 619 362 incolumis
657 313 823 361 fuerat
859 313 961 362 vim
988 314 1250 377 pateretur
1279 312 1518 361 obsessus.
1573 313 1727 361 satiat
1755 314 1849 362 hoc

156 389 321 450 ipsum
358 389 640 437 monstrans
673 386 922 450 quomodo
953 402 1087 450 spes,
1127 387 1376 450 quomodo
1408 389 1539 435 esset
1567 391 1751 436 metus:
1792 403 1850 436 ex

156 463 298 524 parte
323 462 430 524 spei
453 463 570 510 sunt
590 477 759 510 murus
792 464 842 510 et
872 461 1007 510 fossa
1038 460 1219 524 quibus
1250 460 1568 510 muniebatur
1588 461 1850 523 Ascanius,

7 583 10 587 .
157 552 216 584 ex
263 538 406 599 parte
457 538 624 584 autem
672 537 832 584 metus
882 535 1089 599 puerilis
1139 537 1279 584 aetas
1315 536 1369 583 in
1409 552 1510 599 qua
1548 535 1849 584 constitutus

11 672 15 673 ⁷
105 623 125 656 5
155 610 268 658 fuit.
321 610 417 658 tela
453 611 579 657 inter
614 610 778 658 media
815 613 958 669 atque
985 610 1225 658 horrentis
1253 610 1422 658 Marte
1451 609 1686 658 Latinos:
1721 609 1851 657 inter

6 675 15 686 ’
154 685 320 747 ipsum
355 686 524 732 tamen
571 685 621 731 et
665 685 877 732 mortem
921 700 1020 732 non
1067 683 1339 747 plurimum
1378 683 1575 732 dicebat
1612 684 1849 732 interesse

155 757 465 807 discriminis
542 757 714 806 debuit
759 754 917 822 igitur
964 773 1252 821 properare,
1303 759 1574 820 antequam
1626 758 1691 806 ad
1745 757 1848 807 eius

153 833 410 880 interitum
457 831 615 881 hostis
667 832 982 881 avidissimus
1032 833 1326 895 perveniret.
1414 833 1516 880 iam
1562 833 1666 880 loca
1710 832 1850 880 iussa

20 957 26 972 ,
153 910 278 955 tenet
325 907 443 966 forti
497 908 770 966 permixtus
822 907 1032 955 Etrusco
1081 905 1244 955 Arcas
1305 921 1469 966 eques:
1530 906 1851 956 directionem

0 965 26 1083 ἑῇ
81 994 123 1026 ιο
152 980 365 1030 istorum
402 983 552 1043 poeta
590 997 690 1030 non
729 980 1012 1044 descripsit,
1053 981 1138 1029 sed
1183 980 1299 1029 hinc
1343 980 1655 1045 intellegitur
1699 981 1849 1029 facta.

12 1086 26 1131 ι
151 1055 243 1103 hos
280 1054 438 1119 igitur
474 1056 677 1103 nuntiat
715 1071 773 1103 ea
810 1055 914 1103 iam
951 1056 1062 1104 loca
1099 1056 1318 1104 tenuisse
1358 1071 1485 1118 quae
1514 1055 1568 1102 in
1598 1054 1848 1103 mandatis

152 1129 444 1177 habuerant.
512 1130 700 1177 medias
737 1130 838 1177 illis
876 1143 1115 1190 opponere
1152 1132 1362 1186 turmae,
1410 1144 1471 1177 ne
1521 1131 1696 1178 castris
1740 1130 1850 1176 iun·
1866 1139 1953 1180 240

149 1207 290 1264 qant,
341 1206 470 1251 certa
521 1206 590 1252 est
636 1205 873 1252 sententia
924 1205 1120 1251 Turno:
1168 1220 1326 1251 unum
1373 1219 1664 1266 prosperum
1710 1203 1850 1264 dixit,

154 1278 271 1341 quia
316 1281 645 1340 pervenerant
690 1279 790 1339 sui,
841 1278 969 1326 dixit
1013 1278 1341 1339 contrarium,
1393 1279 1514 1341 quia
1560 1278 1716 1325 Turni
1754 1278 1850 1326 dis-

32 1386 34 1389 .
79 1364 121 1397 15
151 1352 336 1413 positio
375 1352 473 1399 fuit
509 1352 696 1400 medios
737 1367 984 1415 opponere
1025 1351 1112 1414 qui
1150 1367 1232 1400 eos
1281 1353 1457 1401 castris
1505 1367 1705 1400 suorum
1751 1367 1850 1399 non

31 1435 35 1440 ’
152 1425 369 1474 sinerent
404 1426 562 1490 iungi.
614 1427 709 1475 hoc
746 1443 923 1491 genere
957 1426 1176 1475 ostendit
1207 1426 1366 1475 omnis
1396 1427 1451 1474 in
1481 1426 1699 1489 periculo
1732 1441 1851 1487 csse,

152 1516 264 1548 cum
314 1499 403 1548 alii
452 1500 564 1549 aliis
615 1500 877 1550 subvenire
928 1517 1028 1549 non
1078 1503 1294 1564 possent.
1385 1503 1691 1564 quapropter
1719 1502 1850 1548 recte

150 1574 453 1623 celeritatem
485 1575 748 1637 suadebat,
783 1577 841 1623 ut
872 1578 987 1624 ante
1018 1575 1211 1624 Aeneas
1242 1577 1436 1624 veniret
1467 1592 1619 1638 quam
1652 1575 1848 1623 Turnus

151 1649 375 1712 cogitata
428 1650 704 1711 perficeret,
759 1649 928 1712 potuit
981 1649 1167 1713 quippe
1221 1649 1414 1698 Aeneas
1471 1649 1739 1698 adveniens
1800 1651 1851 1697 ct

24 1774 30 1783 l
63 1733 120 1766 ’πο
151 1723 332 1772 clausis
379 1725 430 1772 et
474 1723 786 1772 venientibus
837 1724 1113 1773 subvenire.
1190 1739 1334 1785 surye
1372 1738 1484 1785 aye:
1521 1724 1754 1772 hortatur
1791 1725 1851 1770 ut

151 1800 345 1862 surgat,
386 1797 471 1846 sed
510 1798 762 1847 sedentem
801 1799 1007 1859 excitat,
1046 1815 1146 1847 non
1184 1799 1525 1847 dormientem.
1578 1814 1724 1862 surge
1758 1813 1850 1861 age

149 1887 249 1919 non
303 1873 378 1920 est
429 1872 669 1934 iubentiS,
724 1872 809 1921 sed
862 1873 1085 1937 urgentis
1141 1873 1206 1920 ad
1251 1873 1477 1936 gloriam.
1568 1876 1613 1920 et
1665 1887 1850 1920 aurora

149 1946 302 1994 socios
338 1947 554 1994 veniente
590 1948 756 1995 vocari
783 1948 983 2007 primus
1021 1949 1075 1995 in
1114 1962 1256 1995 arma
1294 1948 1429 1995 iube:
1466 1949 1517 1995 et
1547 1962 1738 2007 aurora,
1777 1947 1850 1994 in-

150 2020 281 2082 quit,
331 2021 582 2082 veniente,
631 2020 725 2070 hoc
777 2023 852 2070 est
902 2023 1174 2084 antequam
1216 2022 1366 2084 plena
1412 2022 1586 2070 redeat
1634 2021 1742 2082 lux,
1796 2020 1850 2068 in

75 2106 118 2139 35
150 2109 290 2142 arma
329 2094 593 2143 convocari
630 2096 790 2144 socios
827 2096 1017 2158 primus
1055 2095 1300 2159 praecipe.
1356 2096 1576 2159 primum
1615 2096 1850 2143 admonet

40 2167 42 2169 ’
148 2169 332 2229 facere,
373 2185 499 2231 quae
538 2184 616 2217 res
648 2169 880 2218 vincendi
910 2170 1144 2218 fiduciam
1174 2170 1514 2232 promittebat.
1570 2174 1614 2217 et
1643 2170 1848 2229 clipeum

149 2257 266 2302 cape
304 2257 443 2302 quem
482 2243 611 2291 dedit
647 2243 751 2304 ipse
789 2245 1021 2292 invictum
1058 2245 1331 2306 iynipotens
1363 2248 1504 2304 atque
1534 2259 1648 2292 oras
1680 2244 1851 2291 ambiit

149 2330 297 2365 auro:
343 2317 792 2366 consternabuntur
834 2318 1024 2380 hosteS‚
1070 2317 1258 2381 inquit,
1299 2319 1341 2367 si
1378 2319 1595 2381 primum
1632 2317 1849 2367 viderint

148 2390 364 2453 incipere
388 2391 694 2456 adgredique
719 2394 967 2440 certamen
991 2394 1142 2455 atque
1167 2393 1316 2441 armis
1335 2393 1517 2442 divinis
1534 2393 1847 2441 instructum.

70 2475 118 2509 rso
149 2466 366 2513 crastina
417 2466 521 2522 lux,
572 2481 681 2515 mea
735 2467 780 2514 si
831 2480 930 2514 non
983 2467 1137 2515 inrita
1190 2467 1320 2516 dieta
1366 2468 1584 2527 putariS,
1641 2466 1848 2525 ingentis
1865 2471 1951 2512 245

148 2538 363 2587 Rutulae
401 2541 633 2599 spectabit
671 2540 832 2589 caedis
872 2554 1092 2589 acervos:
1129 2557 1237 2590 ecce
1276 2541 1520 2604 praedicit
1566 2543 1615 2588 et
1660 2540 1848 2616 futura,

270 2699 292 2738 1
332 2695 569 2741 incolomis
599 2695 653 2739 V.
703 2697 706 2754 ζ
757 2698 850 2740 vim
879 2701 1117 2752 pateretur
1147 2697 1189 2740 R
1223 2702 1276 2741 ut
1303 2711 1352 2753 p,
1378 2696 1421 2740 V
1449 2696 1519 2740 ed.
1569 2696 1573 2753 1
1625 2696 1848 2739 obsessum

149 2753 220 2796 ed.
269 2754 273 2811 ξ
322 2756 470 2799 saciat
491 2754 576 2798 VR
606 2757 724 2800 sciat
755 2755 826 2799 ed.
950 2759 975 2799 3
1015 2770 1168 2801 muros
1205 2757 1259 2800 R.
1384 2760 1437 2798 17
1471 2756 1580 2799 aliis
1611 2768 1698 2798 om.
1729 2755 1800 2798 ed.
1839 2755 1842 2810 ξ

149 2819 422 2869 quapropter
460 2813 546 2857 VR
585 2820 828 2871 propterea
875 2814 946 2858 ed.
1007 2815 1011 2873 Ι
1070 2821 1186 2860 recte
1232 2829 1320 2860 om.
1362 2815 1432 2858 ed.
1571 2819 1627 2857 26
1670 2813 1848 2858 vicendi

48 2870 57 2930 ἒ.
148 2870 233 2914 VR
265 2886 378 2916 corr.
411 2888 445 2917 r.
485 2874 488 2930 Ι
531 2875 738 2931 clypeum
769 2873 821 2917 R.
946 2878 1002 2918 28
1040 2876 1083 2919 si
1119 2881 1162 2920 te
1193 2876 1397 2931 primum
1436 2873 1506 2918 ed.
1631 2877 1683 2916 31
1724 2887 1847 2929 spec-

149 2931 267 3030 }iabis
280 2931 397 3033 ¹⁵11VR
452 2934 671 2988 spectabit
732 2933 803 2978 ed.
867 2932 1295 2990 (interpretatione,
1355 2935 1409 2976 ut
1470 2932 1675 2985 videtur,
1738 2946 1847 2976 con-

182 3003 281 3032 rma
335 2992 413 3047 m).
