2050 3226
803 178 1106 224 AENEIDOS
1136 178 1179 223 X
1729 181 1836 236 297

145 320 352 370 arbitrio
400 322 504 370 tuo.
590 320 636 368 si
683 319 824 368 nulla
874 323 944 368 est
993 319 1124 381 reqio
1168 319 1370 368 Teucris
1423 333 1570 380 quam
1624 319 1702 367 det
1752 323 1839 369 tua

145 396 356 444 coniunx
415 394 568 443 dura:
627 392 747 442 dum
806 393 1191 457 inpersonaliter
1250 392 1476 457 loquitur
1535 395 1586 442 et
1639 393 1838 456 oblique
1870 403 1927 443 45

143 470 391 519 malorum
427 469 650 531 ipsorum
686 468 857 531 pulsat
895 470 1169 530 auctorem,
1213 467 1418 516 tandem
1463 467 1621 516 nimia
1652 466 1838 517 doloris

145 544 438 593 necessitate
471 542 712 606 conpulsa
743 544 820 590 est
849 543 910 590 ut
933 541 996 591 ad
1020 543 1128 591 eius
1152 542 1416 604 specialem
1442 541 1838 606 designationem

146 617 479 679 descenderet,
529 631 623 665 usa
670 617 827 665 tantis
878 615 1243 665 subtilitatibus
1294 614 1510 678 consilii,
1563 618 1623 664 ut
1674 615 1840 679 ipsum

145 691 315 741 Iovem
353 690 594 740 nonnullo
633 691 823 754 pudore
863 689 1198 739 confunderet.
1255 706 1357 740 non
1387 689 1520 738 enim
1550 689 1677 738 dixit
1713 689 1838 739 Iuno

143 766 264 814 haec
324 767 414 814 aut
465 779 604 814 soror
655 767 768 827 tua,
821 765 907 814 sed
959 781 1086 814 uxor
1137 767 1228 813 tua
1281 763 1550 826 commisit,
1603 766 1664 812 ut
1712 766 1841 813 esset

144 838 364 888 criminis
401 838 603 887 mulieri
640 838 717 888 fas
757 854 861 888 esse
901 842 1074 888 contra
1110 837 1280 887 mariti
1317 838 1486 888 venire
1525 839 1838 888 sententiam.

144 915 453 974 sitantum,
501 914 691 975 inquit,
742 913 868 962 dura
918 915 994 962 est
1040 928 1166 961 uxor
1211 915 1324 975 tua,
1373 915 1432 962 ut
1475 914 1634 962 omnis
1680 915 1839 962 terras

144 988 352 1052 deneget
401 988 624 1049 Teucris,
675 1001 768 1048 per
826 1001 1040 1044 eversae,
1102 987 1302 1048 qenitor,
1355 987 1608 1047 fumantia
1663 987 1840 1035 Troiae

143 1063 333 1111 excidia
378 1063 605 1110 obtestor:
647 1078 807 1110 unum
852 1062 1027 1110 saltem
1073 1062 1223 1110 liceat
1261 1060 1562 1123 desiderare,
1601 1061 1735 1123 quod
1773 1061 1841 1110 sit

141 1137 333 1186 miseris
381 1135 436 1184 in
484 1138 630 1201 tanta
680 1135 966 1185 calamitate
1004 1135 1213 1197 solaci0,
1261 1138 1322 1184 ut
1374 1135 1440 1184 sit
1492 1136 1569 1184 fas
1620 1151 1840 1184 remeare

144 1211 372 1259 Troianis
403 1226 612 1273 eamque
642 1209 826 1259 iterum
854 1212 1022 1272 petere
1053 1208 1272 1273 patriam
1301 1225 1390 1272 per
1420 1208 1562 1258 cuius
1594 1209 1839 1258 excidium

142 1286 270 1333 iuro,
326 1284 532 1348 aequius
563 1287 639 1333 est
667 1285 746 1333 his
776 1284 944 1333 videre
977 1284 1181 1333 cottidie
1214 1299 1366 1346 quam
1402 1283 1649 1348 plangant
1687 1299 1839 1346 quam

142 1359 301 1422 perire
350 1359 456 1407 illic
503 1358 591 1407 ubi
640 1358 730 1407 sub
783 1359 912 1407 falsa
960 1359 1288 1421 promissione
1336 1359 1613 1407 versantur.
1702 1358 1841 1407 liceat

143 1434 378 1482 dimittere
423 1434 485 1481 ab
532 1433 687 1481 armis
730 1433 1018 1481 incohcsmem
1063 1431 1358 1489 Ascanium,
1407 1432 1548 1480 liceat
1591 1446 1841 1493 superesse

141 1511 382 1568 nepotem:
429 1506 722 1570 plurimum,
777 1506 964 1569 inquit,
1022 1506 1304 1555 arbitrabor
1354 1522 1434 1555 me
1486 1507 1724 1555 meruisse
1780 1507 1839 1555 de

142 1583 306 1644 patre,
353 1582 397 1630 si
443 1581 660 1644 supersit
703 1580 939 1630 innocens
978 1597 1155 1644 nepos,
1194 1580 1238 1630 si
1275 1581 1322 1629 ei
1358 1581 1663 1629 Rutulorum
1702 1597 1840 1630 arma

143 1657 402 1719 contingat
440 1656 662 1705 evadere.
738 1653 935 1704 Aeneas
972 1670 1093 1704 sane
1130 1656 1306 1717 iqnotis
1343 1655 1548 1703 iactetur
1591 1656 1646 1703 in
1691 1655 1840 1704 undis

142 1734 186 1778 et
222 1744 572 1790 quamcumque
609 1730 743 1778 viam
781 1730 966 1778 dederit
1001 1730 1205 1790 fortuna
1242 1732 1497 1790 sequatur:
1543 1729 1602 1776 de
1641 1729 1838 1778 Aeneae

140 1804 366 1867 partibus
412 1806 577 1866 tace0‚
622 1804 754 1852 ferat
797 1804 882 1852 ille
928 1804 1186 1853 fortunam
1231 1819 1395 1865 suam,
1433 1804 1648 1852 iactetur
1686 1804 1840 1852 etiam

140 1894 271 1927 nunc
299 1895 388 1941 per
417 1879 593 1943 ignota
622 1877 793 1942 pelagi
823 1881 887 1939 et,
912 1879 1034 1940 quia
1054 1878 1296 1940 iniquitas
1322 1877 1568 1941 aequitati
1590 1877 1840 1940 successit,

140 1952 330 2001 incerta
376 1969 466 2015 pro
513 1954 660 2002 certis
707 1954 945 2015 expectet.
1021 1953 1149 2000 hunc
1194 1955 1345 2013 teqere
1383 1955 1426 2000 et
1471 1952 1610 2000 dirae
1647 1953 1840 2001 valeam

140 2027 405 2075 subducere
447 2041 670 2087 puynae:
714 2027 917 2088 faciam,
967 2027 1155 2089 inquit,
1206 2026 1310 2074 sine
1357 2025 1559 2075 crimine
1606 2042 1696 2090 pro
1734 2027 1838 2075 filio

139 2117 249 2150 meo
290 2101 424 2163 quod
461 2116 664 2163 possum
703 2117 912 2163 eumque
953 2100 1246 2149 subtraham
1282 2099 1441 2150 bellis.
1504 2116 1612 2149 ecce
1650 2101 1840 2149 indicat

140 2175 404 2224 consilium
468 2190 637 2223 suum:
703 2179 771 2223 est
822 2174 1087 2232 Amathus,
1158 2178 1226 2223 est
1278 2175 1406 2223 celsa
1464 2175 1584 2222 mihi
1635 2175 1839 2236 Paphus

141 2253 281 2309 atque
347 2247 554 2310 Cythera
616 2249 906 2308 Idaliaeque
958 2249 1154 2297 domus:
1203 2249 1247 2297 si
1298 2264 1512 2312 usquam
1558 2250 1604 2297 ei
1656 2249 1839 2298 morari

140 2339 240 2371 non
294 2322 495 2384 sinitur,
536 2323 681 2387 deget
726 2324 779 2370 in
824 2339 934 2372 meo
981 2325 1031 2371 et
1083 2325 1307 2372 materno
1357 2323 1464 2371 iure
1516 2323 1620 2371 sine
1679 2324 1837 2371 cuius·

142 2413 292 2459 quam
367 2398 598 2446 molestia
669 2398 972 2460 perfruetur,
1035 2396 1240 2446 habebit
1313 2399 1505 2446 remota
1580 2413 1838 2445 nemorum

261 2529 284 2567 1
318 2525 418 2568 ulla
441 2523 538 2567 VR.
668 2527 694 2567 3
727 2523 909 2568 tandem
940 2537 1028 2567 om.
1054 2523 1126 2568 ed.
1256 2529 1282 2568 5
1314 2525 1435 2568 tanti
1462 2524 1730 2568 subtilitatis
1753 2523 1838 2566 VR

141 2584 210 2628 -is
241 2584 370 2628 -ibus
400 2597 483 2627 nos
515 2597 576 2627 -a
607 2588 675 2627 -te
707 2583 778 2627 ed.
914 2587 940 2627 6
971 2585 1194 2628 nonnullo
1218 2584 1374 2640 pudor
1397 2583 1482 2627 VR
1519 2597 1564 2627 n.
1595 2583 1769 2638 pudore
1800 2597 1835 2626 r.

140 2643 392 2687 nonnullus
409 2643 561 2699 pudor
585 2642 655 2686 ed.
766 2646 789 2685 7
815 2646 899 2686 aut
921 2655 1009 2686 om.
1034 2643 1106 2687 ed.
1215 2647 1241 2686 8
1273 2644 1480 2687 criminis
1502 2641 1587 2685 VR
1610 2655 1693 2686 -en
1724 2641 1796 2684 ed.
1828 2642 1832 2699 Ι

142 2703 323 2746 mulieri
351 2702 427 2756 fas
458 2701 543 2745 VR
571 2702 776 2746 mulieris
807 2702 883 2746 cui
911 2701 1045 2756 nefas
1076 2702 1148 2746 ed.
1200 2701 1204 2759 Ι
1263 2707 1374 2746 esset
1396 2701 1482 2744 VR
1501 2701 1582 2752 ed.
1617 2715 1707 2745 esse
1738 2714 1835 2744 nos.

145 2765 196 2804 11
230 2762 379 2805 iaceat
401 2760 485 2804 VR
517 2762 652 2805 liceat
674 2761 745 2804 ed.
840 2765 894 2803 12
928 2766 971 2805 et
991 2762 1053 2806 sit
1074 2760 1160 2805 VR
1184 2761 1254 2804 ed.
1280 2766 1333 2805 ut
1354 2775 1388 2805 s.
1414 2774 1511 2803 nos
1607 2764 1661 2803 13
1685 2765 1838 2815 petere

141 2818 227 2862 VR
264 2821 414 2864 videre
452 2820 523 2864 ed.
649 2825 704 2863 14
736 2820 918 2864 cottidie
941 2819 1026 2863 VR
1059 2821 1259 2876 quotidie
1291 2820 1363 2864 ed.
1487 2823 1540 2862 17
1566 2832 1634 2863 me
1666 2831 1754 2862 om.
1780 2818 1834 2862 R.

143 2881 199 2921 20
229 2880 371 2924 vitam
402 2879 455 2922 R.
579 2883 634 2922 23
667 2884 864 2935 expectet
887 2878 973 2922 VR
1004 2881 1220 2936 expressit
1250 2879 1323 2924 ed.
1371 2878 1376 2935 Ι
1423 2891 1547 2935 eqere
1578 2877 1619 2920 R
1652 2891 1765 2922 corr.
1799 2893 1834 2923 r.

143 2941 199 2980 25
231 2938 359 2982 bellis
381 2937 466 2981 VR
497 2953 527 2982 a
550 2938 662 2983 bello
686 2938 758 2982 ed.
882 2943 938 2983 26
963 2939 1148 2994 Paphos
1179 2938 1250 2982 ed.
1374 2941 1428 2981 27
1462 2938 1732 2982 commorari
1763 2936 1834 2981 ed.

145 2999 200 3039 28
230 2998 328 3041 sine
360 3011 449 3041 om.
474 2997 546 3041 ed.
641 3002 696 3041 29
722 2997 986 3054 perfruitum
1007 2997 1092 3041 VR
1116 3002 1242 3042 -etwr
1271 3010 1354 3040 nos
1385 3009 1480 3041 non
1509 2996 1739 3051 afficietur
1762 2996 1834 3040 ed.

1872 1958 1927 1999 50
