2050 3226
238 190 345 244 518
709 189 942 233 DONATI
972 189 1038 232 IN
1040 189 1253 234 TERPR.
1277 189 1456 234 VERG.

134 338 219 378 675
238 329 482 390 Tereaque
541 329 973 390 Harpalycumque
1041 331 1085 376 et
1150 329 1514 389 Demophoonta
1586 328 1929 389 Chrominque:

236 403 387 452 etiam
427 402 491 452 ad
528 403 618 452 hos
658 403 874 466 pertinet
905 402 1039 464 quod
1070 401 1259 450 dictum
1289 405 1364 451 est
1394 403 1556 465 addit,
1586 403 1680 452 hoc
1712 403 1930 452 ostendit

236 493 330 540 que
379 478 591 540 repetita
642 475 938 525 coniunctiO.
1022 480 1223 537 quotque
1273 478 1450 525 emissa
1497 493 1652 526 manu
1705 478 1931 526 contorsit

233 552 424 611 spicula
468 552 603 612 viryo
650 554 714 598 tot
750 550 951 611 Phryyii
990 551 1196 598 cecidere
1233 551 1354 598 viri:
1390 567 1526 600 more
1565 567 1655 600 suo
1687 551 1928 615 plurimos

234 626 562 689 generalitate
612 625 816 688 collegit
865 640 979 672 cum
1027 624 1174 672 laude
1223 625 1517 689 pugnantis3
1573 642 1689 674 nam
1741 628 1930 688 quanta
1983 637 2003 670 5

232 700 336 747 tela
382 699 593 748 coniecit
644 700 723 747 tot
767 698 1013 762 Phrygios
1069 699 1264 747 stravit.
1351 699 1473 748 haec
1526 700 1624 748 fuit
1675 699 1928 750 subtilitas

234 773 539 834 dimicantis,
577 775 635 821 ut
672 773 839 820 nullus
878 772 1009 821 ictus
1046 772 1168 821 isset
1204 773 1258 820 in
1296 789 1523 822 vacuum.
1606 775 1684 822 tot
1720 774 1931 839 Phrygii

234 847 449 895 cecidere
498 848 618 907 viri,
668 849 758 894 aut
804 862 918 895 vere
960 846 1168 912 Phrygii
1217 849 1307 895 aut
1355 864 1445 910 pro
1485 848 1766 912 Phrygibus
1804 865 1929 912 pug-

233 924 423 970 nantes,
499 921 675 982 procul
731 920 948 968 Ornutus
1010 922 1164 969 armis
1223 922 1400 982 iynotis
1453 926 1496 970 et
1555 937 1670 983 equo
1731 926 1931 971 venator

231 996 418 1058 Iapyye
455 996 638 1055 fertur:
687 995 936 1058 quomodo
981 996 1167 1059 ignotis
1222 996 1373 1045 armis
1412 995 1590 1059 incipit
1628 995 1810 1045 dicere:
1852 998 1931 1045 cui
1962 1007 2004 1039 10

130 1076 214 1116 680
224 1070 371 1129 pellis
411 1070 533 1118 latos
570 1083 763 1117 umeros
808 1072 970 1129 erepta
1019 1070 1218 1117 iuvenco
1254 1071 1525 1130 puqnatori
1569 1071 1742 1131 operit,
1786 1074 1933 1131 caput

229 1145 400 1205 inqens
438 1144 538 1191 oris
575 1144 739 1191 hiatus
779 1147 821 1191 et
849 1144 1010 1191 malae
1048 1147 1202 1192 texere
1241 1144 1346 1203 lupi
1383 1159 1492 1192 cunm
1537 1145 1759 1192 dentibus
1805 1145 1931 1193 albis

231 1219 526 1278 aqrestisque
563 1233 744 1265 manus
783 1221 946 1265 armat
982 1232 1185 1277 sparus,
1230 1218 1335 1278 ipse
1382 1219 1586 1277 catervis
1631 1220 1834 1267 vertitur
1876 1220 1931 1266 in

229 1293 403 1340 mediis
442 1295 486 1340 et
521 1295 612 1339 toto
651 1292 824 1339 vertice
861 1306 1016 1351 supra
1055 1296 1136 1340 est.
1225 1294 1472 1355 agrestem
1512 1291 1759 1341 Ornutum
1809 1292 1931 1341 dicit

231 1366 361 1415 bello
400 1366 686 1414 interfuisse
727 1367 978 1413 armatum
1015 1383 1105 1429 pro
1146 1367 1390 1428 qualitate
1422 1382 1685 1430 personae,
1717 1366 1929 1430 denique
1962 1380 2003 1412 15

230 1455 320 1503 pro
381 1441 536 1488 lorica
597 1440 787 1488 corium
846 1439 1089 1488 bubulum
1148 1440 1326 1488 habuit
1387 1458 1483 1503 quo
1553 1441 1756 1489 dorsum
1823 1441 1928 1490 eius

229 1514 490 1578 umerique
527 1514 846 1579 tegebantur,
896 1516 1050 1577 caput
1096 1517 1265 1562 autem
1313 1515 1418 1563 eius
1460 1515 1522 1563 ad
1560 1515 1733 1579 galeae
1771 1515 1928 1564 vicem

231 1590 498 1651 operuerat
536 1590 688 1651 caput
725 1588 834 1651 lupi
873 1604 983 1636 cum
1032 1588 1264 1636 dentibus
1310 1588 1435 1649 suis,
1483 1588 1764 1637 dimicantis
1811 1605 1927 1638 vero

230 1678 406 1711 manus
439 1678 614 1725 sparus
646 1662 874 1711 armabat
904 1663 1044 1711 nulla
1076 1662 1282 1710 artificis
1314 1662 1594 1711 subtilitate
1627 1663 1927 1726 conpositus.

230 1753 435 1799 sparum
475 1737 648 1785 dicunt
684 1736 902 1800 regionis
940 1753 1075 1785 more
1107 1737 1290 1785 fustem
1327 1736 1589 1799 nodosum,
1623 1753 1722 1800 quo
1753 1738 1929 1786 rustici
1959 1750 2003 1782 2⁰

229 1812 442 1859 utuntur
488 1827 599 1859 cum
646 1813 765 1859 eunt
811 1810 875 1858 ad
921 1810 1121 1859 bellum.
1198 1811 1305 1873 ipse
1351 1810 1565 1859 bellator
1604 1812 1795 1860 interea
1835 1811 1930 1860 tali

230 1901 356 1947 equo
398 1887 566 1934 vectus
607 1885 918 1934 discurrebat
954 1885 1085 1933 inter
1124 1887 1371 1946 catervas,
1410 1887 1468 1933 ut
1505 1901 1604 1933 non
1643 1901 1771 1948 equo
1811 1885 1930 1934 ferri

229 1958 503 2020 videretur,
543 1959 627 2008 sed
666 1961 837 2020 vento,
876 1961 946 2021 et,
979 1975 1091 2007 cum
1124 1961 1251 2007 esset
1281 1960 1334 2007 in
1371 1959 1713 2008 multitudinis
1751 1960 1928 2022 medio,

231 2034 362 2080 solus
415 2033 563 2081 altior
613 2033 902 2096 apparebat.
989 2034 1118 2080 hunc
1165 2034 1255 2080 illa
1304 2037 1549 2095 exceptum
1589 2034 1762 2095 (neque
1800 2035 1928 2082 enim

127 2112 211 2152 685
231 2107 369 2155 labor
407 2108 598 2167 aymine
635 2108 796 2167 verso)
837 2108 1020 2155 traicit:
1058 2108 1211 2168 hunc,
1249 2107 1302 2155 id
1341 2109 1416 2156 est
1453 2107 1640 2156 talibus
1673 2107 1822 2156 armis
1852 2107 1925 2155 in·
1957 2122 1999 2154 25

229 2183 477 2229 structum
527 2184 577 2229 et
625 2181 756 2229 tanti
806 2182 922 2243 equi
959 2181 1224 2230 velocitate
1264 2182 1524 2244 confisum3
1570 2182 1683 2243 illa,
1720 2182 1814 2230 hoc
1852 2183 1927 2229 est

231 2271 356 2318 quae
407 2258 575 2303 nosset
624 2271 772 2303 usum
825 2255 946 2303 belli
994 2255 1195 2303 meliore
1245 2256 1450 2318 peritia,
1502 2257 1759 2318 exceptum
1813 2271 1926 2302 eum

229 2330 505 2391 fugientem
537 2345 648 2377 cum
679 2330 854 2377 ceteris
886 2331 1143 2392 percussit.
1198 2329 1446 2391 quomodo
1479 2329 1605 2378 dixit
1634 2328 1926 2391 exceptum?

231 2403 391 2466 excipi
430 2403 616 2465 quippe
657 2403 888 2451 dicuntur
928 2406 1014 2465 qui
1053 2406 1225 2451 contra
1262 2404 1471 2452 veniunt
1507 2406 1566 2451 ut
1594 2404 1648 2451 in
1678 2402 1925 2451 venabula

229 2478 386 2525 ferae:
425 2477 524 2525 nisi
560 2477 653 2524 hoc
692 2477 914 2540 intellegi
952 2478 1112 2525 voluit
1151 2479 1429 2539 exceptum,
1476 2479 1762 2540 separatum
1801 2477 1923 2525 elec·
1955 2491 1998 2523 30

350 2595 373 2632 1
407 2590 695 2644 chronimque
719 2588 773 2631 V.
898 2593 923 2630 3
956 2603 1039 2644 que
1069 2590 1176 2643 post
1206 2589 1399 2633 ostendit
1430 2603 1519 2632 om.
1549 2588 1618 2632 ed.
1665 2588 1668 2646 Ι
1715 2602 1800 2644 que
1838 2602 1923 2644 pro

229 2653 419 2704 quotque
442 2648 496 2690 V.
592 2652 615 2691 7
649 2649 754 2692 isset
776 2648 827 2690 in
851 2661 1044 2691 vacuum
1068 2647 1110 2690 V
1138 2653 1249 2692 esset
1270 2649 1428 2692 inanis
1451 2647 1523 2691 ed.
1607 2651 1632 2690 9
1666 2652 1859 2692 ornutus
1881 2646 1923 2690 V

235 2707 436 2764 Ornytus
474 2707 612 2763 Verg.
645 2706 768 2750 libri.
901 2710 955 2749 10
999 2706 1267 2761 „quomodo
1310 2706 1484 2762 ignotis
1529 2706 1669 2749 armis
1713 2708 1760 2749 et
1803 2719 1922 2761 equo

228 2768 423 2809 venator
454 2766 630 2822 Iapyge
662 2765 844 2810 fertur“
876 2766 983 2820 post
1015 2765 1185 2808 lemma
1217 2765 1376 2821 inepte
1408 2765 1629 2821 interpos.
1656 2765 1725 2808 ed.
1755 2764 1923 2809 desunt

229 2825 346 2868 haec
378 2825 427 2868 in
455 2824 639 2868 VHOU.
765 2828 818 2868 19
859 2838 1046 2868 manum
1085 2825 1156 2868 ed.
1287 2829 1341 2868 23
1382 2830 1512 2869 vento
1535 2823 1578 2867 V
1602 2823 1674 2867 ed.
1707 2823 1774 2867 sic
1804 2824 1920 2867 Don.

229 2886 403 2941 Iapyye
436 2883 658 2939 explicat!
768 2888 823 2926 24
856 2896 995 2938 neque
1020 2881 1060 2924 V
1092 2898 1171 2927 nec
1203 2883 1272 2927 ed.
1387 2888 1441 2927 27
1474 2883 1654 2927 meliore
1679 2882 1720 2925 V
1752 2884 1822 2926 -ri
1853 2884 1923 2938 (ut

230 2943 364 2999 solet)
410 2943 480 2986 ed.
604 2947 658 2985 29
700 2944 854 2998 excipe
885 2941 927 2985 V
966 2943 1115 2997 excipi
1149 2942 1192 2984 H
1231 2943 1431 2998 excipere
1469 2941 1540 2986 ed,
1585 2942 1589 2999 Ι
1637 2947 1690 2986 ut
1727 2955 1814 2985 om.
1848 2942 1919 2985 ed.

231 3006 286 3044 30
318 3003 509 3046 voluerit
539 3002 610 3045 ed.
