2050 3226
38 1025 82 1058 1⁰

37 1396 81 1429 15

37 1766 81 1799 80

37 2136 81 2168 25

38 2505 82 2537 30

754 202 1059 248 AENnmos
1083 203 1170 247 vn
1736 206 1808 260 65

117 346 254 405 sunt,
292 343 478 406 inquit,
515 343 609 391 hoc
654 345 731 392 est
775 343 865 406 qui
900 359 990 406 per
1025 344 1262 392 inertiam
1300 342 1438 392 sedes
1478 359 1594 392 suas
1634 346 1685 392 et
1721 360 1807 407 pa-

114 418 264 467 triam
308 417 654 480 perdiderunt,
693 417 1006 466 delectantur
1050 418 1353 466 amoenitate
1393 417 1637 479 fluminis,
1676 418 1808 480 quod

114 507 215 541 non
251 492 491 552 facerent,
530 491 628 539 nisi
658 494 822 540 essent
851 492 1004 541 soluti
1034 493 1085 540 et
1113 491 1311 541 inerteS.
1372 491 1631 555 pictasque
1663 508 1809 540 exure

115 566 330 615 carinas:
368 567 573 614 notatur
611 565 747 629 quod
783 567 982 628 pictura
1015 567 1220 615 navium
1250 565 1529 615 luxuriosos
1561 581 1665 614 sese
1697 581 1808 613 con-

113 639 383 702 probarent
431 642 482 687 et
531 638 595 688 ad
640 640 874 689 bellicum
919 642 1168 688 certamen
1213 640 1452 689 infirmos
1526 640 1617 688 has
1654 639 1811 703 igitur

112 713 316 763 iubebat
367 713 585 775 incendi,
638 717 698 763 ut
749 715 935 778 pressis
988 713 1216 779 fugiendi
1268 714 1349 763 vel
1402 713 1645 763 evadendi
1695 713 1809 762 sub-

113 788 297 836 sidium
334 790 616 852 negaretur.
679 789 935 836 caelestum
968 790 1044 837 vis
1078 804 1259 850 mayna
1291 789 1444 836 iubet:
1482 788 1628 836 debet
1658 788 1809 836 auda-

113 864 220 910 cius
257 862 366 910 fieri
404 861 539 925 quod
578 878 793 925 superna
830 864 1087 926 praecepit
1124 863 1411 912 auctoritas.
1497 862 1633 925 quod
1678 862 1811 910 enim

113 936 319 984 deorum
367 937 595 1001 reginam
643 936 771 985 dixit
818 939 1151 1000 praecepisse,
1191 937 1255 984 ad
1294 937 1454 985 omnis
1493 937 1608 985 deos
1646 937 1812 985 voluit

111 1011 382 1073 pertinere,
421 1012 510 1073 qui
539 1010 791 1060 voluntati
825 1011 1033 1074 potioris
1065 1027 1165 1059 non
1194 1013 1430 1073 poterant
1460 1011 1809 1060 contradicere.

112 1101 201 1133 nec
251 1084 470 1146 dubites,
518 1085 707 1148 inquit,
758 1088 962 1148 accepta
1011 1086 1265 1148 perficere,
1315 1101 1427 1133 cum
1474 1085 1662 1147 coeptis
1708 1086 1808 1134 tuis

113 1159 378 1207 adfuturus
417 1160 484 1207 sit
521 1160 984 1222 potentissimorum
1021 1160 1280 1207 numinum
1318 1160 1476 1208 favor.
1552 1161 1719 1222 potest
1760 1162 1811 1207 et

113 1233 206 1294 sic,
243 1235 303 1281 ut
339 1232 583 1282 Iunonem
622 1233 803 1282 dixerit
839 1234 943 1282 vim
979 1250 1238 1298 magnam,
1279 1234 1374 1282 hoc
1412 1235 1489 1282 est
1527 1250 1654 1296 quae
1693 1234 1809 1296 plus

112 1310 281 1370 posset
330 1323 481 1370 quam
531 1307 603 1354 dii
652 1309 817 1356 ceteri.
891 1322 977 1356 rex
1022 1309 1127 1368 ipse
1164 1307 1403 1364 Latinae,
1450 1309 1506 1355 ni
1544 1308 1663 1355 dare
1702 1323 1810 1356 con-

111 1383 297 1442 iuyium
346 1384 389 1428 et
433 1382 556 1430 dicto
598 1395 776 1440 parere
819 1383 1016 1441 fatetur,
1055 1383 1233 1430 sentiat
1270 1385 1313 1429 et
1349 1382 1545 1429 tandem
1585 1382 1811 1429 Turnum

111 1456 389 1515 experiatur
425 1457 480 1503 in
518 1457 696 1503 armis:
746 1455 881 1519 quod
919 1457 994 1504 ait
1029 1473 1115 1504 rex
1151 1457 1280 1519 ipse,
1320 1457 1392 1503 sic
1420 1456 1811 1520 intellegendum

111 1531 206 1578 est:
258 1529 364 1591 ipse
415 1530 503 1592 qui
550 1532 602 1578 te
651 1530 854 1591 fefellit,
902 1530 1010 1593 ipse
1057 1530 1140 1579 cui
1184 1530 1449 1578 obsecutus
1501 1545 1552 1578 es
1602 1546 1810 1593 semper,

110 1605 217 1666 ipse
271 1604 412 1652 cuius
465 1605 730 1666 imperium
781 1606 875 1652 tua
928 1604 1211 1653 defensione
1266 1605 1497 1664 servasti,
1550 1605 1658 1667 ipse
1720 1606 1810 1666 qui

110 1677 308 1726 mobilis
348 1693 452 1727 esse
491 1693 591 1726 non
630 1678 822 1739 debuit,
860 1678 967 1742 ipse
1006 1694 1156 1742 penes
1197 1695 1345 1740 quem
1379 1694 1629 1727 summum
1660 1694 1810 1741 super

110 1752 242 1800 filiae
275 1752 620 1800 coniunctione
650 1752 890 1801 iudicium
921 1755 996 1801 est
1028 1754 1212 1815 quique
1242 1752 1456 1801 iniuriae
1487 1755 1604 1800 tuae
1637 1755 1810 1801 auctor

112 1841 217 1874 esse
267 1841 367 1873 non
417 1826 606 1874 debuit.
689 1827 786 1876 nisi
821 1827 916 1875 tibi
954 1827 1213 1891 coniugem
1253 1826 1466 1888 dederit,
1504 1828 1603 1875 nisi
1642 1827 1805 1875 condi·

112 1899 336 1948 cionibus
390 1900 489 1948 tuis
546 1916 597 1949 se
648 1901 900 1964 professus
952 1902 1108 1949 fuerit
1160 1902 1466 1964 pariturum,
1529 1901 1615 1963 qui
1670 1901 1808 1948 beni-

111 1973 383 2022 volentiam
436 1974 606 2038 generi
658 1975 1068 2024 contemnendam
1126 1975 1336 2024 credidit
1390 1975 1572 2024 armati
1625 1975 1810 2024 sentiat

113 2051 164 2095 et
199 2047 319 2096 irati
357 2048 605 2097 virtutem.

231 2123 332 2170 Hic
360 2123 551 2170 iuvmzis
580 2126 738 2170 vatem
767 2124 988 2171 inridens
1018 2125 1089 2171 sic
1127 2138 1242 2171 orsa
1278 2123 1494 2171 vicissim
1524 2137 1604 2171 ore
1637 2125 1808 2183 refert:
1824 2133 1910 2172 435

111 2196 192 2244 hic
228 2196 448 2257 iuvenis,
486 2197 579 2244 hoc
617 2198 693 2245 est
731 2198 821 2259 qui
859 2197 1039 2246 aetatis
1083 2200 1133 2246 et
1173 2197 1482 2246 fortitudinis
1526 2197 1808 2245 substantia

113 2270 323 2318 confisus
355 2272 499 2331 esset,
523 2271 749 2319 aniculae
780 2270 914 2319 dicta
945 2288 1034 2334 per
1065 2271 1312 2319 somnium
1343 2273 1394 2318 et
1416 2271 1568 2320 verba
1591 2271 1807 2319 feminea

112 2360 202 2406 pro
241 2344 432 2394 levibus
473 2345 653 2393 ducens
691 2345 818 2393 talia
857 2345 994 2393 dedit
1029 2361 1281 2409 responsa.
1351 2346 1591 2408 expressit
1622 2346 1806 2393 utrius-

114 2434 207 2479 que
258 2419 439 2466 aetatis
488 2434 698 2481 morem3
744 2435 862 2467 nam
900 2435 1039 2468 senes
1077 2420 1214 2468 ultra
1254 2435 1404 2482 quam
1444 2422 1524 2468 sat
1562 2422 1637 2467 est
1673 2419 1805 2467 timi-

113 2491 272 2540 diores
305 2494 424 2540 sunt
454 2494 505 2541 et
535 2493 669 2555 apud
697 2494 918 2541 iuniores
949 2493 1072 2542 haec
1099 2497 1236 2542 aetas
1262 2494 1511 2542 contemni
1534 2492 1806 2542 consuevit.

114 2566 325 2629 denique
379 2569 430 2614 et
482 2570 633 2630 poeta
685 2568 807 2615 haec
859 2567 1139 2630 praemisit:
1199 2567 1303 2632 hic,
1352 2569 1540 2630 inquit,
1591 2568 1805 2627 iuvenis3

231 2727 259 2764 4
283 2722 395 2777 quid
417 2721 459 2766 V
484 2723 603 2779 quod
627 2719 698 2766 ed}
728 2722 733 2780 1
761 2737 851 2766 sese
874 2724 1203 2778 comprobarent
1221 2722 1262 2766 V
1288 2738 1378 2768 esse
1402 2723 1709 2778 comprobaret
1733 2721 1804 2766 ed.

114 2784 140 2822 8
171 2781 362 2836 §caepit
384 2780 427 2824 V
451 2783 681 2838 praecipit
713 2782 783 2825 ed.
827 2782 832 2839 Ι
881 2783 1000 2826 enim
1030 2781 1073 2825 V
1102 2796 1206 2827 vero
1237 2782 1308 2826 ed.
1410 2787 1465 2825 12
1496 2783 1733 2825 nominum
1763 2779 1807 2822 V

115 2852 228 2882 corr.
262 2840 333 2884 ed.
371 2839 376 2898 Ι
411 2846 624 2896 potest—
653 2845 707 2884 13
738 2855 954 2898 maynam
975 2840 1019 2883 V
1050 2846 1092 2885 et
1121 2842 1172 2885 id
1202 2843 1323 2885 Iwno
1346 2842 1583 2896 praecepit
1613 2854 1806 2897 maynae

110 2900 339 2953 potentiae
386 2898 630 2943 substituit
677 2899 747 2943 ed.
871 2903 927 2942 20
969 2902 1331 2945 coniwnetionem
1375 2900 1446 2943 ed.
1499 2900 1502 2957 ᾖ
1561 2900 1725 2954 quique
1762 2899 1805 2941 V

113 2958 209 3011 ipse
246 2959 327 3013 qui
368 2957 439 3002 ed.
491 2959 496 3016 Ι
553 2973 663 3003 suae
693 2957 736 3001 V
768 2959 839 3002 ed.
880 2965 986 3003 tuae
1018 2973 1115 3003 nos.
1238 2964 1293 3002 22
1326 2960 1419 3003 tuis
1450 2971 1538 3001 om.
1565 2956 1706 3001 HOU
1731 2958 1803 3002 ed.

116 3019 169 3058 27
202 3016 400 3069 feminea
430 3016 472 3060 V
502 3019 701 3072 feminae
733 3018 804 3062 ed.

205 3105 301 3137 Bon.
319 3105 477 3144 interpr.
493 3105 605 3146 Verg.
631 3107 704 3138 vol.
722 3107 773 3138 Π.
1511 3110 1537 3147 5
