2020 3232
218 159 327 212 670

143 285 146 288 ’
218 290 394 347 gratias
427 289 599 347 agendi
631 303 703 334 ars
735 288 777 343 6,
803 292 902 333 509.

218 349 448 407 gremium
481 349 595 405 quid
627 349 688 392 sit
719 348 761 401 8,
786 352 887 391 406.

215 466 454 510 Hannibal
484 467 527 521 4,
554 471 651 510 622.
687 470 785 509 625.

216 527 378 570 hastae
396 541 477 570 cur
490 525 716 570 columnis
730 525 1018 568 acclinentur

276 586 347 640 12,
375 591 444 629 92.
479 611 533 617 -
567 585 715 628 hastis
749 586 926 628 certare
957 584 1017 627 ti-

275 645 445 689 mentis
490 646 560 688 est
599 644 642 698 9,
670 648 767 687 749.
817 644 888 698 10,
917 648 1015 687 776.

215 703 398 748 Hebrus
412 717 496 759 per
507 703 656 747 multa
669 717 750 747 ora
763 702 1018 746 effunditur

216 823 325 866 heia
356 822 587 866 hortantis
620 823 690 866 est
721 821 763 875 9,
790 825 859 865 38.

216 882 394 925 Helena
427 881 639 925 adultera
671 881 712 932 1,
733 886 801 925 71.
835 885 934 924 650.
962 907 1018 913 —-

275 942 448 998 Argiva
479 941 521 995 1,
548 945 646 984 650.
683 941 722 995 7,
750 945 847 983 171.
882 966 936 972 —
971 942 1018 984 et

275 1000 406 1043 Paris
446 1000 487 1054 1,
515 1005 567 1043 71
581 1014 678 1055 sqq.
725 1026 779 1032 -
827 999 1015 1055 proprio

277 1074 503 1103 consensu
548 1061 684 1115 rapta
731 1059 773 1112 6,
811 1063 909 1102 525.
959 1084 1015 1090 -

273 1119 409 1176 pingi
447 1133 541 1162 non
578 1119 734 1174 potuit
766 1118 808 1172 1,
835 1122 920 1161 650
957 1118 1014 1161 cf.

278 1177 367 1222 Cic.
404 1179 461 1222 de
488 1178 590 1223 inv.
623 1177 665 1220 II
705 1183 728 1231 ξ
767 1183 789 1220 1
825 1192 924 1233 sqq.
959 1204 1013 1210 —

275 1237 482 1282 Helenae
512 1237 671 1280 mariti
702 1238 744 1290 6,
770 1241 870 1280 525.

215 1297 421 1341 Helenus
471 1297 693 1340 laudatur
740 1297 782 1351 3,
818 1300 902 1340 359
918 1310 1016 1351 sqq.

215 1415 388 1460 herbae
420 1415 630 1459 medicae
662 1414 894 1470 quomodo
921 1428 1017 1458 car-

276 1475 459 1531 pendae
492 1476 586 1518 sint
618 1474 688 1527 12,
714 1479 815 1517 412.

215 1534 438 1578 Hercules
470 1534 682 1577 Troianis
724 1533 941 1576 inimicus
973 1532 1015 1586 8,

277 1599 376 1638 275.
421 1620 476 1625 —
520 1592 733 1637 Herculis
780 1593 829 1635 in
875 1591 1016 1635 sacris

276 1652 526 1697 sedebatur
537 1652 580 1706 8,
593 1658 614 1695 1
622 1657 689 1695 76.
706 1679 755 1683 -
766 1651 1018 1707 prudentia

274 1713 496 1755 laudatur
519 1712 561 1766 8,
580 1716 664 1755 236
676 1725 774 1767 sqq.
816 1715 900 1753 257
917 1725 1015 1766 sqq.

276 1799 331 1805 —
379 1771 602 1816 Hercules
663 1771 819 1826 plures
873 1770 1017 1813 fuisse

275 1831 489 1875 feruntur
519 1831 562 1886 8,
590 1835 688 1874 106.

215 1891 307 1935 heu
337 1890 620 1945 ubicumque
652 1891 722 1933 est
754 1889 961 1944 separari
989 1901 1016 1931 a

277 1951 441 1994 ceteris
475 1949 614 1993 debet
644 1949 686 2002 9,
714 1953 814 1992 485.

215 2016 415 2060 Hiar-bas
449 2016 716 2060 defenditur
747 2015 789 2070 4,
817 2019 916 2059 218.

215 2083 472 2127 horrendus
498 2083 611 2138 quid
637 2082 706 2125 sit·
721 2081 763 2136 9,
785 2086 882 2125 112.
914 2085 1014 2125 521.

276 2143 346 2197 11,
374 2147 473 2186 507.

215 2210 406 2254 horrens
423 2231 467 2245 =
484 2208 784 2251 admirandus
839 2207 880 2261 1,
915 2212 1013 2251 634.

215 2276 437 2321 hortandi
462 2289 535 2318 ars
559 2274 601 2329 3,
622 2278 719 2317 160.
752 2274 794 2329 5,
815 2279 913 2318 192.
943 2274 1014 2329 10,

277 2335 605 2389 369.11,731.

215 2404 422 2446 humana
454 2401 569 2456 quid
601 2400 694 2443 sint
726 2399 796 2453 10,
825 2405 921 2443 152.
959 2425 1014 2432 —-

274 2461 467 2504 humani
500 2473 682 2517 gressus
714 2459 756 2512 9,
783 2464 881 2502 367.

215 2527 499 2571 humationis
525 2526 855 2570 detrimentum
874 2539 1014 2580 quam

274 2588 367 2630 vim
398 2585 572 2629 habeat
604 2586 674 2639 11,
701 2590 798 2628 372.
837 2589 922 2628 866
956 2586 1013 2628 cf.

275 2647 537 2700 6‚3255qq.

214 2712 495 2768 hyacinthus
565 2710 731 2756 coloris
791 2710 1014 2766 purpurei

214 2837 508 2894 hyperbaton
531 2837 573 2891 3,
594 2841 690 2880 384.
725 2835 766 2890 4,
787 2840 884 2879 191.
915 2840 1013 2880 196.

275 2898 316 2951 8,
334 2901 420 2940 408
447 2896 689 2950 „saltum“
716 2895 842 2938 dicit.
881 2895 923 2950 9,
942 2900 1012 2939 54.

276 2961 345 3000 59.
378 2956 449 3009 10,
476 2960 573 2998 324.
609 2955 679 3009 11,
705 2959 804 2998 336.

968 153 1159 199 INDEX

1106 287 1362 332 Iactantior
1393 283 1508 344 quid
1540 289 1601 332 sit
1631 288 1674 342 6,
1700 293 1798 332 815.

1107 347 1346 390 iaculandi
1379 361 1452 391 ars
1484 347 1526 403 9,
1551 352 1652 392 402.
1693 353 1792 392 417.
1833 348 1904 403 11,

1106 465 1251 521 Iapyx
1282 465 1504 510 laudatur
1533 465 1604 521 12,
1632 470 1730 510 395.

1107 525 1256 568 Iasius
1269 524 1487 568 Dardano
1502 525 1738 580 antiquior
1752 525 1795 580 3,
1808 530 1905 570 168.

1107 584 1230 641 ignis
1280 586 1523 628 ventorum
1573 584 1762 628 flatibus
1807 598 1907 629 ver-

1167 643 1355 687 beratus
1396 643 1655 688 anhelitum
1684 644 1834 688 mittit
1863 644 1906 700 8,

1108 761 1238 806 ilicet
1269 762 1310 815 2,
1337 766 1437 805 424.
1471 761 1543 815 11,
1568 766 1668 806 468.

1108 821 1310 864 Ilioneus
1353 821 1403 864 in
1446 820 1761 878 legationibus
1803 835 1908 877 per-

1168 880 1301 924 ficien
1308 880 1379 923 dis
1388 879 1744 936 probatissimus
1756 881 1795 934 7,
1805 886 1905 925 261.

1108 940 1338 996 imperare
1370 940 1485 995 quid
1517 940 1578 983 sit
1609 940 1681 993 12,
1709 944 1806 983 193.

1108 1000 1348 1055 inceptum
1373 999 1487 1054 quid
1513 999 1573 1042 sit
1597 999 1723 1054 1,37.
1749 999 1791 1055 4,
1807 1004 1905 1043 316.

1166 1058 1551 1113 9‚694.11‚469.

1105 1118 1274 1162 incerti
1303 1118 1373 1160 vis
1403 1131 1604 1173 poenam
1634 1120 1776 1175 auget
1805 1118 1848 1173 3,
1867 1123 1906 1162 7.

1167 1181 1267 1221 249.
1299 1176 1342 1231 6,
1368 1182 1466 1221 614.
1502 1181 1601 1221 625.

1107 1236 1426 1292 incorporalia
1463 1237 1688 1280 nonnulla
1729 1238 1907 1281 veteres

1166 1310 1251 1352 pro
1283 1295 1552 1339 numinibus
1577 1296 1842 1344 habuerunt
1865 1296 1907 1351 4,

1108 1414 1404 1458 incredibilia
1420 1414 1559 1472 Verg.
1579 1415 1729 1458 causis
1753 1415 1909 1458 firmat

1167 1474 1906 1529 1‚341.7‚236.487.490.11,

1170 1538 1268 1577 744.
1317 1533 1387 1588 12,
1423 1538 1520 1578 140.
1549 1538 1648 1576 900.
1694 1534 1769 1577 vel
1791 1536 1907 1578 tem-

1166 1593 1293 1648 poris
1327 1593 1471 1649 signis
1507 1594 1545 1647 7,
1574 1597 1671 1636 734.

1107 1652 1356 1709 indigenae
1389 1652 1502 1707 quid
1534 1652 1628 1694 sint
1659 1651 1701 1706 8,
1736 1656 1834 1696 314.

1106 1711 1271 1754 infelix
1303 1711 1475 1768 (miser)
1509 1711 1622 1766 quid
1647 1711 1708 1754 sit
1739 1711 1780 1766 1,
1808 1715 1905 1755 719.

1167 1771 1303 1824 2‚42.
1347 1770 1486 1825 3‚50.
1531 1770 1699 1824 5,465.
1738 1771 1905 1825 6,456.

1168 1829 1907 1885 521.721.7,596.8‚326.11‚119.

1167 1894 1267 1933 203.
1301 1893 1400 1933 360.
1433 1893 1534 1933 563.
1567 1888 1640 1943 12,
1673 1893 1773 1933 261.
1807 1893 1906 1934 598.

1107 1949 1269 1993 inferis
1310 1948 1469 2003 qualia
1509 1947 1770 1992 debeantur
1808 1949 1907 1992 ani-

1165 2008 1308 2051 malia
1340 2008 1382 2062 6,
1410 2012 1508 2051 249.

1106 2067 1290 2111 infinita
1315 2067 1578 2111 aestimatio
1602 2066 1751 2110 maior
1767 2081 1907 2122 quam

1167 2126 1377 2170 definitio
1424 2126 1465 2180 1,
1497 2130 1594 2169 195.
1641 2126 1684 2179 3,
1710 2130 1764 2169 53
1800 2128 1904 2182 (49).

1165 2191 1266 2230 483.
1311 2185 1353 2240 4,
1380 2190 1480 2229 320.
1524 2185 1565 2239 5,
1592 2189 1691 2228 510.
1735 2186 1779 2241 6,
1805 2190 1902 2229 224.

1166 2251 1265 2290 574.
1317 2246 1356 2299 7,
1388 2249 1458 2289 42.
1509 2249 1607 2288 181.
1659 2249 1755 2288 184.
1805 2249 1903 2288 233.

1167 2310 1266 2348 236.
1307 2309 1407 2347 486.
1452 2309 1549 2347 629.
1592 2308 1691 2347 648.
1729 2308 1828 2348 806.
1861 2304 1903 2358 8,

1166 2369 1236 2408 13.
1270 2369 1338 2407 21.
1373 2367 1473 2407 290.
1505 2363 1547 2418 9,
1569 2367 1635 2406 10.
1671 2368 1769 2408 343.
1804 2368 1903 2407 510.

1164 2424 1235 2476 10,
1263 2427 1361 2466 311.
1411 2427 1510 2466 509.
1559 2427 1657 2467 527.
1703 2422 1778 2477 11,
1804 2427 1902 2466 244.

1164 2487 1264 2526 433.
1298 2486 1397 2525 450.
1425 2486 1525 2525 508.
1552 2486 1651 2525 550.
1678 2486 1776 2525 581.
1804 2487 1902 2525 646.

1103 2601 1315 2645 informis
1349 2600 1462 2656 quid
1496 2599 1557 2643 sit
1587 2599 1629 2654 8,
1655 2605 1755 2644 264.

1104 2661 1330 2703 infractus
1386 2659 1500 2714 quid
1555 2659 1786 2715 significet
1831 2659 1901 2713 10,

1103 2779 1340 2834 ingratum
1372 2790 1471 2821 esse
1503 2777 1754 2820 admodum
1781 2776 1903 2820 inter

1162 2838 1372 2881 homines
1405 2850 1543 2892 grave
1575 2838 1645 2879 est
1674 2835 1716 2889 4,
1742 2839 1840 2879 306.

1103 2897 1349 2952 inopinata
1386 2895 1512 2938 mala
1550 2894 1763 2952 graviora
1795 2896 1902 2938 sunt

1163 2955 1359 3012 12,556.
