2050 3226
220 196 329 250 384
688 193 922 239 DONATI
951 194 1018 239 IN
1019 194 1234 239 TERPR.
1258 194 1438 240 VERG.

219 334 459 383 attulerat
489 334 861 397 detrimentum3
899 335 1117 397 perierat
1148 333 1280 383 enim
1309 335 1362 383 in
1401 350 1499 398 quo
1538 350 1654 398 pars
1691 333 1908 384 maxima

217 407 457 458 victoriae
482 409 582 458 fuit
612 410 662 456 et
684 425 774 472 per
797 425 944 471 quem
973 409 1029 456 in
1058 424 1244 473 magna
1273 408 1534 473 pugnandi
1565 408 1908 472 desperatione

217 498 334 546 pars
380 482 577 533 diversa
622 498 727 532 esse
768 484 1005 545 potuerat
1050 483 1101 530 et
1145 483 1237 546 qui
1280 484 1520 532 maiorem
1555 486 1753 546 partem
1788 482 1909 532 belli

218 557 406 606 valeret
442 557 631 620 inplere
669 556 878 605 iacebat.
949 554 1135 605 Orodes
1175 557 1331 606 altus:
1370 557 1662 620 aliquando,
1700 558 1794 606 hoe
1833 560 1909 606 est

219 630 459 681 sublimis,
537 631 630 679 alti
675 629 974 694 significatio
1020 630 1221 693 plenam
1263 632 1401 679 tenet
1437 631 1657 693 laudem,
1697 631 1907 694 denique
1962 649 1981 682 5

155 752 159 755 .
216 705 269 752 in
293 706 439 754 laude
469 704 606 753 urbis
637 704 824 754 Romae
857 705 1198 768 exprimenda,
1237 721 1351 753 oum
1380 705 1508 753 nihil
1538 705 1720 754 fortius
1758 708 1908 769 poeta

216 780 537 842 repperisset,
607 779 681 827 ait
741 771 823 846 (1,
859 772 913 846 7)
982 780 1172 842 „atque
1223 779 1355 828 altae
1411 780 1610 828 moenia
1667 779 1908 829 Romae“.

217 853 404 901 laetum
458 854 627 902 autem
680 853 945 901 clamorem
998 854 1120 901 socii
1173 852 1383 915 dabant,
1434 853 1568 916 quod
1619 853 1698 903 vir
1734 856 1908 903 tantae

216 927 526 976 fortitudinis
577 927 699 990 pede
751 929 903 991 atque
951 927 1100 976 hasta
1144 927 1377 976 Mezentii
1421 927 1752 990 premebatur.
1827 929 1909 976 ille
1996 922 1998 924 ’

115 1011 199 1051 740
217 1005 378 1049 autem
415 1002 670 1061 expirans:
715 1015 814 1049 non
858 1015 955 1057 me,
996 1002 1280 1063 quicumque
1318 1016 1389 1058 e8‚
1435 1002 1589 1050 inulto
1635 1002 1786 1050 vietor
1821 1017 1909 1050 nee
1940 1019 1983 1051 10

217 1076 410 1136 longum
457 1076 714 1132 laetabere,
762 1079 805 1123 te
843 1089 1027 1136 quoque
1062 1078 1173 1136 fata
1203 1079 1516 1136 prospectant
1558 1077 1715 1136 paria
1768 1079 1908 1137 atque

216 1150 383 1198 eadem
429 1163 541 1197 mox
591 1164 716 1198 arva
765 1151 971 1198 tenebis:
1023 1150 1400 1213 qualiscumque
1450 1165 1522 1212 63,
1575 1150 1764 1213 inquit,
1813 1150 1907 1199 hoe

215 1226 289 1272 est
351 1225 672 1287 quantumvis
733 1225 783 1271 te
846 1223 1087 1272 arbitrare
1141 1224 1491 1286 fortissimum,
1543 1225 1718 1272 mortis
1767 1240 1906 1272 meae

214 1314 314 1345 non
354 1297 532 1347 evades
570 1298 813 1346 ultionem
850 1314 941 1346 nee
979 1299 1075 1347 erit
1104 1298 1245 1362 longi
1281 1298 1519 1362 temporis
1558 1299 1755 1347 laetitia
1792 1300 1906 1362 tua3

214 1388 332 1420 nam
369 1374 418 1420 te
460 1387 657 1434 quoque
696 1371 955 1421 confestim
1001 1372 1242 1421 videbunt
1286 1374 1386 1422 ista
1425 1388 1547 1422 arva
1584 1374 1905 1436 prostratum.
1938 1389 1980 1422 ιε

213 1446 306 1495 hoe
335 1445 447 1494 ideo
478 1447 698 1509 positum
722 1447 812 1508 est,
844 1448 1082 1509 quoniam
1113 1446 1347 1495 dicuntur
1377 1447 1601 1496 divinare
1624 1446 1904 1495 morientes.

215 1519 425 1582 denique
480 1519 787 1582 expirantem
839 1520 1058 1569 ostendit
1107 1521 1231 1569 haee
1283 1521 1507 1569 locutum
1560 1523 1610 1569 et
1663 1521 1906 1570 eiusmodi

216 1595 350 1643 dieta
395 1594 629 1657 probavit
675 1595 835 1643 exitus
885 1611 1071 1657 rerum3
1123 1596 1307 1658 quippe
1356 1595 1553 1643 Aeneae
1599 1611 1754 1642 manu
1790 1611 1905 1643 mox

213 1670 542 1732 interemptus
574 1668 821 1717 occubuit.
883 1669 950 1717 ad
984 1683 1122 1731 quem
1152 1669 1410 1717 subridens
1447 1669 1601 1717 mixta
1631 1670 1904 1717 Mezentius

213 1743 316 1791 ira:
362 1742 630 1791 Mezentius
685 1758 799 1791 eum
849 1743 972 1791 haee
1025 1742 1328 1803 exaudisset,
1374 1744 1532 1791 iratus
1581 1745 1656 1791 est
1701 1744 1905 1806 propter
1935 1759 1978 1791 Σο
2049 1806 2050 1811 ¹

213 1816 480 1865 maledicta
519 1818 569 1865 et
606 1816 830 1878 subrisit,
870 1818 989 1879 quia
1018 1817 1398 1880 proferebantur
1437 1817 1498 1865 ab
1538 1832 1595 1864 eo
1635 1818 1723 1879 qui
1761 1832 1904 1866 suum

215 1891 406 1939 videret
434 1891 708 1939 interitum.
771 1891 1022 1939 subridere
1053 1907 1153 1939 non
1182 1892 1386 1954 plenum
1415 1890 1622 1940 ridentis
1656 1891 1904 1940 adfectum

215 1964 543 2026 demonstrat3
590 1981 751 2027 neque
791 1966 924 2013 enim
970 1965 1234 2030 gaudentis
1281 1981 1385 2014 esse
1431 1966 1599 2029 potuit
1635 1966 1764 2014 risus
1803 1965 1902 2013 ssle.

213 2038 345 2086 idem
383 2039 675 2100 Mezentius,
715 2040 834 2100 quia
871 2039 1156 2088 laetabatur
1192 2038 1396 2088 victoris
1435 2042 1576 2102 voto,
1621 2054 1773 2096 nune,
1815 2040 1901 2100 ait,

213 2126 416 2168 morere,
459 2116 536 2160 ast
566 2113 623 2160 de
653 2127 727 2161 me
759 2113 925 2161 divum
948 2117 1093 2174 pater
1124 2118 1265 2173 atque
1301 2114 1551 2162 hominum
1583 2127 1670 2162 rex
1706 2114 1904 2162 viderit:
1934 2127 1977 2161 25

213 2186 436 2248 interim,
479 2185 668 2249 inquit,
717 2190 773 2235 tu
819 2203 1008 2236 morere
1055 2204 1145 2236 nee
1184 2203 1324 2236 eures
1370 2187 1582 2236 ulterius
1622 2186 1742 2250 quid
1779 2187 1903 2235 mihi

214 2260 440 2322 Iuppiter
491 2261 712 2308 infensus
766 2263 1045 2324 praeparet.
1135 2262 1222 2310 hoe
1275 2262 1438 2310 dicens
1493 2262 1657 2309 eduxit
1707 2275 1902 2321 corpore

214 2335 382 2382 telum:
433 2349 546 2382 eum
593 2335 686 2382 hoe
737 2334 942 2398 diceret,
992 2335 1162 2384 eduxit
1205 2336 1363 2384 telum
1410 2352 1435 2383 6
1481 2350 1682 2397 corpore
1727 2335 1901 2396 hostiS‚

114 2419 197 2458 745
217 2409 454 2471 quoniam
493 2409 597 2456 eius
636 2409 909 2470 perfecerat
947 2426 1130 2458 necem.
1199 2410 1283 2457 olli
1321 2410 1451 2458 dura
1489 2410 1622 2468 quies
1659 2409 1820 2457 oeulos
1859 2412 1902 2457 et

213 2484 401 2541 ferreus
460 2486 596 2543 uryet
654 2496 875 2539 somnus,
936 2485 988 2531 in
1047 2486 1295 2532 aeternam
1354 2484 1650 2532 clauduntur
1712 2483 1900 2531 lumina
1932 2496 1975 2528 30

214 2560 418 2604 noctem:
477 2556 613 2605 illius
669 2557 835 2605 oeulos
889 2557 1074 2606 ferreus
1131 2573 1332 2606 somnus
1385 2557 1595 2620 urgebat
1655 2558 1704 2604 et
1759 2558 1898 2619 quies

215 2645 384 2691 saeva,
416 2645 514 2678 non
546 2631 756 2679 ventura
786 2631 969 2679 iterum
1009 2633 1099 2680 aut
1135 2632 1317 2680 iterum
1347 2645 1622 2691 recessura,
1655 2629 1740 2678 sed
1773 2646 1898 2693 quae

335 2777 359 2815 2
392 2773 746 2828 desperationem
768 2770 822 2814 V.
946 2775 971 2814 3
1004 2772 1194 2816 adversa
1225 2772 1296 2815 ed.
1410 2776 1438 2814 4
1468 2771 1643 2815 iacebat
1675 2784 1762 2815 om.
1789 2771 1859 2814 ed.
1889 2770 1894 2829 Ι

214 2832 294 2875 hoe
325 2836 388 2875 est
410 2831 452 2874 V
483 2832 652 2875 dieitwr
682 2830 753 2874 ed.
848 2835 902 2873 16
933 2844 1035 2875 cum
1058 2831 1273 2875 dieantur
1296 2830 1367 2874 ed.
1461 2833 1515 2873 20
1547 2829 1796 2874 audivisset
1826 2830 1897 2874 ed.

216 2894 267 2932 21
304 2890 422 2945 quod
445 2891 763 2946 proferebatur
793 2889 863 2932 ed.
957 2894 1011 2932 23
1037 2904 1245 2945 neque—
1263 2894 1319 2932 24
1342 2893 1442 2934 voto
1474 2902 1561 2932 om.
1588 2888 1658 2931 ed.
1745 2894 1801 2932 24
1832 2890 1899 2932 ait

216 2962 302 2992 om.
337 2949 407 2992 ed.
500 2953 555 2991 25
589 2954 652 2993 est
680 2962 764 3003 pro
797 2953 867 2992 ast
890 2947 944 2992 V.
1040 2952 1095 2991 29
1128 2950 1342 3005 quoniam
1365 2947 1407 2993 V
1438 2961 1524 3004 quo
1556 2947 1627 2992 ed.
1720 2951 1775 2991 30
1806 2948 1898 3001 fer-

215 3021 311 3052 reos
342 3006 481 3063 (infra
512 3010 651 3063 reete)
678 3007 731 3052 V.
