2050 3226
2017 0 2045 58 5!

243 207 353 260 484
716 203 949 249 DONATI
977 203 1043 248 IN
1044 203 1257 248 TERPR.
1281 203 1460 250 VERG.

241 344 440 394 finitum
469 346 711 408 appareat
742 346 792 393 et
815 346 1058 406 quantum
1089 343 1250 392 adhuc
1281 345 1496 406 supersit
1525 345 1790 393 nesciatur.
1839 345 1932 394 hoc

241 421 292 467 et
328 420 626 483 generalitas
671 420 916 482 praestat,
966 417 1224 466 dicebatur
1268 418 1453 480 quippe
1498 418 1666 468 venire
1704 419 1933 480 TeucrOS,

240 493 407 542 venire
447 493 727 556 Tyrrhenos
775 495 825 540 et
869 507 969 540 non
1015 492 1193 540 saltem
1237 492 1318 540 vel
1364 491 1654 542 aestimatus
1699 508 1932 541 numerus

238 567 566 629 referebatur3
615 582 733 614 nam
770 565 813 614 si
850 567 921 614 sic
958 567 1246 628 poneretur:
1293 565 1670 629 descenderunt,
1713 567 1932 629 inpleve-

238 645 372 703 runt,
402 643 495 690 hoc
527 641 687 689 solum
715 641 980 703 putaretur
1003 640 1137 702 quod
1160 639 1316 688 oculis
1347 639 1647 690 subiacebat.
1703 641 1932 702 extemplo
1974 652 2004 687 t

238 717 420 764 turbati
458 715 615 763 animi
652 728 976 775 concussaque
1011 714 1146 775 vulgi
1175 717 1374 774 pectora
1405 717 1448 762 et
1477 719 1692 764 arrectae
1721 715 1932 763 stimulis
2046 725 2050 728 ⁴

167 822 172 825 γ
237 790 358 838 haut
392 789 617 837 mollibus
654 789 784 836 irae:
820 789 1104 851 insperatus
1134 788 1338 837 nuntius
1370 790 1572 838 cunctos
1611 792 1749 838 motu
1791 789 1930 839 vario

238 863 531 926 diversoque
554 862 800 924 turbavit,
831 863 1005 911 statim
1032 861 1217 925 quippe
1249 862 1457 911 confusa
1486 865 1605 912 sunt
1635 865 1787 926 atque
1819 879 1930 912 con-

239 954 383 986 cussa
430 937 570 1001 vulgi
621 938 825 999 pectora
872 938 1128 999 terrorque
1177 937 1285 999 ipse
1334 938 1548 1000 sumpsit
1595 940 1930 1002 augmentum.

238 1026 474 1061 concussa
521 1013 658 1072 sunt,
694 1010 882 1073 inquit,
929 1011 1072 1075 vulgi
1106 1012 1332 1073 pectora3
1376 1011 1489 1074 plus
1535 1014 1612 1061 est
1648 1013 1781 1060 enim
1818 1027 1930 1060 con·
1965 1022 2010 1057 10·

237 1086 341 1135 cuti
390 1101 543 1149 quam
595 1085 805 1133 turbari.
881 1087 932 1134 et
985 1087 1204 1133 arrectae
1255 1085 1473 1133 stimulis
1524 1086 1650 1135 haut
1696 1086 1930 1135 mollibus

235 1162 363 1222 irae,
387 1161 667 1208 animorum
699 1160 1009 1221 perturbatio
1035 1161 1086 1207 et
1109 1160 1366 1208 concussio
1389 1161 1646 1222 pectorum
1669 1159 1746 1207 ira
1770 1161 1930 1209 omnis

236 1235 542 1283 accenderat.
611 1249 755 1282 arma
791 1249 945 1281 manu
983 1233 1160 1294 trepidi
1191 1237 1418 1293 poscunt,
1457 1234 1756 1283 videbantur
1793 1249 1931 1283 arma

233 1325 458 1371 poscere,
507 1307 593 1357 sed
630 1308 724 1356 hoc
769 1323 869 1356 non
915 1307 1020 1356 sine
1065 1307 1396 1370 trepidatione
1443 1308 1708 1357 faciebant.
1767 1309 1933 1368 fremit
1997 1311 2004 1318 '

236 1398 379 1431 arma
416 1384 662 1438 iuventuS,
706 1382 886 1430 fiducia
922 1378 1197 1431 iuventutis
1236 1383 1467 1430 nonnulli
1505 1382 1834 1445 ducebantur,
1870 1385 1931 1431 ut
1964 1395 2017 1432 15t

235 1457 419 1505 armari
457 1456 822 1505 contenderent.
897 1457 1015 1515 slent
1048 1457 1222 1504 maesti
1257 1460 1570 1518 mussantque
1602 1460 1795 1517 patres:
1838 1457 1928 1506 hos

235 1530 367 1579 enim
411 1531 571 1579 maior
614 1531 917 1593 reipublicae
964 1530 1249 1578 sollicitudo
1294 1530 1535 1594 tangebat
1584 1532 1671 1593 qui
1711 1530 1928 1593 potiores

233 1607 285 1652 in
318 1606 522 1654 civitate
546 1606 747 1653 fuerant
777 1607 828 1652 et
851 1604 1029 1667 quibus
1053 1604 1152 1652 fuit
1175 1619 1331 1667 genus
1363 1620 1421 1653 ac
1446 1604 1726 1653 substantia
1748 1605 1927 1667 potior.

232 1679 418 1728 flebant
455 1679 563 1740 isti,
616 1680 853 1742 quoniam
890 1694 980 1741 pro
1019 1679 1126 1727 loco
1166 1693 1256 1726 suo
1295 1679 1393 1740 ipsi
1438 1679 1670 1742 periculis
1716 1679 1929 1741 proximi

130 1766 215 1806 455
233 1755 448 1814 fuerant,
477 1753 576 1816 ipsi
607 1752 931 1802 detrimentis.
983 1753 1060 1801 hic
1087 1752 1301 1812 undique
1331 1753 1513 1800 clamor
1535 1753 1759 1802 dissensu
1789 1753 1928 1801 vario
1959 1769 2005 1802 20·

231 1842 440 1888 maynus
471 1842 522 1875 se
552 1828 674 1875 tollit
701 1828 756 1875 in
779 1841 955 1875 auras:
986 1826 1235 1875 dissensus
1258 1827 1429 1875 varius
1453 1827 1554 1875 fuit
1575 1827 1627 1874 in
1655 1827 1743 1874 illo
1770 1829 1928 1883 coetu,

234 1903 471 1963 quoniam
496 1901 679 1950 diversi
701 1903 877 1964 utpote
906 1903 959 1948 in
990 1900 1207 1948 maxima
1237 1900 1556 1949 multitudine
1586 1900 1792 1950 diversis
1823 1902 1927 1948 ani-

232 1991 428 2023 morum
458 1976 675 2024 aestibus
707 1975 1049 2036 movebantur,
1072 1990 1162 2022 nec
1188 1976 1357 2022 mutus
1380 1975 1466 2023 ille
1491 1978 1578 2024 aut
1600 1976 1706 2024 sine
1728 1975 1926 2023 fletibus

232 2052 433 2111 patrum
463 2050 629 2097 fuerat
659 2065 872 2110 maeror,
905 2049 991 2097 sed
1021 2065 1078 2097 ex
1102 2048 1272 2096 Latini
1303 2048 1448 2097 domo
1481 2050 1668 2098 clamor
1699 2065 1755 2098 ac
1783 2064 1926 2097 voces

232 2123 574 2171 referebantur
605 2124 669 2171 ad
701 2115 906 2172 caelum.
959 2124 1080 2171 haut
1115 2137 1252 2171 secus
1284 2126 1424 2183 atque
1456 2124 1551 2171 alto
1589 2125 1644 2171 in
1675 2124 1779 2171 luco
1819 2137 1927 2171 cwm
1956 2138 2005 2170 2⁵2

231 2199 355 2257 forte
386 2201 604 2245 catervae
635 2198 885 2245 consedere
916 2198 1083 2245 avium
1107 2197 1352 2258 piscosove
1383 2212 1526 2245 amne
1547 2198 1777 2246 Padusae
1807 2197 1928 2244 dant

232 2272 443 2320 sonitum
479 2272 621 2319 rauci
652 2286 743 2331 per
780 2275 957 2332 stayna
996 2271 1218 2332 loquacia
1256 2271 1415 2332 cycni:
1460 2272 1595 2320 facta
1633 2274 1708 2319 est
1746 2285 1924 2333 conpa-

231 2345 362 2394 ratio
411 2346 583 2394 avium
628 2346 932 2392 minutarum
979 2347 1028 2392 et
1072 2343 1327 2408 potiorum
1375 2346 1643 2393 secundum
1691 2347 1923 2392 naturam

233 2435 377 2468 suam
417 2419 788 2481 descriptarum.
856 2420 1071 2467 minores
1113 2420 1296 2482 quippe
1335 2421 1606 2482 separatim
1645 2435 1695 2467 se
1732 2417 1786 2475 in
1824 2418 1923 2466 luci

234 2494 431 2543 arbores
479 2495 751 2556 congerunt
797 2495 946 2554 atque
991 2493 1096 2541 illic
1134 2495 1383 2556 strepunt3
1435 2508 1634 2556 cycnos,
1681 2493 1768 2554 qui
1805 2494 1924 2540 sunt
1954 2506 2012 2538 30·

351 2670 379 2708 4
409 2665 696 2720 reperebatur
719 2663 761 2706 V
791 2663 971 2717 refereb.
1006 2678 1089 2707 nos
1119 2665 1330 2720 reperieb.
1364 2664 1435 2707 ed.
1559 2668 1584 2707 6
1616 2667 1825 2718 arreptae
1857 2663 1921 2718 (et

232 2723 371 2778 infra)
416 2724 486 2767 ed.
621 2727 646 2766 9
689 2737 792 2767 eum
832 2724 893 2766 sit
927 2722 968 2765 V
1009 2726 1199 2779 sumpsit
1239 2737 1323 2767 nos
1369 2723 1525 2767 iunxit
1569 2721 1640 2766 ed.
1683 2722 1923 2765 subiunxit

233 2783 303 2826 ed.
348 2784 466 2838 post.
603 2787 657 2826 16
702 2783 879 2826 armari
916 2781 958 2824 V
1004 2783 1068 2826 -ti
1113 2783 1183 2826 ed.
1235 2782 1239 2840 Ι
1297 2783 1379 2826 hoc
1420 2782 1538 2826 enim
1579 2780 1726 2825 maior
1758 2779 1801 2823 V
1841 2781 1921 2824 hos

233 2856 266 2885 e.
311 2856 366 2886 m.
411 2855 494 2884 nos
540 2842 649 2886 haec
691 2855 726 2885 e.
769 2842 963 2885 maiores
1007 2841 1078 2884 ed.
1225 2845 1277 2884 19
1326 2841 1541 2897 quoniam
1578 2839 1620 2882 V
1662 2852 1800 2894 quum
1847 2839 1917 2883 ed.

234 2904 289 2943 20
319 2902 507 2955 fuerant
535 2902 628 2955 ipsi
657 2900 699 2943 V
730 2905 873 2944 essent
902 2904 1034 2955 atque
1066 2900 1135 2943 ed.
1266 2905 1320 2943 22
1363 2900 1578 2956 quoniam
1605 2897 1647 2941 V
1678 2912 1815 2954 quum
1846 2898 1917 2942 ed.

234 2964 288 3001 23
347 2965 627 3003 moverentur
684 2959 754 3002 ed.
907 2963 961 3002 25
1015 2959 1325 3012 referebantur
1373 2958 1416 3002 V
1462 2957 1533 3002 ed.
1588 2957 1918 3012 efferebantur?

235 3022 290 3061 30
323 3019 479 3062 arbore
511 3018 581 3062 ed.
