2050 3226
184 208 294 262 270
659 205 892 251 DONATI
921 205 1202 250 INTERPR.
1226 205 1407 250 VERG.

185 362 311 410 quae
343 347 444 395 iam
474 346 759 409 peperisset.
819 345 949 393 unde
982 345 1285 394 consuetudo
1317 346 1591 409 permansit
1627 349 1686 396 ut
1723 363 1874 397 vacca

183 420 342 474 simulv
371 422 422 469 et
457 423 632 469 taurus
672 421 861 468 auratis
897 419 1060 468 fronte
1099 422 1150 468 et
1188 419 1416 469 cornibus
1448 421 1558 471 Iovi
1591 420 1874 484 Capitolino

182 497 481 544 mactentur.
570 495 723 542 talem
779 509 975 557 quoque
1028 493 1292 542 iuvencum
1346 495 1578 557 spondet,
1631 510 1731 543 non
1787 494 1875 558 qui

80 577 166 617 630
183 571 312 618 esset
349 568 534 630 breviS,
584 569 670 616 sed
721 569 807 630 qui
857 583 962 616 sese
1007 567 1110 616 iam
1155 570 1324 631 posset
1363 585 1641 634 agnoscere.
1718 570 1878 618 audiit

182 646 226 691 et
274 643 396 692 caeli
439 643 626 704 yenitor
674 643 733 691 de
768 694 770 696 ,
773 645 920 703 parte
966 656 1141 690 serena
1188 643 1398 690 intonuit
1446 644 1661 692 laevum.-
1714 643 1878 692 audiit
1929 659 1949 693 5

180 717 432 780 Iuppiter,
487 716 612 765 caeli
665 715 884 780 genitor,
939 719 988 765 et
1042 716 1102 764 de
1156 718 1299 778 parte
1354 733 1526 765 serena
1577 717 1799 766 intonuit
1845 733 1875 765 a

181 792 384 840 sinistro
434 791 611 853 latere3
666 807 766 839 non
820 790 951 838 enim
1002 793 1131 839 esset
1183 791 1388 853 aliquod
1441 793 1664 856 signum,
1718 792 1762 841 si
1815 791 1875 839 de

182 865 394 914 nubibus
434 866 604 929 fragor
642 866 811 913 exiret.
874 880 932 913 ea
980 867 1096 913 sunt
1135 868 1302 913 autem
1339 866 1474 914 laeta
1513 882 1639 929 quae
1671 881 1701 914 a
1732 867 1876 915 laeva

154 943 323 1003 parte
362 939 680 1000 nuntiantur,
720 940 842 1002 quia
873 939 1007 1001 quod
1044 937 1330 1001 petentibus
1361 940 1559 989 laevum
1599 942 1674 989 est
1709 939 1763 988 id
1802 943 1877 989 est

179 1014 552 1076 praestantibus
607 1013 875 1061 dexterum.
951 1017 1093 1062 sonat
1140 1028 1246 1062 una
1291 1014 1464 1074 fatifer
1513 1029 1659 1062 arcus
1668 1032 1683 1062 .·
1734 1030 1875 1063 arcus
1907 1031 1950 1064 10

179 1088 371 1150 fatifer,
411 1087 499 1150 qui
536 1088 672 1136 hosti
710 1088 873 1136 fatum
911 1089 1083 1151 portat
1121 1087 1399 1136 adversum.
1477 1090 1643 1149 effuyit
1678 1088 1875 1136 horren-

180 1163 298 1210 dum
333 1163 545 1210 stridens
585 1162 797 1221 adlapsa
834 1163 1013 1222 sayitta
1042 1176 1228 1222 perque
1266 1166 1417 1223 caput
1440 1162 1638 1211 Remuli
1675 1163 1805 1210 venit
1834 1166 1878 1210 et

180 1251 303 1285 cava
352 1240 569 1296 tempora
615 1238 747 1296 ferro
795 1237 978 1285 traicit:
1027 1236 1236 1301 sagitta,
1284 1253 1410 1299 quae
1449 1237 1619 1286 favore
1658 1236 1876 1284 numinis

179 1311 452 1372 ferebatur,
490 1327 579 1373 per
616 1311 806 1358 inimici
839 1313 990 1374 caput
1019 1312 1344 1373 temporaque
1374 1310 1590 1360 transiit.
1651 1312 1684 1368 i,
1714 1311 1877 1359 verbis

77 1391 162 1431 635
178 1386 403 1433 virtutem
447 1385 615 1434 inlude
659 1385 910 1445 superbis!
979 1386 1052 1433 bis
1098 1386 1228 1445 eapti
1263 1385 1478 1446 Pliryyes
1522 1385 1639 1434 haec
1676 1385 1876 1433 Rutulis
1907 1401 1949 1434 15

178 1473 415 1520 responsa
444 1460 715 1507 remittunt:
751 1459 874 1507 haec
903 1460 1091 1508 Ascani
1121 1459 1272 1508 verba
1311 1461 1441 1508 sunt.
1502 1474 1657 1520 nunc,
1694 1458 1875 1522 inquit,

179 1533 331 1582 velim
369 1532 532 1582 verbis
572 1533 795 1596 superbis
836 1533 1062 1582 Troianis
1108 1533 1342 1582 insultes:
1387 1534 1489 1582 tale
1530 1549 1560 1582 a
1597 1533 1674 1581 bis
1714 1534 1874 1596 captis

178 1607 459 1672 Phrygibus
505 1622 799 1670 responsum
845 1608 1065 1670 accipere
1110 1608 1351 1656 meruisti.
1427 1608 1513 1656 hoe
1550 1611 1741 1656 tantum
1778 1606 1874 1655 As-

180 1683 353 1730 canius
376 1682 456 1731 vel
480 1682 600 1730 fecit
623 1683 701 1731 vel
726 1680 865 1729 dixit.
929 1683 1105 1730 Teucri
1135 1683 1343 1730 clamore
1372 1685 1640 1741 sequuntur
1670 1682 1875 1729 laetitia-

180 1770 269 1816 que
301 1758 518 1816 fremunt
554 1757 836 1816 animosque
875 1757 942 1804 ad
977 1757 1144 1804 sidera
1174 1757 1367 1804 tollunt:
1406 1757 1640 1805 commoti
1671 1755 1875 1804 Troiani
1905 1771 1948 1804 20

181 1847 239 1877 ex
277 1830 518 1878 felicitate
558 1831 682 1879 facti
719 1831 947 1879 tulerunt
977 1831 1243 1880 clamorem
1282 1846 1394 1879 cum
1424 1831 1557 1878 laeto
1589 1829 1792 1878 fremitu
1823 1832 1874 1877 et

180 1907 435 1967 sperantes
473 1906 616 1953 tanto
658 1905 881 1967 auspicio
919 1905 1127 1954 meliora
1164 1905 1439 1967 plurimum
1477 1904 1871 1968 gratulabantur.

298 1977 528 2027 Aetheria
566 1982 668 2026 turn
704 1981 828 2039 forte
855 1979 1014 2040 playa
1059 1980 1263 2027 crinitus
1300 1979 1476 2039 Apollo
1522 1979 1728 2038 desuper
1766 1977 1874 2026 Au·-

78 2057 163 2098 640
179 2053 347 2100 sonias
393 2054 520 2101 acies
564 2054 825 2112 urbemque
869 2054 1062 2101 videbat
1106 2054 1233 2102 nube
1276 2053 1448 2101 sedens
1494 2057 1635 2112 atque
1677 2053 1754 2101 his
1793 2067 1873 2100 ar-

180 2126 367 2174 dentem
413 2127 618 2186 adfatur
661 2127 857 2174 Iulum:
904 2127 1046 2175 Iulus
1085 2129 1192 2175 tam
1230 2123 1364 2175 felici
1403 2127 1627 2190 auspicio
1669 2126 1873 2175 ardebat
1903 2140 1946 2173 25

181 2199 245 2248 ad
295 2199 529 2264 gloriam,
582 2199 666 2248 sed
716 2201 925 2264 Apollo,
978 2201 1064 2264 qui
1109 2205 1278 2250 nosset
1316 2202 1437 2264 quid
1474 2203 1527 2248 in
1571 2202 1871 2265 sagittarum

181 2276 287 2322 arte
327 2277 583 2338 ageretur,
634 2275 796 2323 noluit
845 2275 991 2323 illum
1041 2276 1250 2324 ulterius
1300 2276 1490 2324 anim0s
1535 2275 1735 2323 tendere
1782 2290 1871 2322 nec

181 2349 449 2411 quicquam
488 2348 662 2397 dehinc
702 2350 894 2398 audere.
970 2351 1101 2398 hunc
1146 2351 1307 2414 igitur
1350 2349 1584 2398 monebat
1630 2349 1774 2397 dictis
1822 2351 1873 2396 et

181 2439 210 2471 a
249 2423 514 2471 certamine
552 2423 831 2472 revocabat.
898 2427 1052 2472 macte
1087 2438 1216 2472 nova
1252 2424 1446 2481 virtute,
1480 2438 1625 2483 puer,
1666 2424 1737 2471 sie
1773 2423 1873 2470 itur

182 2497 247 2544 ad
297 2500 455 2554 astra,
507 2497 604 2545 diis
646 2498 801 2557 yenite
848 2501 891 2545 et
931 2499 1150 2558 geniture
1195 2499 1330 2546 deos:
1378 2497 1553 2546 laudat
1601 2497 1872 2546 Ascanium
1902 2510 1945 2542 so

181 2574 252 2632 et,
291 2587 351 2619 ne
395 2570 679 2634 incipientis
727 2571 949 2619 animum
986 2572 1261 2636 frangeret,
1307 2588 1421 2620 eum
1461 2587 1608 2635 quem
1647 2587 1677 2620 a
1715 2574 1870 2619 certa-

302 2733 323 2770 1
364 2729 632 2783 repperisset
654 2727 696 2770 V
720 2741 832 2772 corr.
860 2728 930 2772 ed.
1018 2733 1043 2771 2
1074 2729 1241 2773 similet
1262 2727 1305 2771 V
1329 2741 1441 2771 corr.
1462 2727 1577 2771 edF.
1670 2731 1696 2770 8
1721 2731 1870 2770 autem

181 2787 302 2830 laeta
325 2786 367 2829 V
398 2802 439 2830 a.
466 2787 596 2831 laeva
625 2787 696 2831 ed.
819 2791 844 2830 9
877 2788 994 2842 idist
1018 2787 1073 2831 V.
1197 2791 1252 2830 10
1286 2787 1458 2840 natifer
1489 2786 1539 2829 in
1568 2786 1785 2829 lemmate
1813 2785 1867 2828 V.

184 2851 237 2888 12
271 2847 426 2901 elapsa
457 2846 526 2889 ed.
622 2851 675 2889 13
708 2847 863 2891 traicit
886 2845 927 2889 V
959 2847 1035 2890 cui
1066 2848 1253 2891 transiit
1282 2846 1332 2889 in
1362 2846 1552 2901 interpr.
1578 2859 1671 2888 non
1698 2844 1867 2888 obstat.

185 2909 236 2947 17
269 2905 360 2949 tale
391 2920 421 2948 a
444 2904 486 2948 V
516 2906 633 2949 talia
665 2905 734 2949 ed.
828 2910 883 2948 23
916 2907 1116 2950 aetheria
1139 2905 1181 2949 V
1213 2920 1291 2950 -ea
1322 2906 1392 2949 ed.
1487 2909 1542 2948 24
1574 2905 1804 2949 ardentem
1827 2903 1869 2946 V

183 2964 482 3007 confirmatur
511 2964 897 3020 interpretatione
919 2967 1128 3009 victorem
1153 2964 1223 3008 ed.
1249 2967 1296 3008 et
1318 2964 1456 3020 Verg.
1481 2963 1603 3007 libri.
1698 2967 1752 3006 28
1786 2977 1868 3006 au-

183 3023 278 3066 dire
303 3022 343 3066 V
369 3037 480 3068 corr.
509 3023 579 3067 ed.
704 3028 758 3067 30
791 3024 862 3068 dis
886 3023 941 3079 V,
974 3024 1055 3067 sed
1086 3024 1359 3079 plerumque
1392 3025 1496 3068 diis.
