2050 3226
0 915 24 1405 ἵ

6 1706 21 1953 ἓ

4 1963 26 3226 ι

62 618 82 650 5

34 989 82 1023 10

36 1358 79 1391 15

35 1729 95 1761 202

34 2097 83 2130 2⁵

35 2467 80 2499 80

760 162 1064 213 AENELDOS
1095 162 1160 206 XI
1699 169 1807 221 417

112 305 235 352 haec
267 319 395 366 quae
427 304 783 352 contexuerant
813 303 968 367 virgis
992 302 1348 351 inumbrabant
1371 303 1562 352 frondis
1589 305 1809 366 obtentu,

113 379 206 427 hoc
257 383 332 427 est
376 376 614 440 tegebant
657 377 831 426 fronde
879 380 930 425 et
975 377 1330 425 inumbrabant
1373 378 1633 440 interiora,
1682 396 1810 441 quae

112 452 265 502 ramis
318 451 553 500 mollibus
601 451 956 514 frondibusque
1003 453 1330 500 contexerant
1405 467 1557 514 quam
1607 453 1810 515 pulchre

112 525 283 589 posuit
319 525 628 574 inumbrant!
682 540 781 573 non
814 526 944 574 enim
973 525 1074 574 illis
1107 527 1196 574 aut
1225 525 1424 589 penitus
1461 526 1694 589 adempta
1725 527 1811 574 lux

112 602 277 649 fuerat
315 601 406 648 aut
435 600 500 648 ad
530 599 731 662 plenum
762 599 1080 648 tenebrarum
1112 600 1387 648 crassitudo
1421 602 1668 664 congesta.
1719 601 1808 658 hie,

111 675 204 723 hoc
243 676 319 723 est
355 675 408 722 in
449 674 652 735 feretro,
689 674 912 722 iuvenem
950 675 1129 735 ayresti
1165 675 1420 723 sublimem
1457 676 1691 723 stramine
1723 689 1811 735 po-

111 751 259 797 nunt:
298 750 492 812 agreste
531 749 750 796 stramen
789 749 864 796 est
903 748 1035 810 quod
1065 748 1230 797 herbis
1262 764 1379 812 agro
1412 748 1648 798 detractis
1688 752 1809 798 ster-

111 824 269 872 nitur:
319 837 468 885 super
504 822 598 871 hoc
635 823 793 885 igitur
830 825 1107 885 posuerunt
1145 822 1419 871 sublimem.
1483 823 1675 882 qualem
1712 824 1810 871 vir-

107 898 248 958 qineo
272 896 542 945 demessum
557 897 733 957 pollice
755 898 923 955 florem
944 911 1031 944 sea
1052 897 1212 944 mollis
1234 897 1391 945 violae
1418 911 1505 945 sea
1536 898 1810 958 lanquentis

110 971 369 1032 hyacinthi,
405 971 485 1019 cai
510 985 661 1031 neque
690 971 854 1031 falyor
885 971 1044 1019 adhue
1065 971 1270 1019 necdwm
1292 986 1387 1019 saa
1408 973 1572 1031 forma
1601 973 1808 1028 recessit,

109 1060 208 1093 non
246 1045 350 1093 iam
385 1048 542 1093 mater
580 1045 669 1093 alit
721 1045 861 1093 tellas
908 1045 1122 1106 virisque
1165 1046 1436 1093 ministrat:
1483 1045 1581 1094 duo
1629 1061 1810 1110 genera

111 1121 230 1167 sunt
267 1118 451 1180 violae,
494 1120 653 1167 crocei
691 1119 869 1167 coloris
916 1121 966 1167 et
1004 1120 1264 1182 purpurei:
1305 1119 1438 1181 quod
1476 1135 1534 1168 ex
1570 1119 1648 1168 his
1697 1135 1808 1168 con-

109 1196 378 1255 paraverat
413 1193 637 1241 Pallanti
674 1193 934 1255 hyacinthi
985 1194 1449 1242 commemoratione
1486 1193 1808 1256 monstravit3

110 1269 187 1316 est
217 1269 348 1316 enim
379 1268 558 1316 coloris
591 1267 743 1315 etiam
765 1267 870 1330 ipse
893 1267 1144 1329 purpurei.
1190 1267 1444 1316 inducitur
1472 1269 1630 1331 igitur
1660 1268 1808 1317 funus

110 1341 356 1390 Pallantis
388 1341 606 1390 retinens
632 1342 792 1390 adhuc
815 1342 920 1391 vivi
942 1341 1155 1390 hominis
1180 1341 1407 1404 speciem,
1438 1342 1611 1403 itaque
1641 1341 1807 1392 iacens

110 1417 164 1463 in
197 1417 433 1464 stramine
472 1416 627 1464 talem
665 1415 842 1464 habuit
880 1415 1094 1469 colorem
1125 1417 1323 1478 qualem
1354 1415 1505 1465 habet
1528 1416 1618 1465 fios
1643 1417 1806 1466 violae

109 1490 190 1538 vel
219 1490 490 1553 hyacinthi,
522 1505 634 1539 cum
663 1491 872 1554 languet
903 1489 1123 1538 abscisus
1156 1492 1206 1538 et
1237 1506 1348 1538 cum
1371 1490 1450 1538 illi
1474 1490 1634 1538 adhuc
1664 1493 1808 1538 natu·

108 1564 229 1613 ralis
276 1566 534 1627 permanet
578 1564 745 1628 fulgor
798 1566 849 1612 et
893 1566 1061 1612 tamen
1106 1565 1209 1613 iam
1256 1564 1377 1613 viris
1423 1565 1598 1613 solitas
1648 1567 1809 1614 mater

110 1639 323 1702 denegat
346 1641 493 1686 terra.
544 1642 647 1686 tam
673 1639 895 1699 ,qemirias
925 1639 1070 1687 vestis
1102 1653 1316 1699 auroque
1354 1641 1572 1700 ostroque
1607 1639 1809 1700 riyentis

109 1713 277 1762 extulit
313 1711 536 1762 Aeneas:
583 1712 806 1761 dicturus
844 1712 1049 1761 Aenean
1105 1715 1294 1761 vestem
1338 1712 1500 1760 funeri
1539 1713 1808 1762 contulisse

110 1786 233 1836 dicit
265 1787 371 1836 eius
402 1788 617 1849 pretium
630 1824 644 1848 ,
676 1787 798 1836 dicit
830 1789 880 1835 et
909 1787 1164 1848 meritum,
1197 1787 1344 1847 duas,
1375 1786 1562 1849 inquit,
1594 1788 1808 1850 protulit

108 1862 260 1910 vestis
299 1860 509 1925 rigentis
549 1877 668 1909 auro
702 1863 854 1924 atque
894 1863 1051 1922 ostro,
1092 1861 1284 1909 duabus
1324 1861 1513 1909 scilicet
1553 1861 1806 1924 speciebus

108 1936 339 1997 pretiosis
379 1938 430 1982 et
466 1935 687 1998 pulchris
728 1937 945 1984 ornatas.
1000 1950 1123 1996 qaas
1161 1936 1236 1983 illi
1275 1935 1403 1983 laeta
1435 1935 1656 1984 laborum
1695 1937 1807 1996 ipsa

108 2010 214 2057 sais
252 2009 496 2070 quondam
533 2010 763 2058 manibus
799 2009 1007 2058 Sidonia
1044 2009 1178 2057 Dido
1216 2010 1397 2069 fecerat
1438 2012 1480 2057 et
1517 2011 1650 2057 tenui
1687 2011 1808 2058 telas

109 2083 402 2131 discreverat
433 2097 579 2131 auro:
619 2085 742 2146 quot
771 2085 987 2133 vestium
1011 2085 1300 2132 enumerata
1323 2085 1441 2132 sunt
1462 2083 1662 2132 merita!
1702 2085 1806 2145 has,

108 2157 290 2221 inquit,
322 2157 507 2205 fecerat
528 2156 659 2206 Dido
692 2173 800 2206 ecce
831 2174 1012 2220 unum3
1046 2173 1202 2205 manu
1225 2173 1316 2206 sua
1339 2160 1390 2206 et
1412 2157 1581 2206 labore
1604 2160 1806 2220 proprio

110 2234 432 2295 augmentum
462 2230 647 2293 laudis,
687 2232 921 2294 quoniam
959 2231 1186 2280 manibus
1219 2233 1320 2280 suis
1361 2233 1410 2280 et
1439 2231 1609 2280 labore
1647 2233 1804 2295 perfe-

110 2308 264 2368 cerat,
298 2306 390 2354 illa
429 2306 619 2354 scilicet
658 2321 785 2368 quae
823 2306 1000 2354 fuisset
1029 2307 1204 2370 regina
1243 2307 1294 2353 et
1322 2306 1529 2354 haberet
1560 2323 1649 2369 per
1680 2321 1805 2367 quas

108 2380 229 2428 haec
260 2380 466 2440 faceret,
498 2379 615 2427 fecit
647 2381 814 2427 tamen
845 2379 1042 2428 Aeneae
1075 2396 1220 2442 quem
1251 2379 1492 2428 dilexerat
1521 2381 1805 2442 plurimum,

107 2456 167 2502 ut
203 2471 375 2503 verum
414 2456 465 2502 et
501 2454 703 2515 plenum
751 2454 964 2502 amantis
1003 2455 1364 2503 demonstraret
1403 2454 1674 2514 adfectum3
1733 2452 1804 2500 Si-

111 2527 260 2576 donia
297 2528 427 2576 Dido
467 2528 673 2575 fecerat:
719 2543 819 2574 non
857 2527 1044 2577 frustra
1081 2528 1179 2577 loci
1216 2529 1350 2577 facta
1397 2528 1801 2577 commemoratio

111 2604 199 2663 est,
232 2617 344 2650 cum
375 2602 508 2650 enim
538 2601 661 2650 dicit
693 2600 964 2662 Sidoniam,
987 2603 1099 2651 vult
1130 2602 1384 2651 ostendere
1409 2601 1623 2649 faciendi
1648 2603 1804 2648 artem

230 2747 256 2786 6
286 2743 493 2788 iuvenem
527 2757 615 2787 om.
640 2742 694 2786 V.
740 2742 744 2800 Ι
790 2743 1024 2788 sublimem
1047 2742 1089 2787 V
1119 2758 1152 2788 s.
1178 2745 1230 2788 iri
1262 2743 1332 2787 ed.
1428 2747 1451 2784 7
1485 2746 1655 2799 ayreste
1684 2746 1804 2785 stra-

111 2802 230 2846 mine
272 2807 337 2846 est
369 2802 413 2846 V
450 2803 618 2860 ayresti
657 2803 877 2846 stramine
914 2803 994 2847 hoc
1031 2808 1095 2847 est
1132 2803 1203 2846 ed.
1329 2806 1382 2844 12
1421 2802 1646 2845 violarum
1686 2800 1757 2844 ed.
1795 2800 1799 2857 ξ

111 2862 441 2916 comparaverit
469 2862 541 2906 ed.
658 2865 712 2905 18
745 2862 839 2905 iam
873 2862 1101 2917 transpos.
1137 2862 1208 2906 ed.
1325 2865 1377 2903 21
1413 2860 1525 2903 dicit
1556 2865 1597 2903 et
1620 2858 1661 2901 V
1693 2860 1805 2903 dicit

112 2932 200 2962 om.
231 2919 301 2963 ed.
425 2925 479 2964 22
512 2921 951 2977 riyentis—scilicet
982 2934 1070 2964 om.
1096 2921 1167 2965 ed.
1292 2925 1346 2963 25
1378 2919 1497 2975 quod
1520 2918 1561 2960 V
1593 2923 1699 2974 quot
1730 2918 1800 2962 ed.

112 2982 167 3021 27
194 2977 344 3022 labore
368 2978 406 3021 V
438 2981 465 3023 l.
485 2980 675 3035 proprio
699 2978 771 3023 ed.
865 2983 920 3022 28
951 2980 1036 3024 illa
1059 2979 1101 3023 V
1126 2981 1229 3035 ipsa
1253 2978 1323 3023 ed,
1417 2983 1472 3021 32
1506 2978 1699 3022 Sidonia
1729 2977 1801 3021 ed.

201 3068 298 3100 Don.
317 3067 474 3107 interpr.
487 3069 600 3109 Verg.
624 3069 700 3101 vol.
716 3068 767 3100 Π.
1476 3071 1530 3109 27

1843 984 1898 1024 70

1841 2019 1895 2058 75
