2050 3226
763 191 1069 238 AENEIDOS
1098 190 1164 236 XI
1699 195 1809 249 437

120 332 350 381 omnibus
372 331 602 395 partibus
627 332 968 382 conlucebant.
1004 331 1147 381 tertia
1170 332 1255 381 buz
1273 332 1487 394 yclidam
1510 333 1640 381 caelo
1662 334 1813 382 dimo-
1828 344 1915 384 210

118 410 257 455 verat
290 407 542 456 umbram:
585 406 800 470 primam
843 407 1005 456 lucem
1050 406 1311 470 descripsit
1355 409 1408 455 et
1450 406 1653 455 tertiam
1699 422 1813 456 con-

118 480 301 544 pendio
338 481 491 529 etiam
529 481 795 529 secundam
833 480 1054 530 extitisse
1085 480 1385 546 significans.
1432 484 1721 538 maerente&
1761 482 1814 530 id

120 557 198 604 est
232 555 422 618 tristes3
461 555 576 618 quis
614 556 747 603 enim
780 571 881 604 non
913 554 968 604 in
999 555 1254 605 curatione
1284 556 1364 605 tot
1393 555 1625 604 funerum
1653 555 1814 604 tristis

3 669 7 682 2
46 642 88 675 -5
120 624 387 678 existeret?
445 629 601 677 altum
646 630 853 678 cinerem
905 633 950 678 et
996 630 1204 690 confusa
1246 631 1456 678 ruebant
1506 644 1620 678 ossa
1668 630 1815 690 focis:

8 697 22 772 ξ
117 703 387 752 movebant
421 703 582 751 altum
613 705 664 752 et
686 704 960 767 plurimum
992 705 1207 752 cinerem
1235 706 1288 752 et
1318 719 1432 753 ossa
1461 703 1670 753 confusa
1700 720 1813 753 con·

4 781 20 857 ᾗ
117 777 369 842 gerebant.
418 778 668 839 tepidoque
697 779 969 827 onerabant
1004 792 1176 840 ayyere
1213 780 1395 827 terrae:
1431 780 1664 841 separata
1701 794 1815 827 ossa

10 860 14 868 ‘
118 854 269 914 atque
309 854 538 914 exempta
576 851 823 901 cineribus
857 888 1167 901 .........
1205 852 1377 916 tepido
1415 853 1579 901 terrae
1617 868 1814 918 aggere,

0 896 18 984 1
119 926 356 989 quoniam
391 927 538 975 tanta
576 927 651 975 vis
681 926 783 975 fuit
818 925 1057 987 incendii,
1095 928 1154 975 ut
1184 926 1290 976 eius
1321 926 1424 976 vim
1447 926 1597 975 etiam
1620 943 1813 990 exemp-

0 1008 89 1058 }uo
116 1003 226 1048 tum
262 999 489 1049 triduum
537 1016 638 1049 non
674 1001 917 1050 valuisset
954 999 1224 1050 excludere.
1283 1001 1388 1049 iam
1424 1015 1536 1049 vero
1573 1002 1630 1049 in
1666 1003 1813 1059 tectiS,

111 1075 404 1135 praedivitis
446 1075 567 1123 urbe
611 1075 807 1131 Latini,
856 1076 1156 1135 praecipuus
1200 1075 1373 1136 frayor
1425 1079 1469 1123 ct
1513 1075 1650 1137 lonqc
1690 1090 1815 1136 pars

0 1192 17 1290 ξ
115 1149 660 1272 ᾚὝῑεωὲἴξᾼωΐε
681 1148 1365 1286 ἶίῗρὲἰῗῖαξῖ“θὲῼὲἷῗ
1400 1149 1723 1288 Θξθὶὲυὲἱῖἕὲ
1760 1167 1814 1272 ἒξ

4 1291 7 1295 ’
117 1297 310 1346 duobus
348 1297 492 1359 lociS,
530 1298 832 1361 praecipuus
858 1297 1029 1362 fragor
1058 1299 1110 1346 et
1138 1297 1286 1362 longe
1316 1313 1434 1361 pars
1465 1298 1682 1347 maxima
1712 1299 1814 1348 luc·

2 1382 18 1416 2
41 1387 86 1421 15
115 1373 212 1420 tus.
274 1372 476 1435 singula
514 1372 726 1436 singulis
772 1371 894 1420 locis
942 1371 1101 1434 dedit,
1148 1371 1399 1436 fragorem
1443 1371 1590 1420 tecfis
1627 1372 1815 1434 Latini,

115 1446 170 1493 in
209 1445 389 1508 quibus
429 1446 675 1510 agebatur
712 1445 999 1508 concilium,
1046 1447 1096 1494 et
1133 1446 1324 1494 luctum
1364 1447 1573 1495 civitati.
1644 1447 1816 1511 fragor

11 1570 18 1574 ,
117 1522 193 1568 est
237 1520 427 1568 fractae
481 1521 675 1569 sonitus
721 1520 882 1582 vocis,
937 1521 1025 1583 qui
1069 1522 1295 1569 nascitur
1339 1523 1460 1569 tunc
1510 1536 1622 1569 cum
1666 1521 1816 1570 multi

115 1593 396 1643 turbantur.
471 1595 642 1659 fragor
677 1593 838 1659 igitur
882 1594 982 1643 fuit
1025 1595 1077 1642 in
1115 1593 1283 1644 Latini
1335 1594 1480 1643 domo
1526 1611 1630 1644 non
1672 1596 1814 1657 levis,

3 1659 18 1722 '2
116 1667 203 1716 sed
231 1664 271 1733 †
301 1669 519 1716 maxima
549 1671 718 1717 autem
748 1683 864 1731 pars
897 1669 1061 1718 luctus
1092 1672 1298 1732 propter
1328 1668 1506 1719 salutis
1538 1670 1813 1720 communis

3 1740 18 1810 9
39 1757 87 1790 20
117 1757 321 1791 causam
352 1745 402 1792 et
424 1745 631 1806 propter
652 1742 824 1792 Latini
847 1742 1066 1805 divitias,
1090 1743 1238 1807 longe
1263 1745 1430 1792 autem
1452 1744 1547 1792 hoc
1570 1746 1646 1792 est
1668 1745 1814 1794 valde

4 1812 6 1814 ’
115 1831 232 1879 pars
270 1817 489 1866 maxima
519 1818 683 1866 luctus
715 1819 767 1865 in
790 1818 1009 1866 civitate.
1070 1817 1191 1866 fecit
1229 1817 1636 1881 conparationem
1665 1834 1814 1882 prop·

3 1839 16 1929 ἒ
115 1893 273 1952 terea,
321 1892 443 1954 quia
489 1894 540 1938 et
577 1891 806 1940 Troianis
852 1892 1044 1940 inflicta
1090 1892 1257 1940 fuerat
1304 1891 1491 1956 clades3
1535 1908 1636 1941 non
1681 1895 1815 1942 enim

115 1965 221 2013 sine
274 1964 540 2014 amissione
595 1967 880 2030 aliquorum
932 1968 1205 2029 potuerunt
1258 1967 1536 2029 superiores
1583 1968 1815 2030 existere;

115 2038 203 2087 sed
240 2040 293 2086 in
326 2039 620 2088 Latinorum
656 2042 800 2103 parte
837 2040 984 2104 longe
1022 2041 1270 2089 maximus
1309 2041 1475 2090 fuerat
1517 2042 1682 2090 luctus
1720 2042 1814 2090 hoc

41 2128 86 2161 πε
116 2115 193 2162 est
228 2113 343 2176 plus
377 2129 531 2176 quam
560 2114 901 2178 gravissimus.
954 2114 1166 2176 interea,
1206 2130 1318 2163 cum
1347 2117 1449 2165 tres
1480 2115 1665 2179 gradus
1698 2116 1813 2177 sint,

115 2188 368 2236 invenitur
411 2189 511 2236 ista
556 2188 845 2251 conparatio
890 2189 1002 2252 ipso
1049 2189 1352 2251 superlativo
1399 2191 1647 2255 superior3
1696 2207 1814 2238 nam

115 2263 332 2310 maxima
372 2262 748 2325 superlativum.
809 2262 1012 2325 exponit
1047 2264 1149 2312 iam
1181 2280 1269 2327 per
1298 2264 1457 2328 partis
1490 2264 1653 2328 qualis
1686 2267 1814 2313 esset

238 2423 261 2462 1
287 2420 443 2475 partis
465 2418 507 2462 V
539 2432 652 2462 corr.
687 2418 758 2463 ed.
887 2423 916 2462 4
954 2420 1056 2475 quis
1093 2420 1214 2465 enim
1242 2419 1287 2465 V
1324 2421 1426 2477 quis
1455 2422 1575 2465 enim
1604 2434 1698 2465 ‘nou
1728 2434 1811 2465 nos

118 2478 195 2535 (cf.
227 2482 268 2531 9
293 2481 398 2535 566)
438 2492 532 2523 ‘nou
573 2479 681 2534 post
722 2478 868 2523 trv'stis
903 2478 1102 2523 inseruit
1140 2479 1212 2523 ed.
1335 2485 1361 2524 6
1393 2481 1693 2525 movebaut—
1707 2494 1812 2524 cou-

115 2538 330 2594 yerebant
369 2551 459 2582 om.
495 2537 568 2581 ed.
689 2541 717 2580 8
758 2539 867 2593 post
906 2539 1135 2584 cineribus
1177 2538 1357 2595 aliquid
1401 2539 1627 2583 excidisse
1665 2542 1811 2595 patet,

117 2597 316 2640 fortasse
347 2597 617 2651 obruebant,
649 2596 775 2652 quod
805 2598 912 2652 post
943 2611 1103 2655 ayyere
1132 2598 1345 2643 inserunt
1368 2597 1466 2642 ΗΟ.
1503 2599 1508 2656 Ι
1543 2603 1690 2643 terrae
1721 2613 1810 2642 om.

117 2655 191 2700 ed.
312 2659 338 2699 9
381 2661 603 2701 exemtum
632 2654 672 2697 V
710 2655 781 2699 ed.
813 2661 1054 2701 exactum?
1176 2663 1231 2702 16
1271 2659 1420 2702 luctus
1456 2659 1656 2702 civitatis
1694 2657 1765 2702 ed.
1802 2658 1807 2715 Ι

115 2715 345 2783 fraqorem
367 2713 412 2760 V
440 2717 599 2772 fragor
625 2720 691 2760 est
719 2715 940 2759 ed.19
971 2716 1052 2761 sed
1079 2718 1286 2761 maxima
1315 2722 1464 2761 autem
1491 2730 1604 2773 pars
1635 2717 1748 2761 lucti
1770 2716 1811 2759 V

116 2775 346 2818 maximus
377 2773 674 2818 scribendum
706 2776 753 2818 et
784 2778 934 2819 autem
956 2789 1075 2832 pars
1105 2776 1217 2821 lacti
1245 2789 1330 2831 per
1361 2775 1729 2832 dittographiam
1756 2790 1812 2820 ex

118 2832 421 2888 sequentibus
461 2833 703 2889 irrepsisse
744 2834 881 2890 puto,
925 2847 1034 2891 ergo
1074 2834 1343 2889 delendum,
1384 2834 1467 2879 sed
1506 2848 1688 2878 crucem
1729 2848 1811 2892 ap-

116 2905 289 2946 ponere
319 2892 467 2936 malui
498 2898 648 2937 autem
680 2906 768 2936 om.
795 2892 866 2936 ed.
914 2893 920 2951 Ι
972 2894 1120 2939 luctus
1151 2894 1222 2939 ed.
1332 2898 1384 2937 21
1418 2894 1569 2938 cultus
1597 2908 1682 2950 pro
1715 2896 1811 2939 luc-

117 2955 192 2994 tus
220 2950 298 3053 V.d
380 2956 435 2997 22
468 2953 644 3008 inflicta
667 2951 710 2995 V
739 2952 913 2997 invicta
944 2952 1015 2997 ed.
1119 2958 1175 2998 26
1206 2967 1383 2998 nam—
1402 2957 1456 2996 27
1482 2954 1810 3010 superlativum

35 3028 38 3029 ⁷
119 3023 206 3053 om.
240 3023 265 3054 e
302 3045 311 3055 .

3 2635 10 2660 x>
2 2164 16 2602 ν”,’<ν“ὴ-ιε>«·’··ο-’
5 2098 11 2104 ·
4 1930 11 2062 “”“··“
