<?xml version="1.0" encoding="UTF-8"?>
<!DOCTYPE html PUBLIC "-//W3C//DTD XHTML 1.0 Transitional//EN"
    "http://www.w3.org/TR/xhtml1/DTD/xhtml1-transitional.dtd">
<html xmlns="http://www.w3.org/1999/xhtml" xml:lang="en" lang="en">
 <head>
  <title>
</title>
<meta http-equiv="Content-Type" content="text/html;charset=utf-8" />
  <meta name='ocr-system' content='tesseract 3.04.00' />
  <meta name='ocr-capabilities' content='ocr_page ocr_carea ocr_par ocr_line ocrx_word'/>
</head>
<body>
  <div class='ocr_page' id='page_1' title='image "./interpretationes02donauoft_0419.png"; bbox 0 0 2050 3226; ppageno 0'>
   <div class='ocr_carea' id='block_1_1' title="bbox 0 1022 2 1614">
    <p class='ocr_par' dir='ltr' id='par_1_1' title="bbox 0 1022 2 1614">
     <span class='ocr_line' id='line_1_1' title="bbox 0 1022 2 1614; baseline 0 0"><span class='ocrx_word' id='word_1_1' title='bbox 0 1022 2 1614; x_wconf 95' lang='lat' dir='ltr'> </span> 
     </span>
    </p>
   </div>
   <div class='ocr_carea' id='block_1_2' title="bbox 0 981 118 1034">
    <p class='ocr_par' dir='ltr' id='par_1_2' title="bbox 0 981 118 1034">
     <span class='ocr_line' id='line_1_2' title="bbox 0 981 118 1034; baseline 0.008 -1"><span class='ocrx_word' id='word_1_2' title='bbox 0 981 118 1034; x_wconf 54' lang='grc' dir='ltr'>ἰιο</span> 
     </span>
    </p>
   </div>
   <div class='ocr_carea' id='block_1_3' title="bbox 73 1371 116 1404">
    <p class='ocr_par' dir='ltr' id='par_1_3' title="bbox 73 1371 116 1404">
     <span class='ocr_line' id='line_1_3' title="bbox 73 1371 116 1404; baseline 0 0"><span class='ocrx_word' id='word_1_3' title='bbox 73 1371 116 1404; x_wconf 84' lang='grc'>15</span> 
     </span>
    </p>
   </div>
   <div class='ocr_carea' id='block_1_4' title="bbox 73 1741 117 1775">
    <p class='ocr_par' dir='ltr' id='par_1_4' title="bbox 73 1741 117 1775">
     <span class='ocr_line' id='line_1_4' title="bbox 73 1741 117 1775; baseline 0.023 -1"><span class='ocrx_word' id='word_1_4' title='bbox 73 1741 117 1775; x_wconf 76' lang='lat'>20</span> 
     </span>
    </p>
   </div>
   <div class='ocr_carea' id='block_1_5' title="bbox 75 2110 117 2144">
    <p class='ocr_par' dir='ltr' id='par_1_5' title="bbox 75 2110 117 2144">
     <span class='ocr_line' id='line_1_5' title="bbox 75 2110 117 2144; baseline 0.024 -1"><span class='ocrx_word' id='word_1_5' title='bbox 75 2110 117 2144; x_wconf 74' lang='lat'>25</span> 
     </span>
    </p>
   </div>
   <div class='ocr_carea' id='block_1_6' title="bbox 77 2480 121 2514">
    <p class='ocr_par' dir='ltr' id='par_1_6' title="bbox 77 2480 121 2514">
     <span class='ocr_line' id='line_1_6' title="bbox 77 2480 121 2514; baseline 0.023 -1"><span class='ocrx_word' id='word_1_6' title='bbox 77 2480 121 2514; x_wconf 78' lang='lat'>80</span> 
     </span>
    </p>
   </div>
   <div class='ocr_carea' id='block_1_7' title="bbox 793 178 1841 235">
    <p class='ocr_par' dir='ltr' id='par_1_7' title="bbox 793 178 1841 235">
     <span class='ocr_line' id='line_1_7' title="bbox 793 178 1841 235; baseline -0.003 -11"><span class='ocrx_word' id='word_1_7' title='bbox 793 178 1098 224; x_wconf 76' lang='lat' dir='ltr'>AENEmos</span> <span class='ocrx_word' id='word_1_8' title='bbox 1129 178 1194 223; x_wconf 90' lang='lat' dir='ltr'>x1</span> <span class='ocrx_word' id='word_1_9' title='bbox 1730 180 1841 235; x_wconf 84' lang='lat'>415</span> 
     </span>
    </p>
   </div>
   <div class='ocr_carea' id='block_1_8' title="bbox 145 318 1847 2606">
    <p class='ocr_par' dir='ltr' id='par_1_8' title="bbox 145 318 1847 2606">
     <span class='ocr_line' id='line_1_8' title="bbox 147 318 1841 386; baseline -0.002 -16"><span class='ocrx_word' id='word_1_10' title='bbox 147 336 252 370; x_wconf 88' lang='lat' dir='ltr'>esse</span> <span class='ocrx_word' id='word_1_11' title='bbox 285 319 572 386; x_wconf 85' lang='lat' dir='ltr'>gloriosam,</span> <span class='ocrx_word' id='word_1_12' title='bbox 612 319 655 368; x_wconf 90' lang='lat' dir='ltr'>si</span> <span class='ocrx_word' id='word_1_13' title='bbox 693 318 912 369; x_wconf 86' lang='lat' dir='ltr'>adversis</span> <span class='ocrx_word' id='word_1_14' title='bbox 944 318 1233 368; x_wconf 87' lang='lat' dir='ltr'>vulneribus</span> <span class='ocrx_word' id='word_1_15' title='bbox 1273 318 1477 380; x_wconf 89' lang='lat' dir='ltr'>cadant,</span> <span class='ocrx_word' id='word_1_16' title='bbox 1515 318 1841 368; x_wconf 84' lang='lat' dir='ltr'>ludibriosam</span> 
     </span>
     <span class='ocr_line' id='line_1_9' title="bbox 149 393 1842 458; baseline -0.002 -14"><span class='ocrx_word' id='word_1_17' title='bbox 149 397 344 456; x_wconf 86' lang='lat' dir='ltr'>contra,</span> <span class='ocrx_word' id='word_1_18' title='bbox 383 394 427 444; x_wconf 92' lang='lat' dir='ltr'>si</span> <span class='ocrx_word' id='word_1_19' title='bbox 456 394 725 458; x_wconf 90' lang='lat' dir='ltr'>pudendis,</span> <span class='ocrx_word' id='word_1_20' title='bbox 764 394 858 443; x_wconf 91' lang='lat' dir='ltr'>hoc</span> <span class='ocrx_word' id='word_1_21' title='bbox 890 395 966 442; x_wconf 88' lang='lat' dir='ltr'>est</span> <span class='ocrx_word' id='word_1_22' title='bbox 997 393 1041 442; x_wconf 89' lang='lat' dir='ltr'>si</span> <span class='ocrx_word' id='word_1_23' title='bbox 1071 393 1216 442; x_wconf 90' lang='lat' dir='ltr'>dorso</span> <span class='ocrx_word' id='word_1_24' title='bbox 1248 393 1492 455; x_wconf 89' lang='lat' dir='ltr'>susceptis</span> <span class='ocrx_word' id='word_1_25' title='bbox 1525 393 1842 441; x_wconf 85' lang='lat' dir='ltr'>occumbant:</span> 
     </span>
     <span class='ocr_line' id='line_1_10' title="bbox 148 466 1841 532; baseline -0.002 -15"><span class='ocrx_word' id='word_1_26' title='bbox 148 469 283 532; x_wconf 90' lang='lat' dir='ltr'>quod</span> <span class='ocrx_word' id='word_1_27' title='bbox 335 468 388 516; x_wconf 87' lang='lat' dir='ltr'>in</span> <span class='ocrx_word' id='word_1_28' title='bbox 440 469 601 517; x_wconf 91' lang='lat' dir='ltr'>morte</span> <span class='ocrx_word' id='word_1_29' title='bbox 654 467 900 516; x_wconf 89' lang='lat' dir='ltr'>Pallantis</span> <span class='ocrx_word' id='word_1_30' title='bbox 955 483 1055 516; x_wconf 92' lang='lat' dir='ltr'>non</span> <span class='ocrx_word' id='word_1_31' title='bbox 1106 466 1225 528; x_wconf 84' lang='lat' dir='ltr'>fuit,</span> <span class='ocrx_word' id='word_1_32' title='bbox 1287 467 1409 530; x_wconf 84' lang='lat' dir='ltr'>quia</span> <span class='ocrx_word' id='word_1_33' title='bbox 1460 467 1700 515; x_wconf 81' lang='lat' dir='ltr'>virtutem</span> <span class='ocrx_word' id='word_1_34' title='bbox 1753 468 1841 515; x_wconf 88' lang='lat' dir='ltr'>teli</span> 
     </span>
     <span class='ocr_line' id='line_1_11' title="bbox 147 541 1842 606; baseline -0.002 -14"><span class='ocrx_word' id='word_1_35' title='bbox 147 542 390 592; x_wconf 83' lang='lat' dir='ltr'>venientis</span> <span class='ocrx_word' id='word_1_36' title='bbox 437 544 635 604; x_wconf 90' lang='lat' dir='ltr'>pectore</span> <span class='ocrx_word' id='word_1_37' title='bbox 682 542 850 605; x_wconf 90' lang='lat' dir='ltr'>potius</span> <span class='ocrx_word' id='word_1_38' title='bbox 899 557 1050 604; x_wconf 88' lang='lat' dir='ltr'>quam</span> <span class='ocrx_word' id='word_1_39' title='bbox 1087 544 1227 606; x_wconf 88' lang='lat' dir='ltr'>tergo</span> <span class='ocrx_word' id='word_1_40' title='bbox 1267 541 1501 603; x_wconf 88' lang='lat' dir='ltr'>suscepit.</span> <span class='ocrx_word' id='word_1_41' title='bbox 1578 556 1688 589; x_wconf 89' lang='lat' dir='ltr'>ecce</span> <span class='ocrx_word' id='word_1_42' title='bbox 1727 557 1842 589; x_wconf 86' lang='lat' dir='ltr'>ven-</span> 
     </span>
     <span class='ocr_line' id='line_1_12' title="bbox 146 613 1846 679; baseline -0.002 -13"><span class='ocrx_word' id='word_1_43' title='bbox 146 619 258 666; x_wconf 91' lang='lat' dir='ltr'>tum</span> <span class='ocrx_word' id='word_1_44' title='bbox 310 619 386 666; x_wconf 89' lang='lat' dir='ltr'>est</span> <span class='ocrx_word' id='word_1_45' title='bbox 439 616 503 664; x_wconf 88' lang='lat' dir='ltr'>ad</span> <span class='ocrx_word' id='word_1_46' title='bbox 555 615 683 664; x_wconf 91' lang='lat' dir='ltr'>illud</span> <span class='ocrx_word' id='word_1_47' title='bbox 733 616 865 678; x_wconf 93' lang='lat' dir='ltr'>quod</span> <span class='ocrx_word' id='word_1_48' title='bbox 919 631 1071 679; x_wconf 89' lang='lat' dir='ltr'>supra</span> <span class='ocrx_word' id='word_1_49' title='bbox 1120 616 1446 679; x_wconf 72' lang='lat' dir='ltr'>praestruxit,</span> <span class='ocrx_word' id='word_1_50' title='bbox 1499 630 1612 663; x_wconf 93' lang='lat' dir='ltr'>cum</span> <span class='ocrx_word' id='word_1_51' title='bbox 1661 613 1846 663; x_wconf 87' lang='lat' dir='ltr'>diceret</span> 
     </span>
     <span class='ocr_line' id='line_1_13' title="bbox 147 687 1846 753; baseline -0.001 -15"><span class='ocrx_word' id='word_1_52' title='bbox 147 690 380 753; x_wconf 84' lang='lat' dir='ltr'>„levique</span> <span class='ocrx_word' id='word_1_53' title='bbox 418 692 594 753; x_wconf 90' lang='lat' dir='ltr'>patens</span> <span class='ocrx_word' id='word_1_54' title='bbox 634 692 686 738; x_wconf 91' lang='lat' dir='ltr'>in</span> <span class='ocrx_word' id='word_1_55' title='bbox 724 692 921 753; x_wconf 80' lang='lat' dir='ltr'>pectore</span> <span class='ocrx_word' id='word_1_56' title='bbox 961 690 1141 739; x_wconf 85' lang='lat' dir='ltr'>vulnus</span> <span class='ocrx_word' id='word_1_57' title='bbox 1185 689 1403 753; x_wconf 82' lang='lat' dir='ltr'>cuspidis</span> <span class='ocrx_word' id='word_1_58' title='bbox 1442 688 1695 738; x_wconf 87' lang='lat' dir='ltr'>Ausoniae</span> <span class='ocrx_word' id='word_1_59' title='bbox 1705 687 1749 750; x_wconf 92' lang='lat'>“,</span> <span class='ocrx_word' id='word_1_60' title='bbox 1787 691 1846 737; x_wconf 92' lang='lat' dir='ltr'>ut</span> 
     </span>
     <span class='ocr_line' id='line_1_14' title="bbox 145 763 1841 828; baseline -0.001 -15"><span class='ocrx_word' id='word_1_61' title='bbox 145 766 200 813; x_wconf 92' lang='lat' dir='ltr'>in</span> <span class='ocrx_word' id='word_1_62' title='bbox 237 765 327 814; x_wconf 93' lang='lat' dir='ltr'>illo</span> <span class='ocrx_word' id='word_1_63' title='bbox 366 780 466 813; x_wconf 91' lang='lat' dir='ltr'>non</span> <span class='ocrx_word' id='word_1_64' title='bbox 505 765 668 814; x_wconf 90' lang='lat' dir='ltr'>solum</span> <span class='ocrx_word' id='word_1_65' title='bbox 709 764 958 813; x_wconf 81' lang='lat' dir='ltr'>amicitiae</span> <span class='ocrx_word' id='word_1_66' title='bbox 988 765 1172 828; x_wconf 88' lang='lat' dir='ltr'>pignus</span> <span class='ocrx_word' id='word_1_67' title='bbox 1203 763 1456 828; x_wconf 84' lang='lat' dir='ltr'>perditum</span> <span class='ocrx_word' id='word_1_68' title='bbox 1485 779 1660 812; x_wconf 87' lang='lat' dir='ltr'>verum</span> <span class='ocrx_word' id='word_1_69' title='bbox 1691 764 1841 811; x_wconf 87' lang='lat' dir='ltr'>etiam</span> 
     </span>
     <span class='ocr_line' id='line_1_15' title="bbox 147 837 1843 903; baseline -0.002 -15"><span class='ocrx_word' id='word_1_70' title='bbox 147 853 258 901; x_wconf 87' lang='lat' dir='ltr'>spes</span> <span class='ocrx_word' id='word_1_71' title='bbox 311 854 504 903; x_wconf 56' lang='lat' dir='ltr'>magna⁴</span> <span class='ocrx_word' id='word_1_72' title='bbox 548 839 827 902; x_wconf 92' lang='lat' dir='ltr'>proeliandi</span> <span class='ocrx_word' id='word_1_73' title='bbox 887 837 1138 887; x_wconf 85' lang='lat' dir='ltr'>doleretur</span> <span class='ocrx_word' id='word_1_74' title='bbox 1197 838 1438 899; x_wconf 85' lang='lat' dir='ltr'>extincta3</span> <span class='ocrx_word' id='word_1_75' title='bbox 1499 853 1616 886; x_wconf 90' lang='lat' dir='ltr'>nam</span> <span class='ocrx_word' id='word_1_76' title='bbox 1681 838 1843 900; x_wconf 89' lang='lat' dir='ltr'>qualis</span> 
     </span>
     <span class='ocr_line' id='line_1_16' title="bbox 147 911 1845 977; baseline -0.001 -16"><span class='ocrx_word' id='word_1_77' title='bbox 147 915 316 976; x_wconf 87' lang='lat' dir='ltr'>posset</span> <span class='ocrx_word' id='word_1_78' title='bbox 346 914 554 962; x_wconf 85' lang='lat' dir='ltr'>existere</span> <span class='ocrx_word' id='word_1_79' title='bbox 586 914 766 977; x_wconf 87' lang='lat' dir='ltr'>plagae</span> <span class='ocrx_word' id='word_1_80' title='bbox 800 912 1044 976; x_wconf 83' lang='lat' dir='ltr'>qualitate</span> <span class='ocrx_word' id='word_1_81' title='bbox 1077 915 1371 975; x_wconf 87' lang='lat' dir='ltr'>conpertum</span> <span class='ocrx_word' id='word_1_82' title='bbox 1401 913 1489 960; x_wconf 89' lang='lat' dir='ltr'>est.</span> <span class='ocrx_word' id='word_1_83' title='bbox 1551 925 1639 960; x_wconf 77' lang='lat' dir='ltr'>nec</span> <span class='ocrx_word' id='word_1_84' title='bbox 1668 911 1845 971; x_wconf 77' lang='lat' dir='ltr'>sospite</span> 
     </span>
     <span class='ocr_line' id='line_1_17' title="bbox 147 985 1846 1049; baseline -0.001 -14"><span class='ocrx_word' id='word_1_85' title='bbox 147 987 311 1036; x_wconf 80' lang='lat' dir='ltr'>dirwm</span> <span class='ocrx_word' id='word_1_86' title='bbox 360 988 551 1048; x_wconf 75' lang='lat' dir='ltr'>optabis</span> <span class='ocrx_word' id='word_1_87' title='bbox 599 990 714 1036; x_wconf 78' lang='lat' dir='ltr'>nato</span> <span class='ocrx_word' id='word_1_88' title='bbox 764 989 919 1047; x_wconf 73' lang='lat' dir='ltr'>furtas</span> <span class='ocrx_word' id='word_1_89' title='bbox 963 990 1131 1047; x_wconf 77' lang='lat' dir='ltr'>pater:</span> <span class='ocrx_word' id='word_1_90' title='bbox 1177 985 1442 1035; x_wconf 88' lang='lat' dir='ltr'>artificiose</span> <span class='ocrx_word' id='word_1_91' title='bbox 1492 987 1737 1049; x_wconf 86' lang='lat' dir='ltr'>positum,</span> <span class='ocrx_word' id='word_1_92' title='bbox 1786 987 1846 1033; x_wconf 89' lang='lat' dir='ltr'>ut</span> 
     </span>
     <span class='ocr_line' id='line_1_18' title="bbox 146 1059 1847 1124; baseline -0.001 -15"><span class='ocrx_word' id='word_1_93' title='bbox 146 1077 247 1110; x_wconf 90' lang='lat' dir='ltr'>non</span> <span class='ocrx_word' id='word_1_94' title='bbox 300 1061 498 1110; x_wconf 86' lang='lat' dir='ltr'>Aeneae</span> <span class='ocrx_word' id='word_1_95' title='bbox 552 1061 701 1124; x_wconf 90' lang='lat' dir='ltr'>culpa</span> <span class='ocrx_word' id='word_1_96' title='bbox 755 1062 902 1121; x_wconf 17' lang='lat' dir='ltr'>esset,</span> <span class='ocrx_word' id='word_1_97' title='bbox 938 1060 1072 1124; x_wconf 90' lang='lat' dir='ltr'>quod</span> <span class='ocrx_word' id='word_1_98' title='bbox 1125 1061 1313 1109; x_wconf 88' lang='lat' dir='ltr'>occisus</span> <span class='ocrx_word' id='word_1_99' title='bbox 1375 1063 1451 1109; x_wconf 89' lang='lat' dir='ltr'>est</span> <span class='ocrx_word' id='word_1_100' title='bbox 1506 1059 1697 1121; x_wconf 82' lang='lat' dir='ltr'>Panas,</span> <span class='ocrx_word' id='word_1_101' title='bbox 1759 1059 1847 1108; x_wconf 91' lang='lat' dir='ltr'>sed</span> 
     </span>
     <span class='ocr_line' id='line_1_19' title="bbox 146 1132 1847 1199; baseline -0.001 -16"><span class='ocrx_word' id='word_1_102' title='bbox 146 1134 407 1199; x_wconf 88' lang='lat' dir='ltr'>praesagio</span> <span class='ocrx_word' id='word_1_103' title='bbox 454 1136 614 1198; x_wconf 89' lang='lat' dir='ltr'>patris</span> <span class='ocrx_word' id='word_1_104' title='bbox 661 1136 926 1199; x_wconf 86' lang='lat' dir='ltr'>putaretur</span> <span class='ocrx_word' id='word_1_105' title='bbox 970 1150 1249 1198; x_wconf 80' lang='lat' dir='ltr'>oppressus,</span> <span class='ocrx_word' id='word_1_106' title='bbox 1328 1133 1398 1182; x_wconf 92' lang='lat' dir='ltr'>sic</span> <span class='ocrx_word' id='word_1_107' title='bbox 1441 1133 1573 1182; x_wconf 92' lang='lat' dir='ltr'>enim</span> <span class='ocrx_word' id='word_1_108' title='bbox 1612 1132 1847 1182; x_wconf 85' lang='lat' dir='ltr'>Euander</span> 
     </span>
     <span class='ocr_line' id='line_1_20' title="bbox 145 1207 1846 1271; baseline -0.001 -15"><span class='ocrx_word' id='word_1_109' title='bbox 145 1209 486 1271; x_wconf 88' lang='lat' dir='ltr'>proficiscente</span> <span class='ocrx_word' id='word_1_110' title='bbox 532 1208 636 1257; x_wconf 88' lang='lat' dir='ltr'>filio</span> <span class='ocrx_word' id='word_1_111' title='bbox 688 1209 752 1257; x_wconf 89' lang='lat' dir='ltr'>ad</span> <span class='ocrx_word' id='word_1_112' title='bbox 796 1209 988 1258; x_wconf 89' lang='lat' dir='ltr'>incerta</span> <span class='ocrx_word' id='word_1_113' title='bbox 1032 1209 1278 1257; x_wconf 91' lang='lat' dir='ltr'>bellorum</span> <span class='ocrx_word' id='word_1_114' title='bbox 1315 1209 1511 1257; x_wconf 91' lang='lat' dir='ltr'>locutus</span> <span class='ocrx_word' id='word_1_115' title='bbox 1553 1207 1846 1269; x_wconf 86' lang='lat' dir='ltr'>ostenditur,</span> 
     </span>
     <span class='ocr_line' id='line_1_21' title="bbox 146 1281 1845 1346; baseline -0.001 -15"><span class='ocrx_word' id='word_1_116' title='bbox 146 1285 204 1331; x_wconf 92' lang='lat' dir='ltr'>ut</span> <span class='ocrx_word' id='word_1_117' title='bbox 249 1285 506 1346; x_wconf 88' lang='lat' dir='ltr'>suspectus</span> <span class='ocrx_word' id='word_1_118' title='bbox 553 1282 764 1331; x_wconf 83' lang='lat' dir='ltr'>nimium</span> <span class='ocrx_word' id='word_1_119' title='bbox 810 1284 1010 1346; x_wconf 90' lang='lat' dir='ltr'>optasse</span> <span class='ocrx_word' id='word_1_120' title='bbox 1049 1283 1218 1345; x_wconf 91' lang='lat' dir='ltr'>potius</span> <span class='ocrx_word' id='word_1_121' title='bbox 1256 1283 1392 1330; x_wconf 88' lang='lat' dir='ltr'>mala</span> <span class='ocrx_word' id='word_1_122' title='bbox 1431 1298 1583 1344; x_wconf 89' lang='lat' dir='ltr'>quam</span> <span class='ocrx_word' id='word_1_123' title='bbox 1620 1281 1845 1330; x_wconf 89' lang='lat' dir='ltr'>timuisse</span> 
     </span>
     <span class='ocr_line' id='line_1_22' title="bbox 146 1355 1844 1422; baseline -0.002 -16"><span class='ocrx_word' id='word_1_124' title='bbox 146 1356 412 1406; x_wconf 84' lang='lat' dir='ltr'>videretur.</span> <span class='ocrx_word' id='word_1_125' title='bbox 505 1358 580 1406; x_wconf 85' lang='lat' dir='ltr'>ait</span> <span class='ocrx_word' id='word_1_126' title='bbox 635 1357 795 1422; x_wconf 80' lang='lat' dir='ltr'>igitur</span> <span class='ocrx_word' id='word_1_127' title='bbox 843 1373 975 1405; x_wconf 89' lang='lat' dir='ltr'>nunc</span> <span class='ocrx_word' id='word_1_128' title='bbox 1023 1373 1113 1406; x_wconf 91' lang='lat' dir='ltr'>nec</span> <span class='ocrx_word' id='word_1_129' title='bbox 1162 1356 1371 1419; x_wconf 87' lang='lat' dir='ltr'>pudebit</span> <span class='ocrx_word' id='word_1_130' title='bbox 1423 1357 1623 1418; x_wconf 90' lang='lat' dir='ltr'>pulsum</span> <span class='ocrx_word' id='word_1_131' title='bbox 1677 1355 1844 1404; x_wconf 87' lang='lat' dir='ltr'>videre</span> 
     </span>
     <span class='ocr_line' id='line_1_23' title="bbox 145 1429 1846 1494; baseline 0 -16"><span class='ocrx_word' id='word_1_132' title='bbox 145 1431 304 1479; x_wconf 90' lang='lat' dir='ltr'>filium</span> <span class='ocrx_word' id='word_1_133' title='bbox 341 1447 431 1480; x_wconf 90' lang='lat' dir='ltr'>nec</span> <span class='ocrx_word' id='word_1_134' title='bbox 469 1431 673 1480; x_wconf 89' lang='lat' dir='ltr'>habebis</span> <span class='ocrx_word' id='word_1_135' title='bbox 711 1432 924 1480; x_wconf 90' lang='lat' dir='ltr'>ulterius</span> <span class='ocrx_word' id='word_1_136' title='bbox 965 1430 1047 1480; x_wconf 87' lang='lat' dir='ltr'>cui</span> <span class='ocrx_word' id='word_1_137' title='bbox 1086 1433 1226 1494; x_wconf 86' lang='lat' dir='ltr'>optes</span> <span class='ocrx_word' id='word_1_138' title='bbox 1268 1430 1489 1479; x_wconf 87' lang='lat' dir='ltr'>adversa.</span> <span class='ocrx_word' id='word_1_139' title='bbox 1551 1429 1704 1479; x_wconf 86' lang='lat' dir='ltr'>verba</span> <span class='ocrx_word' id='word_1_140' title='bbox 1733 1431 1846 1493; x_wconf 90' lang='lat' dir='ltr'>ipsa</span> 
     </span>
     <span class='ocr_line' id='line_1_24' title="bbox 146 1504 1846 1568; baseline 0 -16"><span class='ocrx_word' id='word_1_141' title='bbox 146 1504 372 1554; x_wconf 86' lang='lat' dir='ltr'>Euandri</span> <span class='ocrx_word' id='word_1_142' title='bbox 415 1506 509 1554; x_wconf 91' lang='lat' dir='ltr'>hoc</span> <span class='ocrx_word' id='word_1_143' title='bbox 554 1506 663 1555; x_wconf 93' lang='lat' dir='ltr'>loco</span> <span class='ocrx_word' id='word_1_144' title='bbox 709 1505 940 1568; x_wconf 88' lang='lat' dir='ltr'>ponenda</span> <span class='ocrx_word' id='word_1_145' title='bbox 990 1507 1129 1567; x_wconf 92' lang='lat' dir='ltr'>sunt,</span> <span class='ocrx_word' id='word_1_146' title='bbox 1178 1507 1239 1554; x_wconf 94' lang='lat' dir='ltr'>ut</span> <span class='ocrx_word' id='word_1_147' title='bbox 1276 1504 1592 1554; x_wconf 89' lang='lat' dir='ltr'>ostendamus</span> <span class='ocrx_word' id='word_1_148' title='bbox 1640 1505 1846 1553; x_wconf 87' lang='lat' dir='ltr'>Aenean</span> 
     </span>
     <span class='ocr_line' id='line_1_25' title="bbox 145 1573 1847 1647; baseline -0.001 -20"><span class='ocrx_word' id='word_1_149' title='bbox 145 1582 276 1628; x_wconf 89' lang='lat' dir='ltr'>recte</span> <span class='ocrx_word' id='word_1_150' title='bbox 325 1580 426 1628; x_wconf 84' lang='lat' dir='ltr'>ista</span> <span class='ocrx_word' id='word_1_151' title='bbox 475 1579 679 1629; x_wconf 88' lang='lat' dir='ltr'>dixisse:</span> <span class='ocrx_word' id='word_1_152' title='bbox 729 1573 805 1647; x_wconf 84' lang='lat'>(8,</span> <span class='ocrx_word' id='word_1_153' title='bbox 831 1574 963 1646; x_wconf 83' lang='lat'>572)</span> <span class='ocrx_word' id='word_1_154' title='bbox 1004 1582 1096 1641; x_wconf 87' lang='lat' dir='ltr'>„at</span> <span class='ocrx_word' id='word_1_155' title='bbox 1141 1595 1252 1642; x_wconf 87' lang='lat' dir='ltr'>vos,</span> <span class='ocrx_word' id='word_1_156' title='bbox 1304 1595 1332 1627; x_wconf 96' lang='lat' dir='ltr'>o</span> <span class='ocrx_word' id='word_1_157' title='bbox 1372 1578 1539 1641; x_wconf 89' lang='lat' dir='ltr'>superi</span> <span class='ocrx_word' id='word_1_158' title='bbox 1585 1581 1635 1627; x_wconf 87' lang='lat' dir='ltr'>et</span> <span class='ocrx_word' id='word_1_159' title='bbox 1673 1578 1847 1627; x_wconf 85' lang='lat' dir='ltr'>divum</span> 
     </span>
     <span class='ocr_line' id='line_1_26' title="bbox 145 1651 1844 1717; baseline -0.001 -16"><span class='ocrx_word' id='word_1_160' title='bbox 145 1656 203 1702; x_wconf 86' lang='lat' dir='ltr'>tu</span> <span class='ocrx_word' id='word_1_161' title='bbox 248 1654 461 1702; x_wconf 85' lang='lat' dir='ltr'>maxime</span> <span class='ocrx_word' id='word_1_162' title='bbox 499 1656 663 1703; x_wconf 90' lang='lat' dir='ltr'>rector</span> <span class='ocrx_word' id='word_1_163' title='bbox 707 1654 956 1717; x_wconf 81' lang='lat' dir='ltr'>Iuppiter,</span> <span class='ocrx_word' id='word_1_164' title='bbox 1002 1653 1230 1715; x_wconf 85' lang='lat' dir='ltr'>Arcadii,</span> <span class='ocrx_word' id='word_1_165' title='bbox 1285 1668 1491 1716; x_wconf 85' lang='lat' dir='ltr'>quaeso,</span> <span class='ocrx_word' id='word_1_166' title='bbox 1545 1651 1844 1701; x_wconf 87' lang='lat' dir='ltr'>miserescite</span> 
     </span>
     <span class='ocr_line' id='line_1_27' title="bbox 146 1726 1846 1791; baseline -0.001 -16"><span class='ocrx_word' id='word_1_167' title='bbox 146 1726 276 1791; x_wconf 87' lang='lat' dir='ltr'>regis</span> <span class='ocrx_word' id='word_1_168' title='bbox 309 1730 360 1776; x_wconf 89' lang='lat' dir='ltr'>et</span> <span class='ocrx_word' id='word_1_169' title='bbox 390 1728 582 1791; x_wconf 88' lang='lat' dir='ltr'>patrias</span> <span class='ocrx_word' id='word_1_170' title='bbox 615 1729 784 1777; x_wconf 90' lang='lat' dir='ltr'>audite</span> <span class='ocrx_word' id='word_1_171' title='bbox 816 1743 1007 1791; x_wconf 80' lang='lat' dir='ltr'>preceS,</span> <span class='ocrx_word' id='word_1_172' title='bbox 1040 1727 1083 1777; x_wconf 94' lang='lat' dir='ltr'>si</span> <span class='ocrx_word' id='word_1_173' title='bbox 1113 1729 1321 1776; x_wconf 87' lang='lat' dir='ltr'>numina</span> <span class='ocrx_word' id='word_1_174' title='bbox 1351 1729 1519 1776; x_wconf 84' lang='lat' dir='ltr'>vestra</span> <span class='ocrx_word' id='word_1_175' title='bbox 1547 1726 1846 1775; x_wconf 88' lang='lat' dir='ltr'>incolumem</span> 
     </span>
     <span class='ocr_line' id='line_1_28' title="bbox 146 1800 1846 1864; baseline -0.001 -15"><span class='ocrx_word' id='word_1_176' title='bbox 146 1801 381 1850; x_wconf 87' lang='lat' dir='ltr'>Pallanta</span> <span class='ocrx_word' id='word_1_177' title='bbox 418 1803 565 1864; x_wconf 90' lang='lat' dir='ltr'>mihi,</span> <span class='ocrx_word' id='word_1_178' title='bbox 605 1802 648 1851; x_wconf 90' lang='lat' dir='ltr'>si</span> <span class='ocrx_word' id='word_1_179' title='bbox 686 1803 794 1852; x_wconf 89' lang='lat' dir='ltr'>fata</span> <span class='ocrx_word' id='word_1_180' title='bbox 830 1805 1108 1864; x_wconf 85' lang='lat' dir='ltr'>reservant,</span> <span class='ocrx_word' id='word_1_181' title='bbox 1148 1802 1192 1851; x_wconf 91' lang='lat' dir='ltr'>si</span> <span class='ocrx_word' id='word_1_182' title='bbox 1229 1803 1428 1850; x_wconf 85' lang='lat' dir='ltr'>visurus</span> <span class='ocrx_word' id='word_1_183' title='bbox 1474 1817 1589 1849; x_wconf 87' lang='lat' dir='ltr'>eum</span> <span class='ocrx_word' id='word_1_184' title='bbox 1633 1800 1749 1850; x_wconf 88' lang='lat' dir='ltr'>vivo</span> <span class='ocrx_word' id='word_1_185' title='bbox 1795 1802 1846 1847; x_wconf 90' lang='lat' dir='ltr'>et</span> 
     </span>
     <span class='ocr_line' id='line_1_29' title="bbox 147 1874 1845 1939; baseline 0 -16"><span class='ocrx_word' id='word_1_186' title='bbox 147 1878 387 1925; x_wconf 85' lang='lat' dir='ltr'>venturus</span> <span class='ocrx_word' id='word_1_187' title='bbox 441 1877 495 1925; x_wconf 91' lang='lat' dir='ltr'>in</span> <span class='ocrx_word' id='word_1_188' title='bbox 547 1893 728 1938; x_wconf 86' lang='lat' dir='ltr'>unum,</span> <span class='ocrx_word' id='word_1_189' title='bbox 785 1876 944 1926; x_wconf 85' lang='lat' dir='ltr'>vitam</span> <span class='ocrx_word' id='word_1_190' title='bbox 1001 1892 1110 1938; x_wconf 92' lang='lat' dir='ltr'>oro,</span> <span class='ocrx_word' id='word_1_191' title='bbox 1163 1875 1331 1939; x_wconf 88' lang='lat' dir='ltr'>patior</span> <span class='ocrx_word' id='word_1_192' title='bbox 1383 1876 1612 1938; x_wconf 90' lang='lat' dir='ltr'>quemvis</span> <span class='ocrx_word' id='word_1_193' title='bbox 1666 1874 1845 1923; x_wconf 88' lang='lat' dir='ltr'>durare</span> 
     </span>
     <span class='ocr_line' id='line_1_30' title="bbox 147 1949 1845 2014; baseline 0 -17"><span class='ocrx_word' id='word_1_194' title='bbox 147 1949 390 1998; x_wconf 86' lang='lat' dir='ltr'>laborem:</span> <span class='ocrx_word' id='word_1_195' title='bbox 445 1952 523 2000; x_wconf 93' lang='lat' dir='ltr'>sin</span> <span class='ocrx_word' id='word_1_196' title='bbox 572 1951 791 2014; x_wconf 89' lang='lat' dir='ltr'>aliquem</span> <span class='ocrx_word' id='word_1_197' title='bbox 839 1950 1103 1999; x_wconf 88' lang='lat' dir='ltr'>infandum</span> <span class='ocrx_word' id='word_1_198' title='bbox 1153 1965 1322 1999; x_wconf 89' lang='lat' dir='ltr'>casum</span> <span class='ocrx_word' id='word_1_199' title='bbox 1371 1950 1574 1999; x_wconf 90' lang='lat' dir='ltr'>fortuna</span> <span class='ocrx_word' id='word_1_200' title='bbox 1621 1950 1845 2010; x_wconf 82' lang='lat' dir='ltr'>minariS,</span> 
     </span>
     <span class='ocr_line' id='line_1_31' title="bbox 148 2024 1844 2087; baseline 0 -16"><span class='ocrx_word' id='word_1_201' title='bbox 148 2039 302 2085; x_wconf 90' lang='lat' dir='ltr'>nunc,</span> <span class='ocrx_word' id='word_1_202' title='bbox 332 2040 464 2073; x_wconf 90' lang='lat' dir='ltr'>nunc</span> <span class='ocrx_word' id='word_1_203' title='bbox 495 2040 523 2072; x_wconf 96' lang='lat' dir='ltr'>o</span> <span class='ocrx_word' id='word_1_204' title='bbox 555 2024 704 2074; x_wconf 87' lang='lat' dir='ltr'>liceat</span> <span class='ocrx_word' id='word_1_205' title='bbox 735 2025 982 2075; x_wconf 90' lang='lat' dir='ltr'>crudelem</span> <span class='ocrx_word' id='word_1_206' title='bbox 1014 2025 1305 2087; x_wconf 89' lang='lat' dir='ltr'>abrumpere</span> <span class='ocrx_word' id='word_1_207' title='bbox 1336 2025 1516 2086; x_wconf 85' lang='lat' dir='ltr'>vitam,</span> <span class='ocrx_word' id='word_1_208' title='bbox 1548 2024 1668 2072; x_wconf 89' lang='lat' dir='ltr'>dum</span> <span class='ocrx_word' id='word_1_209' title='bbox 1699 2038 1844 2072; x_wconf 86' lang='lat' dir='ltr'>curae</span> 
     </span>
     <span class='ocr_line' id='line_1_32' title="bbox 149 2098 1844 2163; baseline -0.001 -16"><span class='ocrx_word' id='word_1_210' title='bbox 149 2098 436 2162; x_wconf 87' lang='lat' dir='ltr'>ambiguae,</span> <span class='ocrx_word' id='word_1_211' title='bbox 487 2098 605 2146; x_wconf 92' lang='lat' dir='ltr'>dum</span> <span class='ocrx_word' id='word_1_212' title='bbox 644 2114 755 2163; x_wconf 90' lang='lat' dir='ltr'>spes</span> <span class='ocrx_word' id='word_1_213' title='bbox 793 2100 984 2148; x_wconf 92' lang='lat' dir='ltr'>incerta</span> <span class='ocrx_word' id='word_1_214' title='bbox 1033 2099 1214 2160; x_wconf 87' lang='lat' dir='ltr'>futuri,</span> <span class='ocrx_word' id='word_1_215' title='bbox 1265 2098 1386 2146; x_wconf 91' lang='lat' dir='ltr'>dum</span> <span class='ocrx_word' id='word_1_216' title='bbox 1430 2101 1502 2160; x_wconf 87' lang='lat' dir='ltr'>te,</span> <span class='ocrx_word' id='word_1_217' title='bbox 1549 2113 1660 2146; x_wconf 89' lang='lat' dir='ltr'>care</span> <span class='ocrx_word' id='word_1_218' title='bbox 1707 2113 1844 2161; x_wconf 91' lang='lat' dir='ltr'>puer,</span> 
     </span>
     <span class='ocr_line' id='line_1_33' title="bbox 146 2171 1844 2236; baseline -0.001 -16"><span class='ocrx_word' id='word_1_219' title='bbox 146 2187 259 2220; x_wconf 89' lang='lat' dir='ltr'>mea</span> <span class='ocrx_word' id='word_1_220' title='bbox 309 2173 417 2221; x_wconf 91' lang='lat' dir='ltr'>sola</span> <span class='ocrx_word' id='word_1_221' title='bbox 467 2175 517 2221; x_wconf 91' lang='lat' dir='ltr'>et</span> <span class='ocrx_word' id='word_1_222' title='bbox 566 2188 676 2221; x_wconf 87' lang='lat' dir='ltr'>sera</span> <span class='ocrx_word' id='word_1_223' title='bbox 724 2173 980 2236; x_wconf 82' lang='lat' dir='ltr'>voluptas,</span> <span class='ocrx_word' id='word_1_224' title='bbox 1023 2173 1265 2235; x_wconf 87' lang='lat' dir='ltr'>conplexu</span> <span class='ocrx_word' id='word_1_225' title='bbox 1313 2174 1484 2234; x_wconf 90' lang='lat' dir='ltr'>tene0,</span> <span class='ocrx_word' id='word_1_226' title='bbox 1534 2171 1735 2236; x_wconf 89' lang='lat' dir='ltr'>gravior</span> <span class='ocrx_word' id='word_1_227' title='bbox 1783 2187 1844 2219; x_wconf 90' lang='lat' dir='ltr'>ne</span> 
     </span>
     <span class='ocr_line' id='line_1_34' title="bbox 149 2245 1843 2309; baseline -0.001 -15"><span class='ocrx_word' id='word_1_228' title='bbox 149 2245 352 2295; x_wconf 88' lang='lat' dir='ltr'>nuntius</span> <span class='ocrx_word' id='word_1_229' title='bbox 392 2247 527 2294; x_wconf 88' lang='lat' dir='ltr'>auris</span> <span class='ocrx_word' id='word_1_230' title='bbox 560 2246 838 2295; x_wconf 84' lang='lat' dir='ltr'>vulneret“.</span> <span class='ocrx_word' id='word_1_231' title='bbox 901 2263 1032 2308; x_wconf 90' lang='lat' dir='ltr'>ecce,</span> <span class='ocrx_word' id='word_1_232' title='bbox 1071 2249 1130 2295; x_wconf 88' lang='lat' dir='ltr'>ut</span> <span class='ocrx_word' id='word_1_233' title='bbox 1167 2245 1356 2295; x_wconf 87' lang='lat' dir='ltr'>dictum</span> <span class='ocrx_word' id='word_1_234' title='bbox 1395 2248 1491 2309; x_wconf 90' lang='lat' dir='ltr'>est,</span> <span class='ocrx_word' id='word_1_235' title='bbox 1531 2246 1649 2294; x_wconf 90' lang='lat' dir='ltr'>dum</span> <span class='ocrx_word' id='word_1_236' title='bbox 1688 2245 1843 2293; x_wconf 92' lang='lat' dir='ltr'>nimia</span> 
     </span>
     <span class='ocr_line' id='line_1_35' title="bbox 149 2319 1843 2384; baseline -0.001 -16"><span class='ocrx_word' id='word_1_237' title='bbox 149 2323 226 2369; x_wconf 87' lang='lat' dir='ltr'>est</span> <span class='ocrx_word' id='word_1_238' title='bbox 254 2322 399 2384; x_wconf 90' lang='lat' dir='ltr'>pater</span> <span class='ocrx_word' id='word_1_239' title='bbox 428 2322 614 2383; x_wconf 87' lang='lat' dir='ltr'>pietate</span> <span class='ocrx_word' id='word_1_240' title='bbox 646 2321 911 2382; x_wconf 81' lang='lat' dir='ltr'>sollicituS,</span> <span class='ocrx_word' id='word_1_241' title='bbox 943 2322 1014 2369; x_wconf 92' lang='lat' dir='ltr'>sic</span> <span class='ocrx_word' id='word_1_242' title='bbox 1037 2320 1140 2369; x_wconf 90' lang='lat' dir='ltr'>filio</span> <span class='ocrx_word' id='word_1_243' title='bbox 1163 2320 1425 2369; x_wconf 90' lang='lat' dir='ltr'>interitum</span> <span class='ocrx_word' id='word_1_244' title='bbox 1450 2337 1598 2384; x_wconf 93' lang='lat' dir='ltr'>quem</span> <span class='ocrx_word' id='word_1_245' title='bbox 1623 2319 1843 2368; x_wconf 87' lang='lat' dir='ltr'>accidere</span> 
     </span>
     <span class='ocr_line' id='line_1_36' title="bbox 149 2393 1844 2458; baseline -0.001 -16"><span class='ocrx_word' id='word_1_246' title='bbox 149 2394 403 2443; x_wconf 88' lang='lat' dir='ltr'>metuebat</span> <span class='ocrx_word' id='word_1_247' title='bbox 439 2396 671 2444; x_wconf 89' lang='lat' dir='ltr'>incautus</span> <span class='ocrx_word' id='word_1_248' title='bbox 711 2396 919 2458; x_wconf 85' lang='lat' dir='ltr'>optavit.</span> <span class='ocrx_word' id='word_1_249' title='bbox 998 2395 1042 2442; x_wconf 76' lang='lat' dir='ltr'>ei</span> <span class='ocrx_word' id='word_1_250' title='bbox 1077 2394 1220 2452; x_wconf 70' lang='lat' dir='ltr'><strong><em>mihi,</em></strong></span> <span class='ocrx_word' id='word_1_251' title='bbox 1267 2397 1503 2455; x_wconf 77' lang='lat' dir='ltr'>quantum</span> <span class='ocrx_word' id='word_1_252' title='bbox 1533 2393 1844 2454; x_wconf 76' lang='lat' dir='ltr'>praesidium</span> 
     </span>
     <span class='ocr_line' id='line_1_37' title="bbox 150 2466 1842 2532; baseline -0.001 -16"><span class='ocrx_word' id='word_1_253' title='bbox 150 2466 378 2517; x_wconf 77' lang='lat' dir='ltr'>Ausonia</span> <span class='ocrx_word' id='word_1_254' title='bbox 417 2473 460 2517; x_wconf 90' lang='lat' dir='ltr'>et</span> <span class='ocrx_word' id='word_1_255' title='bbox 497 2473 734 2529; x_wconf 77' lang='lat' dir='ltr'>quantwm</span> <span class='ocrx_word' id='word_1_256' title='bbox 772 2472 824 2516; x_wconf 78' lang='lat' dir='ltr'>tu</span> <span class='ocrx_word' id='word_1_257' title='bbox 855 2469 1046 2529; x_wconf 74' lang='lat' dir='ltr'>perdiS,</span> <span class='ocrx_word' id='word_1_258' title='bbox 1094 2469 1227 2517; x_wconf 79' lang='lat' dir='ltr'>Iule:</span> <span class='ocrx_word' id='word_1_259' title='bbox 1272 2471 1324 2517; x_wconf 87' lang='lat' dir='ltr'>et</span> <span class='ocrx_word' id='word_1_260' title='bbox 1367 2483 1600 2532; x_wconf 86' lang='lat' dir='ltr'>praesens</span> <span class='ocrx_word' id='word_1_261' title='bbox 1647 2469 1842 2529; x_wconf 89' lang='lat' dir='ltr'>tempus</span> 
     </span>
     <span class='ocr_line' id='line_1_38' title="bbox 149 2540 1844 2606; baseline -0.001 -17"><span class='ocrx_word' id='word_1_262' title='bbox 149 2543 320 2606; x_wconf 89' lang='lat' dir='ltr'>tetigit</span> <span class='ocrx_word' id='word_1_263' title='bbox 357 2545 408 2590; x_wconf 88' lang='lat' dir='ltr'>et</span> <span class='ocrx_word' id='word_1_264' title='bbox 445 2543 670 2591; x_wconf 79' lang='lat' dir='ltr'>futurum</span> <span class='ocrx_word' id='word_1_265' title='bbox 702 2558 942 2605; x_wconf 88' lang='lat' dir='ltr'>suamque</span> <span class='ocrx_word' id='word_1_266' title='bbox 980 2558 1242 2606; x_wconf 88' lang='lat' dir='ltr'>personam</span> <span class='ocrx_word' id='word_1_267' title='bbox 1282 2545 1334 2591; x_wconf 90' lang='lat' dir='ltr'>et</span> <span class='ocrx_word' id='word_1_268' title='bbox 1370 2543 1444 2590; x_wconf 90' lang='lat' dir='ltr'>fili</span> <span class='ocrx_word' id='word_1_269' title='bbox 1482 2543 1581 2603; x_wconf 89' lang='lat' dir='ltr'>sui,</span> <span class='ocrx_word' id='word_1_270' title='bbox 1620 2540 1844 2589; x_wconf 85' lang='lat' dir='ltr'>Euandri</span> 
     </span>
    </p>
   </div>
   <div class='ocr_carea' id='block_1_9' title="bbox 151 2635 506 2643">
    <p class='ocr_par' dir='ltr' id='par_1_9' title="bbox 151 2635 506 2643">
     <span class='ocr_line' id='line_1_39' title="bbox 151 2635 506 2643; baseline 0 583"><span class='ocrx_word' id='word_1_271' title='bbox 151 2635 506 2643; x_wconf 95' lang='lat' dir='ltr'> </span> 
     </span>
    </p>
   </div>
   <div class='ocr_carea' id='block_1_10' title="bbox 151 2695 1843 3049">
    <p class='ocr_par' dir='ltr' id='par_1_10' title="bbox 151 2695 1843 3049">
     <span class='ocr_line' id='line_1_40' title="bbox 270 2695 1841 2756; baseline -0.001 -14"><span class='ocrx_word' id='word_1_272' title='bbox 270 2703 296 2742; x_wconf 88' lang='lat'>5</span> <span class='ocrx_word' id='word_1_273' title='bbox 325 2695 630 2755; x_wconf 75' lang='lat' dir='ltr'>praestrinxit</span> <span class='ocrx_word' id='word_1_274' title='bbox 650 2698 692 2742; x_wconf 91' lang='lat' dir='ltr'><strong>V</strong></span> <span class='ocrx_word' id='word_1_275' title='bbox 717 2700 1003 2755; x_wconf 78' lang='lat' dir='ltr'>praestruxit</span> <span class='ocrx_word' id='word_1_276' title='bbox 1033 2713 1116 2744; x_wconf 90' lang='lat' dir='ltr'>nos</span> <span class='ocrx_word' id='word_1_277' title='bbox 1148 2700 1423 2756; x_wconf 72' lang='lat' dir='ltr'>perstm’nxit</span> <span class='ocrx_word' id='word_1_278' title='bbox 1453 2698 1523 2742; x_wconf 90' lang='lat' dir='ltr'>ed.</span> <span class='ocrx_word' id='word_1_279' title='bbox 1655 2701 1681 2740; x_wconf 90' lang='grc'>8</span> <span class='ocrx_word' id='word_1_280' title='bbox 1721 2710 1841 2752; x_wconf 79' lang='lat' dir='ltr'>spem</span> 
     </span>
     <span class='ocr_line' id='line_1_41' title="bbox 151 2755 1840 2818; baseline -0.002 -16"><span class='ocrx_word' id='word_1_281' title='bbox 151 2771 365 2815; x_wconf 76' lang='lat' dir='ltr'>maynam</span> <span class='ocrx_word' id='word_1_282' title='bbox 396 2759 466 2802; x_wconf 87' lang='lat' dir='ltr'>ed.</span> <span class='ocrx_word' id='word_1_283' title='bbox 515 2758 520 2818; x_wconf 88' lang='grc' dir='ltr'>Ι</span> <span class='ocrx_word' id='word_1_284' title='bbox 570 2759 737 2803; x_wconf 82' lang='lat' dir='ltr'>doleret</span> <span class='ocrx_word' id='word_1_285' title='bbox 766 2759 1012 2803; x_wconf 78' lang='lat' dir='ltr'>extinctam</span> <span class='ocrx_word' id='word_1_286' title='bbox 1044 2759 1115 2803; x_wconf 89' lang='lat' dir='ltr'>ed.</span> <span class='ocrx_word' id='word_1_287' title='bbox 1209 2763 1264 2801; x_wconf 81' lang='lat'>14</span> <span class='ocrx_word' id='word_1_288' title='bbox 1295 2763 1526 2813; x_wconf 79' lang='lat' dir='ltr'>susceptus</span> <span class='ocrx_word' id='word_1_289' title='bbox 1549 2755 1590 2798; x_wconf 93' lang='lat' dir='ltr'><strong>V</strong></span> <span class='ocrx_word' id='word_1_290' title='bbox 1623 2769 1736 2799; x_wconf 91' lang='lat' dir='ltr'>corr.</span> <span class='ocrx_word' id='word_1_291' title='bbox 1769 2755 1840 2799; x_wconf 89' lang='lat' dir='ltr'>ed.</span> 
     </span>
     <span class='ocr_line' id='line_1_42' title="bbox 153 2814 1839 2874; baseline -0.001 -14"><span class='ocrx_word' id='word_1_292' title='bbox 153 2821 208 2860; x_wconf 88' lang='grc'>16</span> <span class='ocrx_word' id='word_1_293' title='bbox 246 2822 373 2873; x_wconf 79' lang='lat' dir='ltr'>potes</span> <span class='ocrx_word' id='word_1_294' title='bbox 407 2817 449 2861; x_wconf 90' lang='lat' dir='ltr'><strong>V</strong></span> <span class='ocrx_word' id='word_1_295' title='bbox 491 2823 614 2874; x_wconf 81' lang='lat' dir='ltr'>optes</span> <span class='ocrx_word' id='word_1_296' title='bbox 656 2817 773 2861; x_wconf 84' lang='lat' dir='ltr'>edF.</span> <span class='ocrx_word' id='word_1_297' title='bbox 909 2821 963 2861; x_wconf 90' lang='lat'>18</span> <span class='ocrx_word' id='word_1_298' title='bbox 1004 2819 1095 2863; x_wconf 82' lang='lat' dir='ltr'>ista</span> <span class='ocrx_word' id='word_1_299' title='bbox 1128 2817 1171 2860; x_wconf 96' lang='lat' dir='ltr'><strong>V</strong></span> <span class='ocrx_word' id='word_1_300' title='bbox 1211 2819 1280 2862; x_wconf 80' lang='lat' dir='ltr'>ita</span> <span class='ocrx_word' id='word_1_301' title='bbox 1323 2816 1394 2860; x_wconf 91' lang='lat' dir='ltr'>ed.</span> <span class='ocrx_word' id='word_1_302' title='bbox 1523 2820 1578 2858; x_wconf 83' lang='lat'>21</span> <span class='ocrx_word' id='word_1_303' title='bbox 1622 2816 1748 2869; x_wconf 79' lang='lat' dir='ltr'>facta</span> <span class='ocrx_word' id='word_1_304' title='bbox 1787 2814 1839 2859; x_wconf 91' lang='lat' dir='ltr'>V.</span> 
     </span>
     <span class='ocr_line' id='line_1_43' title="bbox 154 2872 1843 2935; baseline 0.001 -18"><span class='ocrx_word' id='word_1_305' title='bbox 154 2879 207 2917; x_wconf 83' lang='lat'>22</span> <span class='ocrx_word' id='word_1_306' title='bbox 239 2877 336 2920; x_wconf 81' lang='lat' dir='ltr'>vita</span> <span class='ocrx_word' id='word_1_307' title='bbox 358 2877 500 2921; x_wconf 80' lang='lat' dir='ltr'>morio</span> <span class='ocrx_word' id='word_1_308' title='bbox 523 2876 577 2921; x_wconf 92' lang='lat' dir='ltr'>V.</span> <span class='ocrx_word' id='word_1_309' title='bbox 615 2876 620 2935; x_wconf 80' lang='grc' dir='ltr'>Ι</span> <span class='ocrx_word' id='word_1_310' title='bbox 648 2877 811 2933; x_wconf 78' lang='lat' dir='ltr'>patiar</span> <span class='ocrx_word' id='word_1_311' title='bbox 834 2875 892 2919; x_wconf 89' lang='lat' dir='ltr'>ed</span> <span class='ocrx_word' id='word_1_312' title='bbox 902 2875 950 2920; x_wconf 79' lang='lat' dir='ltr'>F.</span> <span class='ocrx_word' id='word_1_313' title='bbox 1036 2881 1093 2920; x_wconf 84' lang='lat'>24</span> <span class='ocrx_word' id='word_1_314' title='bbox 1115 2891 1229 2921; x_wconf 86' lang='lat' dir='ltr'>cura</span> <span class='ocrx_word' id='word_1_315' title='bbox 1252 2872 1491 2932; x_wconf 74' lang='lat' dir='ltr'>ambiyuae</span> <span class='ocrx_word' id='word_1_316' title='bbox 1514 2874 1568 2917; x_wconf 93' lang='lat' dir='ltr'>V.</span> <span class='ocrx_word' id='word_1_317' title='bbox 1655 2878 1709 2917; x_wconf 84' lang='lat'>25</span> <span class='ocrx_word' id='word_1_318' title='bbox 1734 2874 1843 2918; x_wconf 80' lang='lat' dir='ltr'>dam</span> 
     </span>
     <span class='ocr_line' id='line_1_44' title="bbox 152 2932 1842 2992; baseline -0.002 -14"><span class='ocrx_word' id='word_1_319' title='bbox 152 2947 251 2989; x_wconf 80' lang='lat' dir='ltr'>spes</span> <span class='ocrx_word' id='word_1_320' title='bbox 273 2934 315 2977; x_wconf 95' lang='lat' dir='ltr'><strong>V</strong></span> <span class='ocrx_word' id='word_1_321' title='bbox 346 2940 388 2979; x_wconf 85' lang='lat' dir='ltr'>et</span> <span class='ocrx_word' id='word_1_322' title='bbox 417 2936 526 2980; x_wconf 79' lang='lat' dir='ltr'>dum</span> <span class='ocrx_word' id='word_1_323' title='bbox 556 2949 623 2992; x_wconf 74' lang='lat' dir='ltr'>sp.</span> <span class='ocrx_word' id='word_1_324' title='bbox 656 2935 728 2980; x_wconf 90' lang='lat' dir='ltr'>ed.</span> <span class='ocrx_word' id='word_1_325' title='bbox 822 2939 878 2979; x_wconf 88' lang='grc'>28</span> <span class='ocrx_word' id='word_1_326' title='bbox 910 2936 1115 2981; x_wconf 84' lang='lat' dir='ltr'>accedere</span> <span class='ocrx_word' id='word_1_327' title='bbox 1138 2935 1180 2979; x_wconf 90' lang='lat' dir='ltr'><strong>V</strong></span> <span class='ocrx_word' id='word_1_328' title='bbox 1205 2949 1319 2979; x_wconf 89' lang='lat' dir='ltr'>corr.</span> <span class='ocrx_word' id='word_1_329' title='bbox 1345 2935 1417 2979; x_wconf 88' lang='lat' dir='ltr'>ed.</span> <span class='ocrx_word' id='word_1_330' title='bbox 1506 2937 1561 2976; x_wconf 90' lang='grc'>29</span> <span class='ocrx_word' id='word_1_331' title='bbox 1595 2938 1637 2978; x_wconf 91' lang='lat' dir='ltr'>et</span> <span class='ocrx_word' id='word_1_332' title='bbox 1666 2934 1778 2977; x_wconf 78' lang='lat' dir='ltr'>mihi</span> <span class='ocrx_word' id='word_1_333' title='bbox 1800 2932 1842 2975; x_wconf 88' lang='lat' dir='ltr'><strong>V</strong></span> 
     </span>
     <span class='ocr_line' id='line_1_45' title="bbox 154 2993 1352 3049; baseline 0 -13"><span class='ocrx_word' id='word_1_334' title='bbox 154 2994 195 3036; x_wconf 78' lang='lat' dir='ltr'>ei</span> <span class='ocrx_word' id='word_1_335' title='bbox 225 3007 281 3037; x_wconf 84' lang='lat' dir='ltr'>m.</span> <span class='ocrx_word' id='word_1_336' title='bbox 313 3007 397 3037; x_wconf 88' lang='lat' dir='ltr'>nos</span> <span class='ocrx_word' id='word_1_337' title='bbox 427 2995 514 3039; x_wconf 80' lang='lat' dir='ltr'>heu</span> <span class='ocrx_word' id='word_1_338' title='bbox 544 3009 600 3039; x_wconf 82' lang='lat' dir='ltr'>m.</span> <span class='ocrx_word' id='word_1_339' title='bbox 635 2994 749 3038; x_wconf 87' lang='lat' dir='ltr'>edF.</span> <span class='ocrx_word' id='word_1_340' title='bbox 874 2998 927 3037; x_wconf 89' lang='lat'>31</span> <span class='ocrx_word' id='word_1_341' title='bbox 960 2995 1031 3049; x_wconf 78' lang='lat' dir='ltr'>fili</span> <span class='ocrx_word' id='word_1_342' title='bbox 1060 2996 1134 3039; x_wconf 78' lang='lat' dir='ltr'>sui</span> <span class='ocrx_word' id='word_1_343' title='bbox 1166 3008 1253 3038; x_wconf 90' lang='lat' dir='ltr'>om.</span> <span class='ocrx_word' id='word_1_344' title='bbox 1280 2993 1352 3037; x_wconf 87' lang='lat' dir='ltr'>ed.</span> 
     </span>
    </p>
   </div>
  </div>
 </body>
</html>
