2050 3226
774 178 1080 227 AENEIDOS
1103 181 1191 227 VH
1754 183 1822 237 31

133 324 267 373 enim
305 323 500 386 aliquid
530 338 612 372 eos
642 323 770 372 velle
799 323 1068 385 postulare.
1130 335 1254 382 quae
1284 336 1438 370 eausa
1465 323 1630 370 rates?
1675 337 1826 384 quae-

133 397 221 447 siit
263 413 466 446 causam
511 413 611 460 qua
648 398 840 446 factum
877 399 954 445 est
989 398 1049 445 ut
1084 395 1288 444 remotis
1323 395 1611 460 regionibus
1652 395 1827 444 ceteris

135 471 199 520 ad
228 470 431 520 Italiam
469 472 732 521 venissent.
809 473 898 519 aut
926 471 1066 519 euius
1097 471 1276 532 eyen-tis
1306 471 1422 518 litus
1452 470 1519 518 ad
1548 468 1827 518 Ausonium

133 549 198 594 tot
226 560 320 606 per
356 546 490 594 vada
528 546 726 594 caerula
761 545 922 595 veaeit?
980 546 1071 593 aut
1100 545 1243 593 cuius
1280 545 1355 592 rei
1392 546 1593 608 egentes
1629 546 1828 592 tantum

81 635 102 669 5
132 620 352 669 laborem
391 620 676 683 suscepistis
689 618 715 668 P
790 620 850 667 ut
898 621 1066 667 autem
1114 618 1471 668 evidentiorem
1520 619 1705 667 faceret
1751 618 1827 666 in-

130 694 516 758 terrogationem
558 710 714 756 suam,
751 693 874 742 haec
913 694 1173 742 adnexuit:
1225 694 1327 741 sive
1365 707 1526 741 errore
1562 694 1700 741 viae:
1743 692 1828 741 via

130 769 300 833 pelagi
329 785 429 817 non
462 770 516 817 in
546 769 718 830 undis,
756 767 844 816 sed
873 768 925 815 in
957 768 1092 816 caelo
1125 770 1223 829 est,
1262 768 1489 830 denique,
1527 783 1642 816 cum
1671 766 1827 815 nubes

132 842 449 892 obducuntur
492 858 583 892 nec
627 842 864 892 videntur
915 842 1102 903 sidera,
1154 844 1312 890 nauta
1362 843 1522 890 fertur
1573 857 1674 890 non
1727 856 1827 904 quo

131 917 226 966 scit
263 919 355 966 aut
388 917 615 966 instituit
649 916 873 977 tendere,
912 917 999 965 sed
1037 931 1136 979 quo
1176 917 1408 964 duxerint
1439 917 1596 965 venti:
1633 917 1693 964 ut
1721 916 1829 977 ipse

0 982 3 987 ’
58 1007 102 1039 10
132 991 232 1040 alio
277 992 387 1040 loco
438 985 513 1058 (3,
540 985 671 1058 201)
725 991 981 1055 Vergilius
1035 991 1109 1039 ait
1154 990 1296 1053 „ipse
1352 990 1481 1039 diem
1535 992 1828 1052 noctemque

130 1068 283 1130 negat
313 1066 586 1114 discernere
627 1065 763 1114 caelo
795 1081 884 1113 nec
913 1065 1195 1113 meminisse
1226 1065 1338 1114 viae
1367 1065 1533 1113 media
1559 1065 1828 1113 Palinurus

130 1141 184 1188 in
213 1139 400 1188 unda“.
461 1155 548 1188 seu
578 1140 936 1200 tempestatibus
967 1140 1076 1196 aeti,
1109 1139 1278 1198 qualia
1307 1140 1464 1187 multa
1493 1140 1624 1187 mari
1646 1142 1828 1186 nautae
1844 1144 1931 1184 200

121 1215 388 1274 patiuntur
423 1215 478 1262 in
517 1215 638 1263 alto:
690 1213 829 1276 novi,
865 1213 1054 1276 inquit,
1091 1230 1193 1262 non
1224 1214 1355 1262 solas
1386 1215 1709 1276 tempestates
1743 1213 1828 1260 sed

130 1291 181 1337 ot
225 1289 387 1337 multa
433 1289 534 1336 alia
578 1289 747 1336 nautis
794 1287 1036 1349 accidere,
1082 1303 1194 1336 cum
1241 1287 1296 1335 in
1334 1288 1438 1336 alto
1486 1289 1603 1337 sunt
1646 1287 1828 1350 pelagi.

58 1376 99 1409 15
130 1363 382 1425 conplevit
418 1363 869 1427 interrogationum
904 1364 1117 1424 textum,
1154 1362 1334 1424 incipit
1370 1362 1473 1410 iam
1502 1361 1740 1425 prosequi
1770 1377 1829 1409 ea

131 1437 311 1499 quibus
336 1437 479 1485 offert
505 1436 894 1486 benivolentiam
918 1440 1033 1485 ante
1056 1436 1351 1499 petitionem
1375 1436 1597 1498 aliquam
1629 1451 1828 1485 securos

130 1511 360 1560 efficiens.
444 1512 665 1570 fluminis
724 1512 947 1559 intrastis
1006 1512 1147 1571 ripas
1206 1514 1448 1571 portuque
1507 1511 1704 1567 sedetis,
1766 1524 1828 1557 ne

126 1586 280 1646 fuyite
323 1586 609 1645 hospitium:
660 1601 750 1634 nec
802 1585 1118 1648 reprehendit
1169 1585 1306 1647 quod
1351 1585 1555 1633 Troiani
1607 1585 1828 1633 fecerant

130 1660 431 1708 auctoritate
470 1675 560 1708 sua
599 1662 649 1708 et
687 1660 826 1708 aliud
865 1659 1050 1708 obtulit
1088 1660 1222 1723 quod
1261 1659 1516 1708 excederet
1551 1658 1827 1722 hospitium

55 1747 99 1779 20
130 1733 307 1782 litoris.
385 1735 541 1796 quod,
590 1734 778 1796 inquit,
823 1734 936 1797 ripa
981 1749 1069 1783 vos
1106 1733 1325 1782 fluminis
1362 1736 1501 1782 tenet
1542 1735 1592 1781 et
1635 1735 1827 1796 portus,

129 1810 294 1857 venite
333 1808 500 1871 potius
540 1810 591 1856 et
634 1808 854 1871 hospitio
900 1811 1071 1857 nostro
1117 1808 1399 1872 iungimini.
1475 1807 1684 1871 hospitii
1727 1807 1825 1871 sig·

130 1882 349 1931 nificatio
382 1884 432 1930 et
455 1882 631 1931 domus
661 1882 1023 1931 habitationem
1057 1885 1196 1931 tenet
1226 1885 1276 1931 et
1300 1882 1517 1946 gratiam
1546 1881 1826 1946 iungendae

132 1956 395 2005 amicitiae.
456 1959 724 2019 utrumque
761 1957 920 2021 igitur
956 1955 1196 2005 Latinum
1235 1956 1474 2006 obtulisse
1505 1957 1826 2004 manifestum

130 2033 206 2078 est
242 2031 294 2078 in
335 2047 391 2079 eo
439 2032 573 2093 quod
623 2031 750 2079 dixit
794 2047 855 2079 ne
901 2032 1061 2095 fugite
1106 2031 1384 2094 hospitium
1428 2047 1552 2080 neve
1596 2032 1825 2095 ignorate

10 2131 14 2135 -
55 2117 98 2149 25
129 2103 349 2154 Latinos.
428 2105 623 2153 addidit
659 2121 803 2154 suam
842 2107 892 2154 et
930 2121 1137 2154 suorum
1174 2106 1396 2167 laudem,
1433 2108 1492 2153 ut
1523 2106 1826 2167 optimorum

129 2194 180 2227 se
219 2179 467 2228 amicitias
506 2179 768 2228 sortituros
798 2179 1165 2244 intellegerent:
1203 2194 1322 2228 neve
1350 2181 1570 2241 iynorate
1599 2180 1823 2235 Latinos

127 2252 333 2300 Saturni
374 2256 581 2314 yentem,
628 2254 750 2302 haut
791 2254 949 2302 vinclo
994 2269 1081 2302 nee
1119 2254 1303 2315 leyibus
1348 2268 1576 2313 aequam,
1630 2252 1666 2315 [
1659 2256 1825 2313 sponte

128 2341 222 2374 sua
259 2329 523 2387 veterisque
561 2328 638 2375 dei
670 2342 720 2375 se
750 2342 882 2375 more
911 2327 1174 2390 tenentem]
1181 2345 1197 2376 .·
1235 2328 1440 2389 debetiS,
1470 2327 1651 2390 inquit,
1681 2342 1824 2375 nosse

128 2399 421 2449 Latinorum
454 2401 741 2450 Saturniam
772 2404 970 2465 gentem
1007 2417 1097 2450 nec
1127 2404 1267 2450 metu
1299 2403 1488 2466 legum,
1528 2403 1614 2451 sed
1644 2404 1823 2449 natura

55 2485 98 2518 ³0
126 2478 455 2523 mansuetam.
539 2492 653 2524 cum
712 2477 819 2538 ipse
874 2476 1080 2524 dixisset
1134 2476 1256 2539 quid
1309 2477 1504 2539 petitis,
1565 2476 1824 2538 praevenit

248 2650 271 2688 1
305 2647 502 2701 quaesite
533 2646 575 2690 V
606 2648 828 2703 quaesivit
858 2647 929 2691 ed.
1046 2653 1071 2691 2
1104 2649 1238 2693 ceteri
1268 2647 1310 2691 V
1342 2662 1455 2692 corr.
1490 2648 1560 2692 ed.
1675 2652 1703 2689 4
1742 2652 1824 2691 aut

31 2743 33 2748 ,
127 2703 176 2746 in
207 2703 426 2749 lemmate
457 2711 506 2750 at
537 2706 586 2749 in
616 2707 808 2763 interpr.
826 2706 868 2750 V
892 2707 964 2751 ed.
990 2720 1104 2751 corr.
1122 2707 1177 2751 U.
1272 2712 1326 2751 13
1358 2709 1479 2752 solas
1502 2706 1544 2749 V
1573 2707 1717 2750 solum
1749 2706 1820 2750 ed.

130 2767 184 2806 14
216 2765 422 2808 accedere
457 2763 494 2806 V
526 2779 638 2808 corr.
673 2765 743 2808 ed.
788 2766 793 2822 Ι
836 2767 1001 2824 pelaqo
1032 2766 1104 2811 ed.
1206 2771 1261 2810 16
1293 2768 1425 2811 cuius
1455 2767 1605 2820 offerit
1633 2764 1676 2808 V
1707 2779 1816 2808 corr.

128 2821 199 2865 ed.
267 2822 272 2880 Ι
337 2829 443 2868 ante
481 2823 523 2866 V
565 2829 699 2880 atque
739 2823 833 2867 ΗΠ
877 2825 948 2869 ed.
1087 2830 1142 2870 18
1184 2828 1437 2881 auspitium
1484 2827 1547 2880 (et
1588 2823 1726 2880 infra)
1765 2824 1820 2868 V.

128 2884 184 2923 20
217 2882 336 2936 quod
365 2883 518 2938 inquit
546 2882 588 2925 V
627 2883 697 2927 ed.
731 2884 843 2939 quid
872 2885 902 2928 i.
936 2884 979 2927 H
1018 2885 1213 2928 fortasse
1249 2887 1386 2928 recte.
1511 2887 1566 2926 27
1597 2889 1820 2939 sponte—

129 2943 184 2981 28
214 2945 432 3041 telueutem
470 2942 603 2986 deest
639 2943 690 2986 in
723 2941 776 2997 V,
816 2943 898 2987 sed
938 2943 1210 2999 explicatur.
1334 2947 1388 2987 29
1420 2957 1476 2987 ne
1506 2947 1625 2987 metu
1658 2942 1699 2986 V
1728 2956 1821 2987 ‘non

127 3012 184 3041 m.
217 3011 242 3042 e
280 3033 289 3042 .
