2050 3226
34 1007 78 1040 10

18 1378 76 1411 ¹15

32 1752 78 1785 20

15 2122 77 2155 '85

743 185 1048 231 AENEmos
1079 185 1165 230 ΧΠ
1694 188 1799 242 561

109 328 284 390 paucis
322 325 600 390 respondit3
640 326 726 389 qui
765 325 897 374 enim
930 327 1063 375 tanti
1092 325 1214 375 mali
1245 327 1539 375 necessitate
1570 327 1804 389 raptaba-

109 403 196 449 tur
223 402 277 450 in
307 401 495 449 bellum
525 403 576 448 et
605 402 864 465 proposita
895 400 1182 450 condicione
1203 399 1257 448 in
1281 416 1511 464 campum
1538 401 1806 465 cogebatur

112 476 244 524 exire
274 491 374 524 non
406 474 578 523 debuit
607 475 836 538 plurimis
867 475 1021 538 loqui.
1073 489 1148 532 ne,
1174 480 1365 535 quaesO,
1390 489 1451 522 ne
1473 489 1549 523 me
1573 475 1804 532 lacrimis,

110 563 228 598 neve
249 551 406 598 omine
429 552 561 598 tanto
578 563 868 609 prosequere
889 550 943 597 in
967 549 1082 597 duri
1104 550 1370 598 certamina
1392 549 1579 597 Martis
1604 552 1804 606 euntem,

28 624 31 650 ³
110 637 137 671 o
166 627 346 673 mater:
383 639 512 687 quae
543 624 757 672 salutem
785 639 948 672 meam
978 622 1273 672 incolumem
1306 623 1445 686 cupis
1477 625 1529 671 et
1560 623 1806 671 ominibus

109 699 356 760 prosperis
394 698 588 746 hortari
619 697 764 746 debes
802 699 855 746 in
885 697 1015 745 bella
1044 700 1334 762 pergentem
1372 691 1637 765 (quicquid
1675 698 1806 745 enim

108 771 214 820 illic
252 771 442 835 geritur
477 772 620 820 triste
658 774 734 820 est
772 774 822 820 et
859 787 959 819 non
990 771 1135 820 debet
1180 771 1429 820 ominibus
1473 787 1671 834 quoque
1716 773 1805 819 tri-

109 845 344 895 stioribus
384 842 603 912 onerari)
641 845 808 894 fundis
846 845 1076 894 lacrimas
1124 848 1175 894 et
1222 845 1439 910 lugentis
1487 845 1649 910 specie
1694 862 1804 909 pro-

109 922 329 983 sequeris
358 923 724 984 pugnaturum3
762 935 861 968 non
886 921 1189 968 conveniunt
1211 921 1312 969 ista
1342 922 1542 969 nostrae
1564 935 1805 983 personae

109 995 189 1042 vel
219 995 455 1058 tempori,
494 996 629 1043 laeta
661 994 841 1043 debent
871 1009 1124 1042 occurrere
1157 995 1314 1043 oculis
1346 995 1492 1056 meis,
1530 997 1588 1042 ut
1616 995 1805 1043 laetum

108 1068 268 1130 possis
307 1068 475 1117 videre
512 1068 811 1117 redeuntem.
865 1069 1080 1116 multum
1110 1070 1345 1130 premunt
1373 1069 1618 1117 humanos
1650 1070 1806 1129 actus,

109 1142 152 1191 si
191 1142 316 1191 dura
361 1145 484 1205 sint,
533 1144 722 1204 omina,
767 1143 985 1190 multum
1031 1158 1148 1191 vero
1203 1142 1489 1204 sublevant,
1537 1145 1580 1191 si
1619 1142 1806 1191 fuerint

107 1217 255 1265 laeta.
332 1231 484 1278 neque
533 1219 660 1266 enim
711 1218 879 1264 Turno
927 1231 1067 1265 mora
1114 1217 1267 1265 libera
1318 1218 1511 1264 mortis:
1567 1218 1638 1265 sic
1690 1218 1805 1265 ante

108 1293 342 1340 eventum
379 1307 579 1355 pugnae
617 1291 845 1340 lacrimas
876 1290 1068 1352 fundis,
1109 1291 1254 1354 quasi
1291 1292 1358 1339 sit
1392 1291 1550 1339 libera
1582 1292 1805 1354 potestas

109 1365 345 1415 adversis.
405 1381 506 1414 non
537 1367 633 1427 est,
671 1367 852 1426 mater,
883 1365 1096 1413 liberum
1126 1365 1315 1427 vivere,
1354 1381 1455 1414 non
1486 1367 1563 1413 est
1592 1365 1804 1413 liberum

107 1441 248 1487 mori.
325 1441 529 1488 uwntius
573 1441 711 1497 haec,
762 1440 958 1496 Idmon,
1005 1440 1215 1500 Phryqio
1265 1453 1374 1487 mea
1420 1440 1550 1488 dicta
1595 1443 1804 1501 tyranno

107 1514 227 1562 haut
246 1513 501 1572 placitura
537 1516 690 1574 refer:
727 1516 924 1562 tantum
955 1513 1050 1562 sibi
1082 1514 1366 1577 adrogavit‚
1404 1516 1464 1561 ut
1494 1514 1630 1576 prior
1666 1530 1804 1562 man-

108 1587 251 1636 daret
289 1589 340 1634 et
376 1587 512 1650 prior
550 1590 800 1637 certamen
844 1587 1104 1649 indiceret,
1153 1589 1305 1651 atque
1347 1588 1440 1636 hoc
1485 1587 1653 1650 ipsum
1692 1604 1805 1637 cum

108 1661 342 1725 superbia
381 1678 472 1711 sua
511 1664 562 1711 et
599 1678 713 1711 cum
749 1661 935 1710 iniuria
964 1661 1183 1710 melioris
1217 1661 1382 1710 dicens
1414 1661 1616 1710 Aenean
1647 1661 1804 1725 Phry-

108 1736 270 1799 gium,
311 1737 476 1799 quasi,
518 1738 578 1784 ut
615 1737 844 1799 superius
885 1737 1031 1798 dixit,
1079 1736 1379 1784 desertorem
1416 1735 1590 1798 Asiae,
1638 1735 1803 1784 dicens

107 1811 259 1858 etiam
293 1811 426 1872 quod
455 1827 556 1860 non
587 1814 716 1860 esset
738 1810 934 1859 Aeneae
966 1811 1268 1874 placiturum
1299 1812 1359 1858 ut
1390 1811 1482 1858 soli
1509 1813 1803 1874 pugnarent.

109 1898 217 1931 cum
257 1885 476 1944 primum
522 1887 740 1934 crastiua
786 1885 916 1933 caelo
954 1886 1175 1947 puniceis
1219 1886 1409 1933 invecta
1445 1886 1564 1932 rotis
1601 1882 1804 1933 Aurora

106 1959 314 2020 rubebit,
355 1973 454 2007 uon
487 1959 697 2007 Teucros
738 1962 853 2020 aqat
889 1960 944 2006 in
974 1959 1204 2014 Rutulos,
1247 1959 1487 2006 Teucrum
1519 1973 1662 2007 arma
1700 1960 1803 2018 qui-

109 2035 273 2080 escant
309 2036 353 2080 et
388 2033 583 2090 Rutuli,
630 2036 793 2082 nostro
840 2033 1132 2081 dirimamus
1177 2034 1418 2094 sanquine
1456 2033 1644 2081 bellum.
1720 2033 1803 2080 illo

109 2109 374 2165 quaeratur
397 2108 607 2155 coniunx
623 2108 845 2156 Lavinia
869 2121 1062 2167 campo:
1093 2123 1205 2154 cum
1236 2106 1356 2168 dies,
1379 2106 1561 2169 inquit,
1586 2108 1805 2169 coeperit

109 2180 289 2228 exoriri
328 2182 378 2228 et
416 2181 576 2230 adhuc
613 2181 758 2230 rubet
804 2197 1008 2242 aurora,
1058 2181 1228 2229 veniat
1274 2181 1406 2230 solus
1454 2181 1518 2228 ad
1557 2197 1803 2243 campum,

107 2270 207 2302 non
239 2254 393 2302 ducat
428 2256 482 2302 in
512 2256 727 2304 Rutulos
760 2271 1084 2318 quemquam,
1123 2255 1440 2318 conquiescat
1471 2256 1631 2304 omnis
1672 2271 1803 2303 exer·

110 2330 238 2377 citus
278 2330 427 2391 atque
467 2329 693 2378 omnibus
731 2330 783 2377 in
822 2331 925 2377 otio
956 2329 1240 2378 constitutis
1276 2332 1444 2378 noster
1473 2330 1678 2393 sanguis
1719 2329 1802 2376 ad-

109 2402 237 2450 ferat
275 2403 465 2451 cunctis
505 2404 855 2452 certaminibus
894 2403 1040 2450 finem
1081 2406 1131 2451 et
1169 2404 1258 2466 qui
1300 2419 1500 2452 uxorem
1539 2403 1803 2451 Laviniam

110 2476 250 2539 cupit
286 2477 375 2525 illo
416 2493 524 2525 eam
561 2479 781 2540 requiret
818 2479 871 2525 in
910 2492 1100 2540 campo.

231 2654 254 2691 1
290 2650 458 2704 paucis
490 2648 621 2692 deest
650 2648 700 2691 in
730 2647 773 2691 V
809 2647 1078 2692 asteriscum
1112 2648 1270 2705 posuit
1302 2648 1435 2692 edFI
1467 2653 1507 2692 et
1533 2650 1699 2704 paucis
1730 2648 1800 2692 ed.

110 2709 230 2763 post.
363 2712 390 2751 4
432 2721 540 2751 neve
574 2706 615 2750 V
658 2721 714 2751 rie
755 2721 823 2751 me
865 2707 936 2751 ed.
1066 2712 1092 2751 5
1135 2709 1349 2753 manibus
1386 2707 1428 2750 V
1467 2707 1538 2751 ed.
1578 2708 1804 2751 ominibus

112 2766 292 2811 emend.
337 2767 407 2810 ed.
451 2767 570 2821 post.
709 2771 732 2809 7
779 2772 964 2823 yenetwr
1001 2766 1044 2810 V
1088 2769 1261 2824 qeritur
1307 2767 1378 2811 ed.
1439 2769 1442 2824 Ι
1508 2767 1716 2811 omuibus
1764 2765 1800 2806 V

112 2827 338 2870 ominibus
390 2825 506 2870 edF.
653 2829 707 2869 12
754 2827 909 2870 omnia
946 2825 988 2868 V
1034 2828 1189 2871 omina
1239 2826 1311 2870 ed.
1449 2830 1510 2869 -17
1565 2826 1703 2880 refert
1748 2823 1801 2867 V.

47 2908 50 2910 -
114 2888 168 2927 19
212 2886 403 2930 Aenean
449 2898 535 2928 om.
578 2883 649 2928 cd.
794 2888 850 2928 20
894 2886 1003 2940 quia
1043 2887 1085 2929 si
1124 2891 1175 2929 ut
1213 2884 1255 2927 V
1298 2885 1431 2941 quasi
1471 2889 1522 2928 ut
1565 2898 1647 2927 nos
1694 2885 1804 2939 quia

112 2944 177 2987 sic
219 2943 290 2988 ed.
419 2948 476 2988 26
518 2944 692 2987 rubebit
735 2943 806 2987 ed.
936 2948 992 2988 28
1034 2945 1168 2989 initio
1204 2943 1244 2986 V
1277 2943 1347 2988 ed.
1391 2945 1443 2987 iu
1485 2945 1575 2989 otio
1617 2957 1700 2986 nos
1745 2943 1801 2986 cf.

112 3017 152 3046 v.
181 3007 278 3045 111.
402 3007 457 3046 30
488 3003 692 3058 requirat
722 3002 792 3047 ed.

202 3093 298 3124 Don.
314 3092 471 3131 interpr.
484 3093 597 3133 Verg.
621 3092 696 3125 vol.
713 3093 764 3125 11.
1481 3096 1536 3135 36

1839 1450 1893 1489 ’75

1836 2042 1892 2083 80
