2050 3226
217 137 322 191 152
687 136 920 181 DONATI
949 136 1230 181 INTERPR.
1254 106 1459 181 VERGJ

211 275 372 338 igitur
407 275 743 324 inefficacibus
781 275 992 325 fiammis
1024 276 1211 324 frustra
1242 275 1578 339 contenderet,
1615 277 1746 326 hunc
1776 277 1899 326 Her-

213 349 345 398 cules
375 349 429 412 in
466 350 652 398 nodum
691 350 957 413 conplexus
997 350 1206 398 extinxit
1242 351 1425 412 pressis
1464 350 1612 399 simul
1657 351 1810 400 oculis
1850 353 1901 400 et

211 425 432 488 gutture.
506 439 745 488 magnum
782 424 879 473 viri
917 424 1060 473 fortis
1098 424 1376 486 ingenium!
1431 426 1669 487 quoniam
1705 425 1900 474 viderat

212 514 324 546 eum
381 498 519 546 fumo
575 500 624 546 et
676 498 888 546 flammis
941 497 1112 560 fidere,
1157 499 1416 547 inventum
1468 499 1519 546 in
1573 499 1790 548 tenebris
1842 515 1900 548 ea

209 574 352 635 parte
392 571 609 635 corporis
648 573 830 634 pressit
861 588 960 635 qua
991 587 1041 621 se
1073 572 1348 621 crediderat
1375 574 1564 635 tutum,
1596 589 1709 622 cum
1737 575 1901 622 totum
1953 585 1972 619 5

208 646 350 695 iuxta
393 645 657 695 Herculem
701 647 909 694 inritum
957 648 1086 695 esset
1133 647 1266 710 quod
1311 647 1543 696 adversus
1590 648 1716 696 alios
1761 663 1915 710 prae--

208 720 422 768 valebat.
476 721 609 768 hunc
640 721 860 783 corripit,
891 722 948 768 ut
978 719 1167 769 dictum
1197 722 1286 782 est,
1316 720 1370 768 in
1400 720 1587 770 nodum
1618 721 1899 784 conplexus.

156 845 160 848 ,
208 794 332 842 haec
378 794 562 857 species
608 795 663 842 in
708 795 1042 843 imitationem
1086 795 1223 844 venit
1266 794 1320 842 in
1366 810 1524 859 agone
1571 795 1900 858 certantibus3

208 883 326 916 nam
363 869 647 931 frequenter
685 869 897 917 occurrit
933 884 1050 931 pars
1087 868 1187 917 ista
1227 869 1532 930 certaminiS,
1577 871 1636 917 ut
1674 872 1900 933 exempto

207 941 410 990 brachio
461 943 699 991 cervicem
744 958 857 990 cum
895 943 1057 1004 capite
1097 943 1224 991 alter
1262 944 1409 992 alteri
1446 944 1814 1006 conprehendat
1851 946 1902 992 et
1931 957 1974 990 ιο

209 1019 494 1065 occurrente
542 1017 643 1065 alia
688 1033 838 1064 manu
885 1017 1147 1081 conligatis
1198 1015 1370 1081 digitis
1419 1017 1587 1065 fauces
1634 1019 1901 1081 gulamque

209 1091 485 1140 concludat.
562 1091 654 1139 hoc
691 1090 849 1155 igitur
885 1091 1123 1139 Hercules
1162 1091 1301 1153 fecit,
1340 1091 1400 1138 ut
1436 1091 1695 1139 fumiferas
1733 1092 1899 1140 fauces

208 1169 259 1213 et
305 1165 417 1227 ipsa
468 1164 648 1227 quibus
698 1165 883 1213 fidebat
930 1165 1160 1213 incendia
1208 1165 1524 1214 brachiorum
1561 1165 1748 1214 virtute
1792 1181 1900 1228 pre-

206 1242 384 1301 meret,
425 1255 522 1302 quo
561 1239 693 1288 facto
734 1240 891 1301 oculi,
929 1240 1096 1288 fumus
1135 1241 1186 1287 et
1221 1240 1423 1287 flamma
1462 1255 1574 1287 cum
1609 1239 1722 1302 ipsa
1753 1239 1902 1287 simul

210 1312 327 1361 Caci
373 1313 540 1361 anima
583 1313 878 1362 defecerunt.
954 1314 1198 1374 panditur
1236 1314 1464 1374 extemplo
1501 1314 1692 1373 foribus
1730 1314 1902 1362 domus
1931 1325 1973 1360 15

208 1390 319 1436 atra
370 1388 602 1435 revulsis:
655 1388 899 1450 extemplo
955 1403 1067 1436 cum
1122 1387 1264 1449 dicit,
1319 1388 1545 1436 celeriter
1596 1388 1902 1451 patefactam

207 1460 457 1525 significat
486 1461 675 1510 foribus
707 1461 930 1523 revulsis,
962 1462 1220 1511 avulsione
1253 1461 1406 1510 etiam
1436 1461 1556 1521 saxi,
1582 1461 1716 1524 quod
1738 1463 1900 1524 ruptis

207 1535 395 1584 catenis
419 1551 654 1598 praeceps
678 1537 845 1584 fuerat
868 1536 1054 1585 datum.
1096 1552 1195 1599 quo
1219 1537 1352 1584 facto
1378 1535 1536 1585 omnis
1553 1536 1644 1584 illa
1660 1536 1900 1584 scelerum

205 1609 374 1672 patuit
412 1610 584 1658 domus
625 1611 774 1673 atque
811 1610 899 1672 ita,
937 1612 995 1658 ut
1034 1610 1260 1658 omnibus
1299 1610 1428 1658 exim
1465 1625 1665 1659 securus
1697 1610 1900 1658 daretur

207 1699 430 1732 accessus
470 1687 520 1732 et
555 1684 863 1733 invenientes
903 1687 1159 1733 cernerent
1205 1684 1338 1748 quod
1381 1683 1692 1748 incognitum
1737 1684 1900 1733 fuerat
1931 1697 1974 1729 20

204 1758 465 1807 universis.
542 1759 903 1818 abstractaeque
953 1761 1092 1807 boves
1137 1760 1485 1818 abiurataeque
1521 1759 1731 1817 rapinae
1769 1759 1899 1806 caelo

206 1833 547 1880 ostenduntur:
578 1832 853 1881 abstractas
884 1834 1108 1881 mortuas
1137 1833 1216 1881 vel
1247 1833 1432 1881 occisas
1457 1831 1719 1895 significat.
1760 1831 1898 1880 abiu-

205 1907 343 1954 ratae
380 1905 587 1968 rapinae
628 1909 718 1954 aut
754 1907 806 1953 in
844 1907 966 1969 ipsis
1004 1906 1165 1955 bubus
1204 1907 1402 1954 fuerant
1441 1909 1532 1954 aut
1559 1907 1612 1953 in
1643 1906 1897 1969 speciebus

206 1979 333 2028 aliis.
411 1980 545 2028 caelo
597 1981 944 2029 ostenduntur:
996 1983 1085 2029 aut
1132 1982 1184 2028 in
1233 1981 1393 2028 lucem
1440 1981 1761 2042 proferuntur
1811 1982 1899 2028 aut

205 2053 446 2103 sideribus
486 2070 598 2102 cum
634 2054 825 2103 invidia
864 2055 1209 2116 offerebantur,
1249 2054 1383 2118 quod
1413 2054 1576 2103 inulta
1607 2054 1899 2103 dimiserant
1929 2068 1971 2102 25

207 2144 332 2191 quae
355 2128 550 2176 inlicita
574 2129 885 2177 commiserat
911 2128 1079 2178 Cacus.
1126 2129 1428 2189 pedibusque
1450 2129 1658 2188 informe
1689 2128 1898 2176 cadaver

102 2205 187 2245 265
196 2203 527 2262 protrahitur
575 2203 654 2250 vel
706 2204 824 2264 quia
872 2203 964 2251 hoc
1013 2204 1226 2265 meruit,
1274 2203 1588 2263 trahebatur,
1643 2202 1723 2250 vel
1778 2203 1897 2264 quia

204 2279 407 2340 propter
443 2276 774 2324 membrorum
813 2278 1210 2340 magnitudinem
1248 2277 1367 2325 ferri
1404 2292 1503 2324 non
1542 2277 1721 2338 potuit.
1783 2291 1894 2338 pro-

203 2350 422 2399 trahitur
459 2353 535 2398 est
571 2366 718 2412 porro
757 2352 976 2399 trahitur
1012 2352 1105 2399 hoc
1144 2353 1219 2399 est
1257 2352 1400 2399 extra
1446 2350 1746 2432 speluncam.
1820 2349 1895 2397 in-

204 2425 412 2473 formem
449 2425 638 2487 inquit:
687 2424 739 2471 in
790 2441 889 2473 non
937 2425 999 2473 ad
1048 2425 1368 2474 minuendam
1419 2423 1636 2486 corporis
1683 2424 1895 2472 formam
1926 2438 1971 2470 30

323 2602 350 2640 4
387 2598 565 2651 fumum
604 2600 646 2639 et
681 2597 889 2651 flammas
925 2596 1118 2650 fundere
1155 2595 1226 2640 ed.
1287 2594 1291 2654 Ι
1350 2600 1390 2639 et
1426 2595 1658 2638 inventum
1681 2593 1724 2637 V
1749 2593 1820 2638 ed.
1853 2597 1895 2638 et

205 2655 367 2700 delevi.
490 2659 515 2698 5
547 2669 656 2699 nam
679 2653 721 2697 V
746 2654 817 2699 ed.
850 2669 951 2699 cum
982 2670 1079 2699 nos.
1209 2660 1234 2699 6
1272 2654 1508 2699 interitum
1533 2653 1570 2694 V
1603 2654 1787 2697 irritum
1820 2653 1891 2696 ed.

206 2719 228 2758 7
274 2715 522 2770 corripitur
559 2713 601 2757 V
643 2715 831 2770 corripit
871 2719 923 2758 ut
966 2715 1082 2758 edF.
1212 2718 1239 2758 8
1277 2713 1530 2758 imitatione
1552 2711 1595 2755 V
1626 2725 1740 2755 corr.
1774 2711 1845 2754 ed.
1884 2711 1888 2770 Ι

203 2775 475 2819 certantium
506 2773 576 2817 ed.
700 2776 724 2815 9
758 2778 927 2817 exemto
950 2772 993 2816 V
1017 2774 1088 2817 ed.
1121 2777 1329 2818 extento?
1445 2775 1495 2814 11
1522 2784 1693 2827 pauces
1723 2771 1892 2826 cylam-

204 2847 287 2889 que
324 2832 380 2877 V.
502 2837 557 2876 16
599 2834 881 2888 patefactam
915 2831 957 2875 V
998 2846 1045 2888 p.
1087 2833 1268 2877 domum
1314 2830 1384 2875 ed.
1516 2833 1569 2873 19
1613 2830 1776 2873 exinde
1818 2829 1888 2874 cd.

205 2897 260 2935 20
291 2893 569 2937 invenientes
590 2891 632 2935 V
665 2896 819 2936 euntes
850 2891 920 2935 ed.
1015 2896 1068 2935 23
1101 2897 1154 2936 ut
1175 2893 1227 2936 in
1249 2891 1362 2946 ipsis
1385 2889 1425 2933 V
1451 2889 1520 2932 ed.
1547 2893 1630 2933 aut
1651 2889 1682 2933 i.
1699 2890 1730 2932 i.
1755 2901 1852 2931 nos.
1882 2888 1887 2946 Ι

204 2952 341 2996 bobus
384 2951 454 2995 ed.
578 2956 632 2995 25
673 2951 927 3005 offeruntur
965 2950 1035 2995 ed.
1160 2955 1214 2994 28
1253 2950 1367 3005 ferri
1397 2948 1439 2992 V
1476 2949 1577 3003 fieri
1607 2948 1741 2992 aliter
1773 2947 1888 2991 edF.
