2050 3226
160 1959 216 2000 25

261 180 372 234 294
734 178 967 224 DONATI
997 178 1278 223 INTERPR.
1301 178 1481 224 VERG.

262 318 397 381 quod
444 319 600 367 muris
650 318 858 382 perditis
909 317 1169 367 constabat
1217 319 1461 380 exortum,
1514 319 1572 366 ut
1607 319 1744 368 intra
1779 334 1949 368 muros

258 408 612 456 murorumque
658 408 889 457 aggerem
933 393 1091 441 hostis
1129 391 1316 455 inpune
1362 394 1574 442 certaret
1622 395 1673 441 et
1716 392 1949 452 vinceret,

259 466 312 514 in
349 468 547 516 tantum
584 469 643 515 ut
680 482 937 516 caesorum
975 466 1177 530 sanguis
1216 466 1376 515 fossas
1411 467 1661 529 inplesset.
1729 482 1819 516 nec
1855 483 1949 529 me,

258 539 444 603 inquit,
485 540 749 604 quisquam
787 541 972 604 fingere
1012 539 1205 603 aliquid
1242 541 1407 603 putet,
1445 541 1690 589 malorum
1726 557 1949 590 meorum

258 615 410 664 testes
449 617 566 664 sunt
605 614 738 663 oculi
774 615 854 662 tui
891 615 942 662 et
977 614 1079 662 tuis
1118 613 1461 676 conspectibus
1499 614 1775 663 infortunia
1805 615 1949 664 mise·
2002 626 2023 662 s

256 704 425 737 rorum
475 690 655 738 cuncta
703 689 1059 738 monstrantur.
1147 689 1338 752 geritur
1387 688 1547 738 adhuc
1597 688 1729 752 quod
1777 688 1951 738 infelix

258 779 400 827 gemo
440 765 490 812 et
526 763 742 811 insultat
780 763 867 824 qui
896 761 1178 811 insontibus
1207 762 1382 811 intulit
1409 762 1609 811 bellum.
1664 763 1800 825 quod
1830 762 1951 811 dicit

257 837 451 885 clausos
501 837 655 885 fuisse
706 838 757 885 et
804 835 940 886 victa
990 851 1079 898 per
1126 837 1230 885 vim
1279 852 1405 899 quae
1450 837 1566 886 illos
1605 836 1950 898 defendebant,

257 910 474 959 ostendit
526 910 774 974 adpetitos
827 926 916 958 nec
967 910 1103 972 ipsos
1158 911 1378 972 aliquem
1428 911 1734 973 provocasse.
1811 927 1949 960 mon-

256 985 450 1033 strabat
486 985 655 1033 Venus
704 985 959 1045 universa,
998 999 1098 1031 11011
1137 984 1257 1046 (11113
1294 983 1371 1032 1111
1419 984 1641 1033 subiecta
1663 1001 1777 1033 non
1815 985 1949 1034 vide-
1981 997 2025 1031 10

255 1058 398 1120 bant,
437 1059 523 1107 sed
558 1061 614 1106 ut
646 1059 747 1107 illis
781 1057 1102 1107 consideratis
1134 1058 1338 1107 tandem
1366 1059 1619 1107 miseratio
1650 1060 1949 1107 nasceretur.

253 1133 382 1181 hanc
426 1136 620 1196 partem
677 1132 968 1181 adstruebat
1017 1135 1165 1195 poeta
1212 1148 1324 1180 cum
1377 1133 1563 1181 diceret
1616 1125 1700 1199 (3)
1755 1135 1949 1194 „terras

254 1207 383 1255 unde
434 1207 617 1256 arduus
668 1207 826 1256 omnis
886 1208 1147 1270 castraque
1196 1205 1542 1255 Dardanidum
1593 1209 1819 1269 aspectat
1861 1224 1948 1270 po-

252 1282 498 1344 pulosque
530 1279 787 1342 Latinos“,
817 1282 877 1329 ut
907 1280 1069 1329 facilis
1103 1282 1232 1329 esset
1261 1280 1490 1343 probatio
1506 1280 1708 1343 Veneri,
1739 1281 1950 1330 istorum

253 1355 444 1404 scilicet
496 1371 624 1418 quae
675 1356 805 1403 inter
854 1370 968 1403 suos
1019 1370 1076 1403 ac
1126 1355 1341 1404 Rutulos
1397 1354 1707 1419 gerebantur.
1792 1356 1947 1404 cernis
1979 1364 2023 1399 25

253 1429 318 1478 ad
356 1430 524 1478 omnia
561 1430 779 1492 pertinet
818 1444 943 1491 quae
983 1429 1151 1477 Venus
1192 1444 1494 1491 conquerens
1527 1429 1862 1491 enumerabat,
1892 1431 1950 1478 ut

252 1503 319 1552 sit
368 1503 526 1552 cernis
576 1506 634 1552 ut
681 1503 925 1552 insultent
962 1501 1172 1551 Rutuli?
1240 1502 1397 1551 cernis
1437 1505 1495 1551 ut
1525 1503 1719 1552 Turnus
1758 1503 1950 1552 feratur

251 1594 341 1640 per
388 1577 576 1627 medios
633 1577 841 1642 insignis
892 1576 1068 1639 equis?
1152 1578 1309 1626 cernis
1359 1579 1417 1626 ut
1464 1577 1687 1626 tumidus
1734 1577 1947 1626 secundo

250 1652 410 1700 Marte
463 1651 610 1701 ruat?
686 1653 736 1700 et
789 1652 858 1700 sic
906 1653 1091 1710 cetera,
1145 1650 1328 1713 quibus
1382 1653 1549 1714 potest
1601 1651 1765 1713 aptari
1814 1651 1948 1714 quod

251 1726 401 1774 semel
452 1726 639 1775 dictum
689 1727 766 1774 est
815 1725 988 1774 cernis.
1078 1724 1212 1788 quod
1263 1725 1336 1773 ait
1384 1741 1474 1787 per
1510 1725 1697 1774 medios
1738 1726 1946 1789 insignis
1977 1735 2022 1769 20

250 1800 460 1861 feratur,
509 1800 624 1848 inde
675 1802 783 1848 erat
831 1800 1011 1847 mentis
1063 1799 1286 1847 acerbior
1334 1814 1547 1860 morsus,
1597 1802 1654 1847 ut
1691 1800 1745 1847 in
1783 1799 1945 1848 medio

250 1874 579 1922 Troianorum
627 1875 820 1936 positus
875 1872 1052 1922 salutis
1098 1873 1374 1935 periculum
1411 1889 1511 1921 11011
1549 1873 1768 1932 timeret,
1824 1875 1946 1936 quin

247 1949 415 2010 potius
464 1948 764 2012 gloriaretur
810 1949 860 1995 et
904 1947 1116 2010 insignis
1162 1947 1424 1996 incederet.
1500 1945 1697 1996 Aeneas
1740 1948 1947 2008 ionariis

249 2022 405 2070 abest:
453 2023 595 2083 haec,
638 2023 825 2084 inquit,
880 2020 1047 2069 omnia
1096 2020 1265 2069 Aenea
1318 2023 1561 2085 geruntur
1614 2020 1834 2082 absente,
1888 2024 1947 2070 ut

249 2095 529 2144 ostenderet
587 2097 738 2144 etiam
785 2097 952 2158 ipsum
998 2095 1060 2142 ab
1110 2096 1188 2144 his
1239 2095 1432 2144 actibus
1485 2095 1714 2143 alienum.
1804 2110 1945 2143 oium-
1974 2103 2018 2138 2⁵

248 2184 455 2230 quamne
492 2170 645 2218 levari
682 2170 927 2218 obsidione
965 2170 1128 2217 siries?
1204 2185 1304 2217 non
1343 2169 1545 2218 dabitur
1581 2169 1727 2217 malis
1773 2169 1942 2218 Troia-

247 2259 427 2291 norum
467 2243 578 2291 finis
618 2244 698 2292 vel
735 2243 973 2293 relevatio
1015 2243 1219 2305 aliqua?
1287 2260 1448 2306 neque
1489 2242 1758 2305 aliquando
1798 2246 1944 2291 erunt

248 2317 310 2366 ab
365 2317 705 2366 obsidionibus
760 2316 936 2365 liberi?
1027 2316 1298 2366 obsidionis
1349 2317 1591 2365 Troianae
1642 2318 1763 2365 facit
1812 2333 1940 2366 com·

245 2392 653 2440 memorationem
720 2395 770 2440 et
834 2393 1123 2453 praesentis.
1213 2392 1424 2453 denique
1489 2390 1714 2453 sequitur
1784 2392 1941 2439 mitris

244 2467 419 2513 iterum
433 2466 637 2513 inminet
650 2465 798 2513 hostis
814 2466 1057 2513 nascentis
1075 2466 1252 2514 Troiae
1266 2464 1382 2527 [reec
1396 2479 1495 2513 non
1511 2465 1743 2513 exercitas
1768 2463 1918 2526 alter]
1925 2483 1941 2513 .·
1970 2474 2014 2507 ³⁰

363 2582 391 2620 4
422 2578 574 2634 inquit
603 2590 691 2621 om.
720 2576 792 2620 ed.
898 2580 925 2620 8
956 2577 1060 2620 illos
1084 2575 1168 2620 VR
1200 2576 1289 2620 edI
1319 2578 1436 2621 ictus
1468 2575 1582 2620 edF.
1689 2580 1713 2618 9
1746 2581 1789 2620 et
1817 2577 1940 2631 ipsos

244 2635 328 2679 VR
365 2650 447 2680 nee
484 2637 606 2692 ipsos
644 2649 726 2679 nos
766 2635 919 2679 locum
955 2637 1130 2679 temere
1161 2637 1273 2679 mut.
1301 2635 1371 2680 ed.
1507 2638 1562 2678 10
1592 2635 1793 2679 subiecta
1824 2635 1876 2678 R.
1929 2635 1933 2693 Ι

243 2696 458 2739 videbant
479 2694 564 2738 VR
594 2695 795 2739 viderent
826 2694 896 2738 ed.
999 2699 1052 2738 13
1080 2695 1368 2751 populusque
1399 2694 1567 2738 latinos
1589 2693 1685 2738 VR.
1789 2698 1842 2737 14
1866 2708 1938 2738 ve-

243 2756 366 2798 neris
389 2768 542 2799 eorum
558 2753 644 2797 VR
677 2754 837 2798 Veneri
860 2767 1012 2798 eorum
1038 2754 1108 2797 ed.
1203 2757 1258 2797 20
1282 2754 1479 2809 insiyriis
1499 2754 1679 2807 feratur
1703 2752 1783 2795 VR
1814 2754 1938 2808 equis

243 2813 464 2868 interpos.
498 2813 569 2856 ed.
692 2817 742 2856 21
786 2814 947 2856 meritis
988 2813 1194 2857 acerbica
1220 2812 1304 2856 VR
1342 2813 1489 2857 maior
1526 2812 1787 2856 acerbitatis
1819 2811 1875 2855 ed
1886 2812 1934 2855 F.

245 2876 300 2914 23
335 2873 554 2916 incideret
583 2871 681 2916 VR.
803 2876 857 2914 26
897 2873 1013 2915 sinis
1045 2870 1140 2915 VR.
1264 2875 1318 2914 27
1351 2872 1419 2915 vel
1448 2871 1658 2916 relevatio
1689 2870 1730 2913 R
1768 2871 1837 2914 vel
1867 2884 1935 2914 re-

243 2931 407 2975 velatio
442 2930 484 2974 V
526 2945 607 2975 nec
648 2931 776 2975 relev.
815 2930 886 2973 ed.
1032 2935 1087 2974 29
1132 2935 1175 2975 et
1215 2944 1302 2974 om.
1337 2930 1407 2974 ed.
1554 2933 1610 2973 30
1657 2930 1935 2974 ‘nee—alter

245 2989 376 3033 deest
406 2990 455 3033 in
478 2989 584 3044 VR,
618 2990 698 3034 sed
730 2989 1003 3045 explicatur.
