2050 3226
0 0 17 50 ’

780 151 1085 198 ΑΕΝΕΙΒοε
1109 152 1196 197 vn
1371 222 1375 226 Π
1801 156 1835 210 9

138 295 228 343 bat
277 295 448 342 tamen
499 294 554 342 in
606 309 663 342 eo
716 309 902 357 magna
954 294 1246 356 prospectus
1298 293 1487 358 gratia,
1546 294 1679 356 quod
1738 309 1838 342 non

139 384 368 430 caenum,
407 368 495 417 sed
531 369 743 416 harenas
783 366 1069 430 splendidas
1106 367 1340 416 trahebat
1367 367 1422 415 in
1451 383 1603 416 mare.
1667 369 1839 416 variae

140 444 412 502 circumque
440 456 688 503 supraque
717 442 950 490 adsuetae
978 442 1104 502 ripis
1132 442 1350 490 volucres
1381 445 1425 490 et
1452 442 1673 501 fluminis
1704 442 1839 490 alveo

140 517 334 565 aethera
370 517 645 565 mulcebant
681 518 829 564 cantu
867 516 1064 575 lucoque
1100 516 1354 564 volabant:
1405 516 1638 564 hilaritas
1672 516 1839 564 avium

88 607 108 640 5
139 591 438 653 populorum
488 590 734 639 laetitiam
784 589 1112 654 significabat.
1189 591 1260 639 sic
1310 591 1481 638 autem
1529 590 1692 639 laetus
1742 589 1842 637 fuit

139 666 335 713 Aeneae
386 664 702 714 adventantis
750 663 1024 728 ingressuS‚
1074 666 1134 713 ut
1179 664 1385 727 obsequi
1420 663 1709 713 viderentur
1745 664 1840 711 ele·

139 741 308 787 menta
346 742 398 787 et
435 754 550 788 aves
591 754 789 801 quoque
830 739 970 801 ipsae
1009 738 1256 802 gratulari
1292 737 1595 787 viderentur.
1670 739 1842 787 variae

140 813 421 876 circumque
476 829 725 875 supraque
779 813 1016 862 adsuetae
1068 813 1193 875 ripis
1247 813 1472 861 volueres
1523 814 1575 860 et
1621 812 1841 860 fluminis

141 888 283 936 alveo
329 888 532 936 aethera
575 886 860 935 mulcebant
907 888 1082 934 cantu:
1142 887 1271 935 mira
1313 887 1566 936 celeritate
1605 888 1845 949 quattuor

67 979 110 1010 10
139 962 297 1024 partis
329 962 606 1025 descripsit,
631 962 816 1024 quippe
848 962 1033 1009 circum
1064 961 1314 1025 significat
1344 961 1612 1023 dexteram,
1631 961 1844 1021 laevam,

141 1052 171 1084 a
209 1038 351 1100 tergo
391 1038 443 1083 et
480 1037 609 1084 ante.
691 1035 818 1083 item
868 1034 992 1084 duas
1041 1035 1176 1084 infra
1226 1038 1276 1084 et
1325 1051 1497 1098 supra3
1547 1051 1665 1083 nam
1709 1035 1845 1083 infra

140 1110 359 1159 ostendit
398 1110 531 1173 quod
570 1109 644 1158 ait
680 1109 898 1158 fluminis
939 1110 1104 1171 alve0,
1143 1125 1295 1172 supra
1326 1110 1528 1158 aethera
1557 1109 1846 1158 mulcebant

140 1186 291 1233 cantu
327 1185 541 1246 lucoque
579 1184 833 1232 volabant.
908 1185 1092 1241 flectere
1137 1185 1229 1231 iter
1272 1185 1417 1232 sociis
1462 1188 1710 1243 terraeque
1755 1184 1845 1232 ad-

139 1261 320 1307 vertere
348 1273 534 1318 proras
569 1259 780 1318 imperat
817 1262 861 1305 et
898 1258 1052 1306 laetus
1089 1258 1240 1316 fluvio
1278 1259 1489 1306 succedit
1524 1272 1698 1317 opaco:
1758 1273 1846 1306 cur

67 1348 110 1380 15
141 1334 274 1380 enim
321 1332 411 1380 illo
459 1335 682 1394 tempore
730 1348 830 1381 non
875 1332 1153 1380 laetaretur
1199 1333 1287 1395 qui
1332 1333 1602 1381 factionem
1640 1332 1844 1380 Iunonis

140 1406 372 1455 inimicae
423 1406 706 1455 constantia
724 1422 737 1427 ⁴
755 1408 807 1454 et
855 1406 1039 1455 virtute
1090 1405 1405 1469 superasset?
1482 1422 1570 1455 cur
1607 1422 1703 1454 non
1745 1406 1845 1454 lae-

140 1483 334 1530 taretur
378 1480 499 1529 visis
548 1482 628 1530 tot
678 1481 906 1544 auguriis
953 1496 1011 1528 ac
1058 1481 1215 1544 signis
1258 1481 1459 1530 futurae
1498 1480 1845 1543 prosperitatis

142 1553 297 1604 suae?
372 1571 460 1603 cur
496 1571 596 1603 non
634 1555 908 1603 laetaretur
952 1555 1289 1617 periculorum
1338 1555 1491 1604 maris
1543 1555 1679 1603 omni
1729 1571 1847 1603 cura

144 1628 404 1692 deposita?

69 1718 112 1750 πο
259 1703 410 1752 Nunc
462 1717 571 1764 aqe,
631 1705 714 1763 qui
766 1718 922 1764 re9e3,
979 1703 1160 1760 Eram,
1220 1717 1344 1763 quae
1397 1706 1614 1763 tempora
1666 1717 1846 1760 rerum,

143 1778 252 1837 quis
303 1778 452 1826 Latio
515 1779 714 1837 antiquo
774 1778 926 1837 fuerit
983 1780 1161 1834 statim,
1222 1778 1415 1826 advena
1475 1778 1679 1826 classem
1739 1792 1849 1826 cum

135 1853 358 1911 primum
415 1850 655 1899 Ausoniis
717 1852 950 1900 exercitus
1013 1852 1207 1911 appulit
1266 1853 1387 1907 ori-3,
1458 1852 1711 1912 expediam
1778 1850 1851 1913 [et

139 1927 333 1985 primae
399 1927 630 1974 revocabo
695 1926 896 1974 eoeordia
955 1925 1214 1988 puqnaeJ:
1295 1941 1478 1989 magno
1537 1925 1741 1974 consilio
1800 1927 1850 1973 et

146 1999 405 2062 exquisitis
458 2000 830 2048 inventionibus
881 1999 1078 2048 Aeneae
1132 2000 1305 2048 laudes
1360 1999 1673 2062 adcumulat3
1726 2000 1850 2048 facit

71 2087 115 2120 25
146 2074 279 2121 enim
316 2089 504 2122 novum
542 2074 786 2123 adventus
826 2075 931 2122 eius
968 2073 1192 2136 initium,
1230 2089 1416 2123 novum
1454 2074 1710 2122 exordium
1746 2089 1848 2122 car-

146 2147 318 2209 minis,
371 2150 431 2196 ut
482 2163 705 2196 errorum
758 2150 808 2196 et
860 2148 1088 2196 laborum
1142 2150 1246 2197 eius
1302 2149 1404 2196 alia
1453 2164 1568 2210 pars
1620 2147 1851 2197 videatur

148 2237 274 2283 esse,
333 2222 435 2270 alia
496 2224 749 2286 gestorum
809 2222 863 2269 in
918 2222 1085 2270 Italia.
1177 2223 1380 2271 invocat
1438 2222 1596 2286 igitur
1655 2222 1850 2270 Musam

147 2298 412 2358 poetarum
469 2312 627 2356 more,
694 2311 821 2358 quae
882 2296 1133 2345 invocatio
1194 2297 1513 2345 vehementer
1571 2296 1850 2344 necessaria

149 2370 369 2418 continet
423 2372 474 2418 et
525 2370 623 2433 ipsi
677 2369 958 2419 laudationi
1011 2371 1278 2432 profutura
1326 2370 1542 2418 hominis
1592 2371 1750 2418 felicis
1802 2371 1851 2417 et

74 2457 118 2488 so
149 2444 308 2492 fortis.
400 2443 574 2492 debuit
635 2444 820 2507 quippe
881 2444 1150 2507 posteritas
1210 2460 1354 2493 nosse
1418 2445 1615 2506 qualem
1672 2444 1850 2492 Italiae

148 2517 507 2580 rempublicam
552 2518 633 2567 vel
680 2535 829 2581 quem
872 2520 1060 2566 statum
1098 2535 1183 2566 rex
1221 2519 1552 2567 Troianorum
1590 2517 1851 2578 invenerit,

151 2593 238 2653 qui
275 2607 414 2655 reges
453 2608 562 2640 eam
600 2593 681 2640 vel
721 2593 811 2640 sub
852 2608 951 2655 quo
991 2595 1173 2642 eventu
1210 2593 1439 2641 fortunae
1474 2593 1747 2652 tenuerint,
1779 2594 1851 2651 ut,

269 2736 296 2774 5
323 2732 623 2788 popularium
654 2733 725 2776 ed.
850 2738 873 2775 7
907 2734 1002 2791 ipse
1026 2732 1079 2776 V.
1117 2734 1122 2791 Ι
1158 2734 1420 2778 viderentur
1452 2732 1523 2775 bis
1556 2730 1598 2773 V
1630 2732 1701 2775 ed.
1735 2731 1851 2775 alte-

151 2806 254 2834 rum
286 2790 536 2835 delendum
568 2793 697 2847 puto.
822 2796 877 2835 10
908 2794 1140 2849 significat
1169 2791 1210 2835 V
1251 2793 1388 2836 -abat
1425 2791 1494 2835 ed.
1549 2815 1551 2847 ;
1605 2791 1779 2835 laevam
1810 2790 1851 2833 V

153 2855 193 2894 et
224 2851 253 2894 l.
286 2850 357 2894 ed.
450 2854 503 2893 21
539 2863 639 2894 eum
663 2851 870 2906 primum
896 2851 948 2893 V.
1038 2856 1093 2894 22
1127 2857 1237 2896 et—
1252 2856 1308 2893 23
1335 2864 1520 2906 puqrzae
1553 2849 1684 2894 deest
1715 2850 1764 2893 in
1797 2849 1851 2900 V

153 2909 235 2952 sed
267 2909 540 2965 explicatur.
627 2913 684 2952 24
716 2909 871 2953 laudis
894 2909 950 2953 V.
1043 2914 1099 2953 25
1130 2923 1246 2954 novo
1269 2909 1310 2951 V
1334 2911 1442 2953 noti
1469 2908 1541 2952 ed
1565 2922 1731 2953 novum
1754 2923 1850 2952 nos

154 2973 209 3010 26
242 2982 443 3013 errorum
467 2967 509 3011 V
534 2973 576 3012 et
598 2982 681 3013 err.
710 2968 781 3013 ed.
876 2972 931 3011 29
957 2974 998 3012 et
1020 2970 1179 3024 ipsi—
1197 2973 1252 3012 30
1276 2969 1410 3022 fortis
1440 2969 1614 3011 temere
1638 2969 1752 3011 mut.
1780 2967 1850 3011 ed.

1878 1194 1933 1232 35

1882 1861 1938 1900 40
