2050 3226
241 157 345 209 118
708 153 942 199 DONATI
972 153 1252 197 INTERPR.
1277 152 1458 198 VERG.

238 294 480 342 animalia
508 295 643 354 fessa
664 308 759 354 per
790 294 947 341 omnis
987 293 1194 341 alituum
1223 294 1560 353 pecudumque
1594 309 1749 354 =oenus
1786 309 1930 354 sopor

238 368 367 416 altus
396 369 614 424 habebat,
647 382 756 415 cum
778 370 925 427 pater
954 368 1008 414 iri
1043 368 1158 428 ripa
1192 368 1430 428 yelidique
1467 370 1556 416 sub
1597 369 1800 416 aetheris
1840 383 1930 416 axe

164 453 220 493 30
237 441 433 490 Aeneas
471 443 598 490 tristi
635 443 859 490 turbatus
895 444 1092 500 pectora
1123 441 1242 489 bello
1273 442 1535 500 procubuit
1569 457 1822 501 seramque
1853 443 1930 490 de-

237 516 309 564 dit
345 530 438 576 per
481 517 698 564 membra
737 516 962 575 quietem:
1007 515 1135 563 nihil
1174 515 1507 578 cogitantibus
1547 518 1597 565 et
1634 517 1774 564 nulla
1813 532 1953 564 cura.

237 589 467 638 distentis
515 590 688 638 aderat
733 590 891 638 noctis
930 590 1143 651 tempus,
1183 589 1316 652 quod
1347 605 1574 638 somnum
1613 591 1842 639 suaderet
1882 593 1932 638 et
1983 602 2003 636 5

235 664 471 727 requiem,
511 665 597 712 sed
633 663 830 712 Aeneae
869 663 1008 711 aliud
1047 664 1293 727 adsignat,
1331 665 1390 711 ut
1427 664 1599 712 fecerit
1637 665 1770 726 quod
1801 664 1929 713 bono

237 741 288 786 et
325 739 497 786 fecerit
535 737 668 800 quod
707 738 921 787 sollicito
962 737 1280 801 congruebat.
1368 754 1495 799 cum,
1532 739 1713 800 inquit,
1753 740 1932 787 cuncta

152 827 158 831 ⁴
237 812 475 860 animalia
533 827 733 860 somnus
790 811 1046 860 habuisset
1099 827 1157 859 ac
1209 812 1356 874 pleno
1404 814 1505 860 otio
1550 806 1930 874 requiescerent,

238 887 370 935 solus
409 885 603 934 Aeneas
652 902 740 949 per
786 887 1100 948 aliquantam
1137 888 1332 948 partem
1369 889 1528 934 noctis
1567 886 1780 951 pervigil
1817 887 1931 948 fuit,

237 961 323 1009 sed
371 960 459 1008 ubi
504 961 628 1009 vicit
671 961 855 1008 natura
893 961 1188 1024 vigilantem
1226 962 1276 1008 et
1311 959 1621 1008 resistentem
1661 963 1930 1024 superavit,
1963 973 2004 1006 10

235 1050 335 1082 non
386 1035 615 1096 quaesita
665 1037 783 1082 sunt
829 1036 960 1082 tecta
1008 1050 1098 1082 nec
1146 1037 1442 1096 procuratus
1493 1036 1569 1083 est
1618 1034 1682 1082 ad
1728 1034 1930 1083 delicias

235 1112 372 1157 torus
405 1125 563 1171 neque
596 1125 737 1157 omne
771 1123 948 1171 corpus
978 1108 1218 1156 traditum
1242 1124 1431 1170 somno,
1456 1108 1545 1156 sub
1569 1108 1702 1157 nudo
1735 1110 1931 1157 aethere

237 1185 387 1246 atque
417 1184 471 1230 in
501 1181 718 1231 fluminis
749 1184 883 1245 ripa,
911 1183 1003 1231 hoc
1043 1185 1119 1231 est
1147 1183 1234 1230 ubi
1265 1199 1355 1245 pro
1386 1183 1580 1230 ratione
1611 1182 1850 1245 temporis
1882 1185 1932 1231 et

235 1257 332 1305 loci
384 1257 544 1320 frigus
592 1258 850 1319 supererat
899 1260 947 1305 et
996 1259 1198 1319 pruina,
1248 1257 1511 1319 procubuit
1559 1258 1727 1319 potius
1779 1274 1931 1319 quam

236 1347 379 1379 omne
419 1346 597 1393 corpus
630 1330 789 1392 quieti
829 1331 1089 1391 concessit,
1130 1347 1293 1379 serum
1333 1331 1531 1394 capiens
1572 1346 1800 1379 somnum
1838 1332 1931 1379 hoc
1961 1341 2003 1375 1⁶

235 1407 311 1453 est
348 1405 564 1466 tardum,
605 1405 741 1467 quod
778 1405 953 1467 procul
993 1405 1141 1453 dubio
1182 1405 1375 1453 faciunt
1413 1420 1536 1467 quos
1578 1405 1819 1454 sollicitat
1857 1421 1931 1453 sa-

233 1479 356 1528 lutis
395 1495 515 1527 cura
546 1495 635 1527 nec
666 1479 842 1527 volunt
875 1495 905 1527 a
935 1479 1095 1541 primo
1127 1494 1329 1541 vespere
1359 1479 1412 1526 in
1442 1479 1603 1527 lucem
1632 1495 1790 1541 usque
1821 1479 1932 1527 dor-

233 1555 371 1601 mire.
436 1554 548 1600 huic
578 1553 696 1600 deus
726 1553 830 1613 ipse
861 1553 950 1600 loci
987 1554 1136 1611 fluvio
1170 1554 1430 1600 Tiberinus
1461 1567 1659 1601 amoeno
1692 1554 1932 1614 populeas

237 1629 360 1675 iuter
397 1628 559 1676 senior
596 1642 647 1675 se
686 1628 897 1675 attollere
933 1627 1133 1686 frondes
1170 1628 1331 1674 visus:
1380 1642 1488 1675 ecce
1535 1627 1749 1676 felicitas
1798 1629 1929 1691 cogi-

235 1702 414 1762 tantis,
467 1700 650 1749 dormit
700 1701 888 1748 auxilia
937 1700 1105 1763 potius
1152 1718 1302 1763 quam
1350 1701 1550 1749 delicias
1593 1703 1929 1764 quaesiturus;
1961 1712 2004 1744 2⁰

235 1792 351 1824 nam
385 1775 503 1823 deus
535 1777 641 1837 ipse
672 1775 889 1823 fluminis
922 1776 1196 1837 praesentis
1229 1775 1364 1824 visus
1397 1778 1472 1823 est
1512 1775 1791 1837 dormienti,
1830 1792 1930 1824 non

237 1850 459 1898 occultus
501 1851 589 1897 aut
627 1848 807 1897 dubius
847 1865 937 1897 nec
978 1849 1125 1896 aliter
1164 1865 1317 1911 quam
1355 1849 1453 1896 fuit
1499 1864 1767 1911 apparens3
1813 1866 1930 1898 nam

235 1927 344 1986 ipso
386 1924 526 1972 alveo
565 1923 783 1971 fluminis
823 1924 954 1971 inter
990 1924 1231 1986 populeas
1270 1924 1468 1971 frondes
1517 1925 1567 1971 et
1614 1939 1774 1986 aquae
1822 1940 1928 1972 cur-

234 1997 388 2046 rentis
420 1998 618 2059 lapsum
650 2000 929 2045 emerserat.
984 2012 1092 2045 eum
1123 1997 1280 2044 tenuis
1308 1999 1480 2058 ylauco
1519 1998 1714 2045 velabat
1751 1999 1930 2046 amictu

237 2073 473 2120 carbasus
505 2075 547 2119 et
578 2073 728 2119 crinis
757 2073 989 2119 umbrosa
1019 2073 1201 2132 teyebat
1229 2072 1479 2119 harundo:
1517 2087 1575 2119 ex
1605 2072 1715 2133 ipso
1754 2071 1928 2119 habitu
1959 2079 2002 2113 25

234 2145 619 2209 intellegebatur
665 2145 776 2207 quis
828 2148 976 2206 esset,
1015 2145 1212 2193 etiamsi
1251 2161 1361 2193 eum
1399 2145 1607 2194 vidisset
1643 2146 1927 2208 inprudens.

235 2219 414 2269 habuit
451 2220 644 2268 Aeneas
695 2220 830 2267 ultra
881 2236 1031 2281 quam
1082 2220 1315 2282 sperabat
1362 2221 1636 2268 maximum
1681 2221 1928 2280 meritum,

163 2301 219 2342 35
237 2310 383 2356 quem
421 2293 625 2342 levabat
655 2309 869 2354 somnus,
900 2293 1101 2342 levabat
1132 2297 1182 2342 et
1212 2293 1471 2342 somnium.
1527 2297 1628 2341 turn
1658 2294 1729 2341 sic
1759 2294 1929 2354 adfari

238 2372 281 2416 et
326 2382 479 2416 curas
516 2368 591 2415 his
638 2368 823 2415 demere
869 2368 1032 2415 dictis:
1078 2368 1298 2416 dubitari
1342 2384 1442 2416 non
1480 2369 1646 2430 potest
1683 2370 1928 2429 quantum

238 2442 382 2490 detur
404 2442 601 2490 Aeneae
634 2441 952 2502 successibus,
983 2444 1041 2489 ut
1073 2442 1324 2490 adfatibus
1358 2441 1437 2488 dei
1467 2443 1743 2504 praesentis
1769 2443 1926 2490 omnis
1959 2448 2002 2480 30

239 2518 344 2565 eius
399 2517 761 2579 cogitationum
810 2519 1147 2565 removeretur
1199 2515 1454 2564 acerbitas.
1545 2516 1706 2564 cultus
1761 2517 1928 2563 autem

358 2678 383 2717 2
429 2673 669 2717 habebater
713 2685 797 2727 pro
843 2672 1034 2715 habebat
1078 2685 1179 2715 cum
1223 2676 1355 2726 pater
1399 2670 1454 2714 V.
1515 2671 1518 2728 Ι
1576 2671 1808 2727 yelidoque
1855 2670 1925 2714 ed.

240 2738 264 2776 6
296 2734 424 2776 homo
447 2731 491 2775 V
522 2733 634 2776 bono
666 2745 779 2775 corr.
813 2730 930 2775 edF.
1032 2736 1085 2773 12
1118 2731 1200 2774 sub
1224 2730 1266 2773 V
1297 2728 1374 2774 sed
1403 2731 1485 2774 sub
1517 2729 1588 2773 ed.
1626 2729 1630 2788 Ι
1666 2731 1847 2773 aethera
1870 2729 1925 2774 V.

242 2797 295 2834 14
322 2793 478 2847 potius
508 2805 644 2847 quam
667 2789 709 2833 V
740 2804 875 2846 super
907 2789 976 2833 ed.
1088 2795 1141 2833 16
1174 2803 1283 2845 quos
1306 2788 1348 2831 V
1377 2790 1415 2832 ii
1445 2803 1483 2844 q.
1518 2788 1588 2831 ed.
1698 2793 1751 2831 17
1783 2789 1928 2832 voluit

239 2850 328 2894 ΗΟ
363 2850 433 2894 ed.
487 2850 490 2905 i
535 2851 688 2906 primo
718 2849 761 2891 V
793 2848 864 2892 ed.
897 2863 926 2892 a
951 2862 1024 2904 pr.
1058 2863 1153 2892 nos.
1289 2853 1342 2892 21
1377 2848 1640 2892 dormieritis
1670 2846 1713 2890 V
1750 2849 1814 2891 -ti
1852 2847 1923 2891 ed.

240 2914 294 2952 23
327 2911 513 2953 virentis
537 2911 692 2965 lapsus
723 2908 794 2953 ed.
887 2912 943 2951 25
976 2921 1163 2952 eavosus
1188 2921 1272 2963 pro
1300 2908 1517 2951 carbasus
1539 2905 1594 2950 V.
1687 2910 1741 2949 27
1774 2919 1925 2962 spera-

242 2969 351 3012 bant
374 2968 416 3011 V
449 2982 561 3012 corr.
596 2967 667 3012 ed.
