2050 3226
235 148 304 200 70
705 145 938 191 DONATI
967 145 1034 190 ΙΝ
1035 145 1248 190 TERPR.
1273 145 1454 190 VERG.

229 285 455 335 flammas
509 287 698 349 posuit,
761 287 879 349 quia
932 302 990 334 ex
1042 285 1182 334 tenui
1234 285 1484 350 lignorum
1539 284 1820 334 substantia
1873 287 1923 333 et

229 360 429 408 flamma
481 360 719 409 torridior
770 361 994 409 nascitur
1043 363 1093 408 et
1142 375 1290 409 sonus
1341 360 1608 408 nonnullus
1662 359 1922 408 emittitur.

230 448 338 495 erqo
387 435 478 482 iter
527 435 593 483 ad
640 448 799 495 reyem
838 435 1032 494 polluta
1072 449 1198 495 pace
1242 434 1484 482 Latinum
1529 434 1700 482 indicit
1742 434 1922 495 primis

227 508 459 555 iuvenum
505 512 548 556 et
591 509 722 556 iubet
771 523 913 557 arma
954 509 1153 568 parari,
1201 508 1353 556 tutari
1396 508 1622 564 Italiam,
1671 507 1922 555 detrudere

226 582 411 640 finibus
439 583 643 630 hostem:
681 582 916 631 adversus
947 581 1183 630 Latinum
1214 584 1403 631 moveri
1431 598 1532 630 non
1563 581 1747 643 debuit,
1775 597 1921 645 quem
1975 595 1995 628 5

228 670 452 704 socerum
490 656 743 719 cupiebat,
788 657 874 705 sed
912 656 1043 704 dicta
1081 648 1156 704 est
1195 671 1345 705 causa
1382 658 1588 720 propter
1626 672 1777 718 quam
1813 655 1922 703 fieri

156 729 160 732 ’
227 732 523 779 conveniret.
585 731 857 793 polluerat,
888 732 1074 793 inquit,
1105 746 1300 793 pacem,
1330 731 1423 779 hoc
1455 732 1531 779 est
1563 733 1752 793 primus
1783 732 1920 792 pacis

224 803 339 852 iura
389 805 678 854 violaverat.
755 804 1018 853 accedebat
1064 806 1164 853 alia
1210 820 1381 867 causa,
1429 807 1547 867 quia
1587 805 1682 852 hoc
1721 804 1920 852 Turnus

225 893 325 925 non
363 893 454 927 sua
491 879 774 940 voluntate,
816 879 902 927 sed
938 878 1140 940 inpulsu
1179 878 1360 927 Furiae
1399 879 1669 942 cogebatur
1706 878 1920 940 efficere3

225 954 410 1014 quippe
459 955 571 1015 ipsa
623 954 817 1001 dixerat
867 946 1022 1019 (432)
1089 969 1211 1014 „rex
1259 955 1366 1015 ipse
1415 952 1650 1014 Latinus,
1700 954 1753 999 ni
1801 953 1920 1000 dare
1953 967 1995 999 10

224 1028 511 1090 coniugium
572 1028 622 1075 et
682 1027 813 1075 dicto
875 1043 1047 1090 parere
1105 1027 1315 1088 fatetur,
1378 1028 1563 1075 sentiat
1615 1029 1665 1075 et
1715 1026 1919 1074 tandem

224 1100 450 1148 Turnum
491 1103 771 1163 experiatur
806 1103 860 1148 in
892 1098 1093 1149 armis“.
1171 1116 1413 1163 exequens
1456 1102 1614 1164 igitur
1650 1103 1788 1148 iussa
1824 1102 1920 1148 iter

225 1174 519 1237 disponebat
565 1175 629 1222 ad
676 1191 845 1239 regem
891 1176 1113 1238 pollutae
1160 1177 1296 1238 pacis
1341 1191 1495 1223 reum.
1573 1174 1708 1237 quod
1753 1175 1919 1236 ipsum

223 1248 378 1296 edixit
424 1249 549 1309 suis,
595 1264 694 1296 non
746 1248 944 1312 quidem
993 1249 1243 1311 omnibus,
1291 1249 1376 1298 sed
1414 1248 1589 1312 primis
1628 1250 1918 1310 iuventutis,

221 1323 315 1371 hoc
362 1326 436 1371 est
483 1323 768 1371 ductoribus
815 1323 1219 1384 multitudinum,
1264 1326 1323 1371 1113
1373 1339 1574 1372 causam
1620 1324 1824 1371 nossent
1869 1325 1919 1369 et
1950 1338 1991 1371 15

223 1396 404 1445 scirent
443 1397 635 1461 agenda
674 1399 724 1445 et
761 1399 964 1459 propter
1003 1413 1127 1459 111105
1161 1399 1324 1446 essent
1354 1399 1454 1445 ista
1484 1397 1680 1445 facturi.
1740 1399 1918 1459 parent

226 1487 383 1532 arma,
422 1488 483 1518 ne
514 1471 741 1520 resistere
773 1471 929 1519 hostis
963 1471 1189 1532 auderet,
1230 1487 1280 1519 se
1310 1473 1478 1519 tamen
1511 1471 1751 1519 confidere
1784 1471 1917 1532 quod

222 1545 445 1593 aemulus
487 1545 590 1593 sine
631 1546 898 1593 certamine
937 1545 1116 1593 finibus
1147 1545 1327 1594 Italiae
1367 1561 1467 1593 non
1505 1547 1674 1607 posset
1706 1544 1914 1592 excludi.

222 1635 466 1668 summam
510 1619 702 1667 interea
748 1619 1070 1667 consiliorum
1115 1620 1167 1666 in
1207 1635 1263 1667 60
1303 1635 1429 1680 esse,
1475 1622 1535 1667 ut
1571 1635 1669 1667 uno
1717 1634 1914 1683 egressu

117 1700 204 1740 470
223 1695 273 1741 et
310 1693 431 1741 Itali
468 1695 809 1756 premerentur
849 1696 898 1741 et
937 1694 1134 1741 Teucri:
1180 1693 1290 1742 ideo
1331 1694 1552 1756 positum
1591 1695 1667 1740 est
1705 1707 1755 1740 se
1793 1695 1914 1740 satis
1947 1708 1990 1740 20

223 1768 474 1823 ambobus,
541 1768 830 1827 Teucrisque
883 1768 1046 1814 venire
1099 1767 1402 1827 Latinisque.
1496 1767 1733 1814 ambobus
1789 1767 1916 1815 dixit

220 1841 411 1902 venire,
452 1857 564 1889 cum
595 1842 867 1888 multorum
898 1841 965 1888 sit
995 1856 1228 1889 numerus
1262 1841 1574 1905 designatus,
1613 1837 1915 1889 Teucrorum

221 1915 411 1963 scilicet
449 1917 499 1963 613
536 1914 852 1975 Latinorum,
894 1917 944 1963 613
981 1915 1180 1963 videtur
1227 1930 1331 1963 esse
1370 1915 1629 1975 vitiosum,
1675 1917 1734 1963 ut
1781 1916 1914 1978 quod

219 1989 491 2037 multorum
537 1989 636 2036 fuit
681 1988 871 2037 duobus
921 1989 1151 2036 videatur
1201 1989 1497 2051 adpositum.
1572 1990 1705 2037 hunc
1749 1989 1912 2038 locum

221 2064 292 2111 sic
331 2078 594 2125 possumus
634 2079 895 2125 exponere,
942 2064 1002 2109 ut
1046 2079 1145 2110 non
1193 2064 1354 2110 solum
1401 2063 1661 2124 ambobus,
1707 2064 1799 2110 hoc
1838 2065 1914 2111 est
1944 2077 1986 2108 25

220 2137 401 2185 Latino
442 2140 491 2185 et
528 2137 746 2197 Aeneae,
785 2137 1087 2199 praedixerit
1125 2153 1228 2185 sese
1259 2139 1525 2185 venturum
1555 2154 1729 2186 verum
1761 2137 1912 2184 etiam

219 2210 414 2258 Latinis
453 2213 503 2258 et
541 2211 756 2259 Teucris.
833 2211 950 2258 haee
987 2212 1071 2258 ubi
1110 2211 1238 2259 dicta
1277 2212 1406 2259 dedit
1445 2212 1671 2270 divosque
1709 2212 1763 2258 iu
1800 2215 1912 2259 vota

219 2286 426 2341 vocavit,
470 2285 684 2332 certatim
722 2298 824 2332 sese
855 2285 1027 2332 Rutuli
1060 2285 1371 2332 exhortantur
1401 2286 1455 2332 iu
1487 2300 1652 2332 arma:
1692 2287 1909 2346 quantus

220 2361 507 2407 cunctorum
542 2374 682 2407 amor
711 2359 861 2406 fuerit
890 2359 1029 2406 iuxta
1046 2359 1283 2419 Turnum,
1316 2361 1534 2420 quantus
1565 2358 1910 2406 universorum

220 2433 385 2492 favor,
434 2434 624 2495 quanta
661 2432 878 2481 iubentis
918 2433 1189 2480 auctoritas
1228 2433 1446 2481 breviter
1491 2432 1720 2481 ostendit.
1795 2447 1910 2479 mox
1941 2445 1984 2476 30

220 2507 352 2554 enim
390 2509 448 2554 ut
485 2507 570 2554 ille
606 2506 855 2568 praedixit
887 2506 1006 2567 quid
1046 2508 1174 2554 esset
1211 2522 1300 2568 pro
1340 2506 1631 2554 necessitate
1671 2506 1906 2567 temporis

220 2581 510 2629 faciundum
550 2582 600 2628 et
638 2580 731 2628 diis
772 2582 890 2628 vota
928 2581 1190 2641 persolvit,
1231 2581 1388 2628 omnis
1422 2580 1651 2628 iuventus
1691 2595 1789 2626 non
1830 2596 1908 2627 ex-

339 2727 364 2763 2
396 2726 654 2766 nasceretur
686 2719 728 2763 V
761 2720 830 2763 ed.
924 2722 1167 2763 nonnullos
1198 2721 1239 2763 V
1270 2723 1429 2778 iuyeus
1459 2721 1530 2764 611.
1569 2721 1572 2778 Ι
1616 2721 1835 2764 emittitur
1868 2720 1907 2762 V

221 2786 395 2824 -eretur
425 2780 495 2824 611.
591 2783 644 2822 13
677 2793 824 2823 arcem
911 2793 1054 2835 reye‘m
1078 2780 1149 2822 ed.
1240 2785 1293 2823 15
1326 2786 1379 2823 ut
1400 2779 1442 2823 V
1473 2780 1552 2836 qui
1582 2779 1653 2823 ed.
1744 2783 1796 2821 17
1829 2780 1909 2822 sed

220 2844 371 2883 tamen
406 2839 624 2894 confidere
655 2838 696 2880 V
727 2851 772 2881 se
803 2843 832 2881 t.
859 2852 892 2882 c.
927 2852 1010 2881 nos
1048 2839 1125 2882 sed
1157 2844 1186 2882 t.
1212 2839 1450 2893 confideret
1480 2839 1550 2882 ed.
1675 2841 1727 2880 19
1767 2839 1820 2881 iu
1858 2851 1907 2881 eo

221 2903 363 2941 esseut
392 2912 484 2942 uuo
507 2897 549 2941 V
580 2900 754 2942 temere
786 2899 898 2940 mut.
925 2897 996 2941 ed.
1102 2901 1157 2940 32
1189 2911 1346 2942 vocare
1376 2899 1520 2942 voluit
1543 2897 1584 2940 V
1615 2902 1766 2941 votare
1796 2910 1835 2941 v.
1862 2896 1906 2938 H

220 2962 323 3001 vota
347 2958 565 3012 persolvit
594 2970 677 3000 nos
708 2961 813 3000 vota
842 2957 949 3011 feeit
981 2955 1069 2999 ΟΠ
1094 2956 1163 2999 611.
