2050 3226
747 159 1052 204 AENEIDOS
1076 160 1184 204 VIII
1711 164 1739 216 1
1748 164 1775 216 1
1784 164 1813 216 7

126 302 294 351 citudo
345 304 422 350 est
467 301 521 349 in
566 301 759 350 ratione
805 300 1071 361 bellorum,
1123 303 1183 348 ut
1231 299 1575 361 unusquisque
1623 302 1819 349 noverit

126 376 248 439 quid
277 376 444 424 hostes
476 377 645 439 agant,
676 375 796 438 quid
833 375 1119 423 moliantur.
1177 374 1300 422 11360
1337 373 1493 436 igitur
1522 373 1717 421 Aeneas
1749 375 1818 423 sic

124 453 355 511 noverat,
399 452 458 498 ut
503 449 673 498 eadem
721 450 834 512 ipsa
879 465 979 497 non
1025 448 1188 497 solum
1233 447 1453 509 audisse,
1499 448 1585 496 sed
1624 464 1818 497 cernere

124 524 397 585 videretur,
449 524 522 571 ita
576 525 735 572 omnis
791 526 932 572 actus
988 522 1211 571 diversae
1260 522 1419 584 partis
1469 523 1818 586 investigando

16 603 47 664 ᾖν·
74 611 95 645 5
126 599 405 663 collegerat.
482 614 661 662 magno
709 600 879 646 autem
925 597 1081 645 animi
1127 598 1269 645 aestu
1308 598 1359 644 et
1396 597 1677 645 vehementi
1716 596 1818 661 agi-

14 666 25 687 ‘
124 673 331 721 tabatur
361 673 678 721 considerans
715 674 872 721 totius
911 671 1091 720 Italiae
1129 672 1410 719 factionem.
1466 673 1634 719 aestus
1666 671 1821 718 animi

125 763 183 795 ex
229 763 380 796 causa
425 746 770 795 translationis
818 747 938 794 dicti
977 748 1116 806 sunt,
1165 748 1384 794 ceterum
1429 745 1628 808 proprie
1666 746 1819 794 maris

126 822 356 869 dicuntur
391 824 579 882 aestus,
619 836 732 869 cum
766 821 904 868 ultra
939 823 1175 868 naturam
1209 835 1354 868 suam
1385 820 1558 881 aliqua
1589 836 1647 867 ex
1672 835 1821 868 causa

123 896 324 944 tollitur
368 898 458 943 aut
502 896 727 943 inundat.
804 911 894 944 nec
939 895 1171 942 inmerito
1216 894 1372 958 igitur
1408 894 1820 957 prudentissimus

52 983 95 1015 10
125 969 332 1018 diversis
357 969 744 1033 cogitationibus
778 971 828 1017 et
856 968 1215 1018 inaestimabili
1238 985 1357 1017 cura
1387 969 1485 1016 huc
1517 970 1667 1031 atque
1698 969 1821 1016 illuc

0 1038 1 1046 ’
124 1043 328 1106 propria
375 1044 597 1107 cogitata
642 1044 857 1092 tenebat.
944 1043 1144 1091 videbat
1189 1043 1321 1091 enim
1367 1043 1586 1092 adversis
1626 1059 1822 1091 omnem

124 1118 329 1166 Italiam
368 1118 548 1166 studiis
587 1118 909 1180 conspirasse,
940 1119 1147 1166 missum
1186 1133 1385 1180 quoque
1424 1117 1576 1165 etiam
1609 1117 1671 1165 ad
1702 1117 1821 1165 Dio-

125 1192 315 1253 meden,
346 1209 495 1254 quem
517 1209 617 1241 non
641 1193 875 1255 sperabat
906 1192 1094 1240 auxilia
1132 1194 1447 1255 negaturum,
1479 1191 1823 1240 considerabat

127 1282 245 1328 opes
285 1282 421 1327 suas,
454 1283 583 1328 quae
622 1270 795 1315 contra
832 1269 1001 1315 tantos
1041 1282 1099 1314 ac
1136 1266 1255 1314 talis
1296 1269 1428 1315 stare
1467 1282 1567 1313 non
1605 1268 1822 1329 possent,

52 1353 94 1386 15
124 1343 300 1403 utpote
339 1357 466 1403 quae
506 1343 671 1389 essent
708 1341 830 1389 satis
871 1342 1078 1404 exiguae
1110 1343 1159 1388 et
1189 1340 1341 1389 nullis
1375 1340 1676 1388 extrinsecus
1709 1339 1823 1388 sub-

127 1415 264 1463 sidiis
312 1415 483 1463 fultae.
559 1415 680 1463 haec
728 1417 1044 1478 exposuimus
1084 1416 1232 1477 capta
1263 1416 1547 1463 coniectura
1585 1430 1643 1462 ex
1680 1430 1822 1477 prae-

125 1488 361 1551 sentibus,
394 1491 611 1537 ceterum
639 1491 790 1551 poeta
812 1490 976 1538 nullas
1002 1490 1364 1553 cogitationum
1387 1489 1615 1552 specialis
1648 1505 1823 1538 causas

126 1565 324 1626 aperuit
372 1563 714 1612 aestimationi
760 1564 1047 1626 relinquens
1098 1580 1227 1626 quae
1276 1564 1362 1612 ille
1411 1580 1501 1626 pro
1553 1565 1684 1624 loco,
1731 1580 1821 1626 pro

122 1645 358 1700 tempore,
389 1655 479 1701 pro
511 1654 737 1701 persona,
767 1655 858 1700 pro
891 1654 1043 1687 causa
1073 1638 1271 1687 volvere
1303 1653 1470 1686 secum
1499 1638 1606 1700 ipse
1643 1638 1823 1722 potuit.

52 1724 95 1758 20
124 1712 447 1761 nihilominus
489 1714 619 1760 mira
663 1715 768 1761 arte
807 1714 1047 1761 tractavit
1084 1716 1320 1761 naturam
1360 1712 1536 1773 animi,
1569 1714 1679 1796 qui,
1712 1728 1824 1760 cum

127 1787 333 1835 diversis
383 1790 443 1834 ut
491 1803 627 1834 mare
678 1787 896 1849 coeperit
947 1787 1165 1835 aestibus
1217 1787 1424 1851 agitari,
1472 1788 1571 1835 cito
1617 1788 1670 1834 in
1717 1787 1822 1835 alta

125 1862 324 1922 rapitur
362 1863 412 1908 et
450 1862 548 1910 cito
586 1864 862 1909 revocatur.
923 1861 1082 1910 mittit
1120 1861 1549 1924 conparationem,
1583 1863 1642 1909 ut
1671 1877 1820 1910 unus·

127 1935 336 1997 quisque
384 1935 538 1983 animi
581 1935 935 1998 mobilitatem,
993 1951 1146 1998 quam
1190 1937 1430 1984 latentem
1482 1937 1535 1983 in
1587 1937 1822 1984 interiore

126 2009 339 2071 pectoris
387 2025 486 2057 non
530 2011 728 2071 poterat
775 2025 993 2071 cernere,
1039 2010 1298 2073 proposito
1344 2010 1537 2059 videret
1575 2010 1823 2073 exemplo:

52 2094 96 2127 85
127 2084 251 2131 sieut
277 2098 434 2144 aquae
456 2084 714 2131 tremulum
738 2085 891 2132 labris
913 2086 999 2132 ubi
1023 2085 1184 2132 lumen
1208 2085 1346 2133 aenis
1368 2085 1466 2132 sole
1488 2099 1825 2144 repercussum

129 2161 213 2205 aut
243 2158 490 2206 radiantis
520 2158 732 2218 imayine
764 2159 910 2206 lunae
941 2160 1107 2207 omnia
1132 2159 1396 2219 pervolitat
1427 2159 1520 2207 late
1560 2160 1663 2207 loca
1701 2160 1823 2207 iam-

128 2246 217 2290 que
247 2233 337 2280 sub
370 2246 525 2279 auras
556 2233 759 2292 eriyitur
788 2234 1058 2292 summique
1088 2234 1204 2293 ferit
1241 2234 1497 2292 laquearia
1527 2235 1660 2292 tecti‚·
1691 2249 1824 2295 aqua
1841 2243 1896 2282 25

129 2308 259 2353 enim
296 2306 582 2368 patentibus
622 2308 754 2355 vasis
796 2307 997 2355 condita
1035 2309 1085 2355 et
1123 2323 1356 2370 percussa
1396 2308 1516 2356 solis
1554 2309 1634 2355 vel
1673 2308 1822 2354 lunae

127 2379 302 2441 radiis,
342 2382 385 2428 si
422 2380 606 2428 habeat
642 2383 856 2442 motum,
896 2381 1082 2429 emittit
1120 2398 1178 2428 ex
1218 2397 1322 2431 sese
1362 2381 1614 2444 quoddam
1655 2383 1823 2429 lumen

55 2466 98 2498 30
128 2470 311 2517 vagum
351 2457 503 2516 atque
543 2455 818 2503 discurrens
857 2458 906 2503 et
943 2471 1074 2503 nunc
1111 2458 1244 2505 tecta
1281 2457 1394 2518 ipsa
1432 2471 1562 2504 nunc
1608 2457 1822 2518 parietes

130 2527 265 2575 omni
294 2528 547 2577 celeritate
579 2530 838 2591 percurrit,
878 2529 1013 2591 quod
1050 2530 1215 2593 ipsum
1254 2531 1438 2579 idcirco
1477 2532 1695 2593 positum
1735 2531 1823 2590 est,

128 2604 186 2649 ut
214 2603 540 2666 intellegatur
571 2606 759 2665 quanta
790 2603 1071 2652 mobilitate
1105 2604 1298 2654 animus
1323 2605 1519 2652 Aeneae
1551 2621 1639 2667 per
1664 2604 1824 2651 diver-

131 2691 209 2724 sas
260 2676 588 2740 cogitationes
639 2677 870 2725 videatur
919 2679 1206 2728 cucurrisse.
1281 2694 1378 2727 nox
1428 2682 1531 2726 erat
1577 2682 1618 2725 et
1668 2681 1824 2725 terras

250 2807 272 2845 1
307 2805 482 2847 noverit
505 2802 546 2845 V
576 2804 803 2860 intelligat
841 2804 911 2847 ed.
1046 2809 1070 2847 2
1111 2810 1358 2849 mouantur
1388 2804 1427 2847 V
1460 2805 1710 2848 moliantur
1740 2817 1823 2848 nos

129 2861 378 2906 innovatur
402 2862 491 2906 ΗΟ
523 2864 765 2907 innovetur
789 2862 860 2906 ed.
949 2867 974 2906 3
1007 2878 1185 2908 cernere
1209 2863 1251 2906 V
1281 2865 1447 2908 vidisse
1475 2863 1546 2907 ed.
1635 2868 1688 2907 15
1720 2864 1823 2907 nul-

132 2920 189 2963 lis
204 2919 246 2963 V
268 2922 445 2965 nullius
469 2921 539 2965 ed.
628 2926 681 2965 18
714 2923 1024 2967 aestimatione
1041 2923 1082 2966 V
1106 2925 1186 2967 -ni
1210 2923 1280 2967 ed.
1374 2927 1429 2965 25
1463 2923 1745 2967 lumaenenis
1768 2921 1822 2965 V.

134 2982 189 3021 28
220 2981 289 3023 vel
311 2979 354 3022 V
385 2985 468 3024 aut
498 2981 569 3024 ed.
