<?xml version="1.0" encoding="UTF-8"?>
<!DOCTYPE html PUBLIC "-//W3C//DTD XHTML 1.0 Transitional//EN"
    "http://www.w3.org/TR/xhtml1/DTD/xhtml1-transitional.dtd">
<html xmlns="http://www.w3.org/1999/xhtml" xml:lang="en" lang="en">
 <head>
  <title>
</title>
<meta http-equiv="Content-Type" content="text/html;charset=utf-8" />
  <meta name='ocr-system' content='tesseract 3.04.00' />
  <meta name='ocr-capabilities' content='ocr_page ocr_carea ocr_par ocr_line ocrx_word'/>
</head>
<body>
  <div class='ocr_page' id='page_1' title='image "./interpretationes02donauoft_0114.png"; bbox 0 0 2050 3226; ppageno 0'>
   <div class='ocr_carea' id='block_1_1' title="bbox 228 139 1445 194">
    <p class='ocr_par' dir='ltr' id='par_1_1' title="bbox 228 139 1445 194">
     <span class='ocr_line' id='line_1_1' title="bbox 228 139 1445 194; baseline -0.008 1"><span class='ocrx_word' id='word_1_1' title='bbox 228 141 334 194; x_wconf 90' lang='grc'><strong>110</strong></span> <span class='ocrx_word' id='word_1_2' title='bbox 697 139 931 184; x_wconf 87' lang='lat' dir='ltr'>DONATI</span> <span class='ocrx_word' id='word_1_3' title='bbox 959 139 1240 184; x_wconf 84' lang='lat' dir='ltr'><strong>INTERPR.</strong></span> <span class='ocrx_word' id='word_1_4' title='bbox 1265 139 1445 185; x_wconf 81' lang='lat' dir='ltr'><strong>VERG.</strong></span> 
     </span>
    </p>
   </div>
   <div class='ocr_carea' id='block_1_2' title="bbox 157 278 1988 2640">
    <p class='ocr_par' dir='ltr' id='par_1_2' title="bbox 157 278 1988 2640">
     <span class='ocr_line' id='line_1_2' title="bbox 222 278 1916 342; baseline 0.001 -14"><span class='ocrx_word' id='word_1_5' title='bbox 222 280 368 342; x_wconf 89' lang='lat' dir='ltr'><strong>plura</strong></span> <span class='ocrx_word' id='word_1_6' title='bbox 398 279 644 329; x_wconf 90' lang='lat' dir='ltr'><strong>eiusmodi</strong></span> <span class='ocrx_word' id='word_1_7' title='bbox 675 282 725 328; x_wconf 89' lang='lat' dir='ltr'><strong>et</strong></span> <span class='ocrx_word' id='word_1_8' title='bbox 754 281 972 328; x_wconf 86' lang='lat' dir='ltr'><strong>maxima</strong></span> <span class='ocrx_word' id='word_1_9' title='bbox 1003 281 1053 327; x_wconf 89' lang='lat' dir='ltr'><strong>et</strong></span> <span class='ocrx_word' id='word_1_10' title='bbox 1081 278 1311 328; x_wconf 88' lang='lat' dir='ltr'><strong>miranda</strong></span> <span class='ocrx_word' id='word_1_11' title='bbox 1342 280 1651 342; x_wconf 85' lang='lat' dir='ltr'><strong>conplexum.</strong></span> <span class='ocrx_word' id='word_1_12' title='bbox 1710 295 1830 328; x_wconf 91' lang='lat' dir='ltr'><strong>nam</strong></span> <span class='ocrx_word' id='word_1_13' title='bbox 1857 283 1916 329; x_wconf 94' lang='lat' dir='ltr'><strong>ut</strong></span> 
     </span>
     <span class='ocr_line' id='line_1_3' title="bbox 222 352 1913 417; baseline 0.001 -16"><span class='ocrx_word' id='word_1_14' title='bbox 222 353 361 402; x_wconf 85' lang='lat' dir='ltr'><strong>venit</strong></span> <span class='ocrx_word' id='word_1_15' title='bbox 398 352 592 402; x_wconf 82' lang='lat' dir='ltr'>Aeneas</span> <span class='ocrx_word' id='word_1_16' title='bbox 631 353 764 402; x_wconf 91' lang='lat' dir='ltr'><strong>idem</strong></span> <span class='ocrx_word' id='word_1_17' title='bbox 802 353 866 402; x_wconf 89' lang='lat' dir='ltr'><strong>ad</strong></span> <span class='ocrx_word' id='word_1_18' title='bbox 896 354 1122 415; x_wconf 91' lang='lat' dir='ltr'><strong>Italiam,</strong></span> <span class='ocrx_word' id='word_1_19' title='bbox 1163 354 1399 416; x_wconf 83' lang='lat' dir='ltr'><strong>auspiciis</strong></span> <span class='ocrx_word' id='word_1_20' title='bbox 1439 353 1624 403; x_wconf 86' lang='lat' dir='ltr'><strong>divinis</strong></span> <span class='ocrx_word' id='word_1_21' title='bbox 1657 357 1913 417; x_wconf 89' lang='lat' dir='ltr'><strong>susceptus</strong></span> 
     </span>
     <span class='ocr_line' id='line_1_4' title="bbox 222 427 1913 491; baseline 0 -15"><span class='ocrx_word' id='word_1_22' title='bbox 222 431 319 490; x_wconf 91' lang='lat' dir='ltr'><strong>est,</strong></span> <span class='ocrx_word' id='word_1_23' title='bbox 351 427 720 476; x_wconf 75' lang='lat' dir='ltr'><strong>blandientibus</strong></span> <span class='ocrx_word' id='word_1_24' title='bbox 753 427 982 476; x_wconf 92' lang='lat' dir='ltr'><strong>omnibus</strong></span> <span class='ocrx_word' id='word_1_25' title='bbox 1015 428 1291 489; x_wconf 88' lang='lat' dir='ltr'><strong>elementis,</strong></span> <span class='ocrx_word' id='word_1_26' title='bbox 1330 443 1501 475; x_wconf 89' lang='lat' dir='ltr'><strong>sereno</strong></span> <span class='ocrx_word' id='word_1_27' title='bbox 1533 428 1685 489; x_wconf 92' lang='lat' dir='ltr'><strong>caelo,</strong></span> <span class='ocrx_word' id='word_1_28' title='bbox 1715 429 1913 491; x_wconf 92' lang='lat' dir='ltr'><strong>placido</strong></span> 
     </span>
     <span class='ocr_line' id='line_1_5' title="bbox 221 501 1915 564; baseline 0.001 -15"><span class='ocrx_word' id='word_1_29' title='bbox 221 501 370 563; x_wconf 90' lang='lat' dir='ltr'><strong>mari,</strong></span> <span class='ocrx_word' id='word_1_30' title='bbox 409 503 570 551; x_wconf 86' lang='lat' dir='ltr'><strong>ventis</strong></span> <span class='ocrx_word' id='word_1_31' title='bbox 603 502 877 563; x_wconf 72' lang='lat' dir='ltr'><strong>silentibus,</strong></span> <span class='ocrx_word' id='word_1_32' title='bbox 908 502 1018 550; x_wconf 87' lang='grc'>11100</span> <span class='ocrx_word' id='word_1_33' title='bbox 1050 503 1319 563; x_wconf 70' lang='lat' dir='ltr'><strong>crescente,</strong></span> <span class='ocrx_word' id='word_1_34' title='bbox 1358 502 1460 550; x_wconf 90' lang='lat' dir='ltr'><strong>sole</strong></span> <span class='ocrx_word' id='word_1_35' title='bbox 1493 501 1694 564; x_wconf 91' lang='lat' dir='ltr'><strong>mundo,</strong></span> <span class='ocrx_word' id='word_1_36' title='bbox 1733 517 1915 551; x_wconf 90' lang='lat' dir='ltr'><strong>aurora</strong></span> 
     </span>
     <span class='ocr_line' id='line_1_6' title="bbox 220 574 1988 640; baseline 0.002 -17"><span class='ocrx_word' id='word_1_37' title='bbox 220 575 467 640; x_wconf 88' lang='lat' dir='ltr'><strong>fulgente,</strong></span> <span class='ocrx_word' id='word_1_38' title='bbox 506 576 717 624; x_wconf 89' lang='lat' dir='ltr'><strong>secundo</strong></span> <span class='ocrx_word' id='word_1_39' title='bbox 748 576 966 624; x_wconf 90' lang='lat' dir='ltr'><strong>fluminis</strong></span> <span class='ocrx_word' id='word_1_40' title='bbox 998 590 1166 636; x_wconf 86' lang='lat' dir='ltr'><strong>cursu,</strong></span> <span class='ocrx_word' id='word_1_41' title='bbox 1207 576 1359 624; x_wconf 91' lang='lat' dir='ltr'><strong>etiam</strong></span> <span class='ocrx_word' id='word_1_42' title='bbox 1388 574 1510 638; x_wconf 91' lang='lat' dir='ltr'><strong>ipsis</strong></span> <span class='ocrx_word' id='word_1_43' title='bbox 1545 575 1719 625; x_wconf 88' lang='lat' dir='ltr'><strong>avibus</strong></span> <span class='ocrx_word' id='word_1_44' title='bbox 1753 576 1914 638; x_wconf 78' lang='lat' dir='ltr'><strong>laeti8‚</strong></span> <span class='ocrx_word' id='word_1_45' title='bbox 1969 593 1988 626; x_wconf 87' lang='lat'><strong>5</strong></span> 
     </span>
     <span class='ocr_line' id='line_1_7' title="bbox 221 649 1913 713; baseline 0 -15"><span class='ocrx_word' id='word_1_46' title='bbox 221 649 503 698; x_wconf 89' lang='lat' dir='ltr'><strong>nemoribus</strong></span> <span class='ocrx_word' id='word_1_47' title='bbox 537 665 733 713; x_wconf 89' lang='lat' dir='ltr'><strong>quoque</strong></span> <span class='ocrx_word' id='word_1_48' title='bbox 765 651 924 698; x_wconf 89' lang='lat' dir='ltr'><strong>otium</strong></span> <span class='ocrx_word' id='word_1_49' title='bbox 955 649 1372 712; x_wconf 85' lang='lat' dir='ltr'><strong>securitatemque</strong></span> <span class='ocrx_word' id='word_1_50' title='bbox 1405 649 1782 712; x_wconf 80' lang='lat' dir='ltr'><strong>spondentibus,</strong></span> <span class='ocrx_word' id='word_1_51' title='bbox 1815 666 1913 713; x_wconf 91' lang='lat' dir='ltr'><strong>quo</strong></span> 
     </span>
     <span class='ocr_line' id='line_1_8' title="bbox 220 723 1913 787; baseline 0.001 -15"><span class='ocrx_word' id='word_1_52' title='bbox 220 727 444 786; x_wconf 89' lang='lat' dir='ltr'><strong>tempore</strong></span> <span class='ocrx_word' id='word_1_53' title='bbox 484 727 787 773; x_wconf 86' lang='lat' dir='ltr'><strong>emerserunt</strong></span> <span class='ocrx_word' id='word_1_54' title='bbox 825 739 964 787; x_wconf 82' lang='lat' dir='ltr'><strong>apeS,</strong></span> <span class='ocrx_word' id='word_1_55' title='bbox 1003 739 1157 787; x_wconf 90' lang='lat' dir='ltr'><strong>genus</strong></span> <span class='ocrx_word' id='word_1_56' title='bbox 1197 723 1428 772; x_wconf 83' lang='lat' dir='ltr'><strong>animalis</strong></span> <span class='ocrx_word' id='word_1_57' title='bbox 1469 739 1700 787; x_wconf 88' lang='lat' dir='ltr'><strong>asperum</strong></span> <span class='ocrx_word' id='word_1_58' title='bbox 1739 739 1830 787; x_wconf 91' lang='lat' dir='ltr'><strong>pro</strong></span> <span class='ocrx_word' id='word_1_59' title='bbox 1863 740 1913 773; x_wconf 89' lang='lat' dir='ltr'><strong>se</strong></span> 
     </span>
     <span class='ocr_line' id='line_1_9' title="bbox 157 797 1914 862; baseline 0.001 -16"><span class='ocrx_word' id='word_1_60' title='bbox 157 824 162 827; x_wconf 89' lang='lat'>·</span> <span class='ocrx_word' id='word_1_61' title='bbox 219 801 272 846; x_wconf 92' lang='lat' dir='ltr'><strong>et</strong></span> <span class='ocrx_word' id='word_1_62' title='bbox 318 797 554 847; x_wconf 87' lang='lat' dir='ltr'><strong>adversus</strong></span> <span class='ocrx_word' id='word_1_63' title='bbox 602 813 682 846; x_wconf 91' lang='lat' dir='ltr'><strong>eos</strong></span> <span class='ocrx_word' id='word_1_64' title='bbox 731 813 856 860; x_wconf 87' lang='lat' dir='ltr'><strong>quos</strong></span> <span class='ocrx_word' id='word_1_65' title='bbox 904 798 1148 847; x_wconf 89' lang='lat' dir='ltr'><strong>senserint</strong></span> <span class='ocrx_word' id='word_1_66' title='bbox 1184 797 1435 859; x_wconf 82' lang='lat' dir='ltr'><strong>inimicOS,</strong></span> <span class='ocrx_word' id='word_1_67' title='bbox 1481 814 1722 862; x_wconf 86' lang='lat' dir='ltr'><strong>generans</strong></span> <span class='ocrx_word' id='word_1_68' title='bbox 1763 798 1914 847; x_wconf 90' lang='lat' dir='ltr'><strong>mella</strong></span> 
     </span>
     <span class='ocr_line' id='line_1_10' title="bbox 219 871 1912 935; baseline 0 -15"><span class='ocrx_word' id='word_1_69' title='bbox 219 875 271 920; x_wconf 92' lang='lat' dir='ltr'><strong>et</strong></span> <span class='ocrx_word' id='word_1_70' title='bbox 321 871 603 920; x_wconf 84' lang='lat' dir='ltr'><strong>examinum</strong></span> <span class='ocrx_word' id='word_1_71' title='bbox 651 871 899 920; x_wconf 87' lang='lat' dir='ltr'><strong>infinitam</strong></span> <span class='ocrx_word' id='word_1_72' title='bbox 947 872 1150 934; x_wconf 89' lang='lat' dir='ltr'><strong>prolem.</strong></span> <span class='ocrx_word' id='word_1_73' title='bbox 1225 872 1535 920; x_wconf 87' lang='lat' dir='ltr'><strong>flammatum</strong></span> <span class='ocrx_word' id='word_1_74' title='bbox 1584 875 1659 920; x_wconf 89' lang='lat' dir='ltr'><strong>est</strong></span> <span class='ocrx_word' id='word_1_75' title='bbox 1713 888 1912 935; x_wconf 90' lang='lat' dir='ltr'><strong>quoque</strong></span> 
     </span>
     <span class='ocr_line' id='line_1_11' title="bbox 219 945 1988 1008; baseline 0.001 -15"><span class='ocrx_word' id='word_1_76' title='bbox 219 945 460 994; x_wconf 88' lang='lat' dir='ltr'><strong>Laviniae</strong></span> <span class='ocrx_word' id='word_1_77' title='bbox 507 948 679 1008; x_wconf 91' lang='lat' dir='ltr'><strong>caput,</strong></span> <span class='ocrx_word' id='word_1_78' title='bbox 727 946 812 994; x_wconf 89' lang='lat' dir='ltr'><strong>sed</strong></span> <span class='ocrx_word' id='word_1_79' title='bbox 857 946 983 993; x_wconf 91' lang='lat' dir='ltr'><strong>illud</strong></span> <span class='ocrx_word' id='word_1_80' title='bbox 1021 946 1188 994; x_wconf 91' lang='lat' dir='ltr'><strong>lumen</strong></span> <span class='ocrx_word' id='word_1_81' title='bbox 1226 947 1393 1008; x_wconf 89' lang='lat' dir='ltr'><strong>potius</strong></span> <span class='ocrx_word' id='word_1_82' title='bbox 1434 962 1588 1008; x_wconf 91' lang='lat' dir='ltr'><strong>quam</strong></span> <span class='ocrx_word' id='word_1_83' title='bbox 1631 946 1915 994; x_wconf 87' lang='lat' dir='ltr'><strong>incendium</strong></span> <span class='ocrx_word' id='word_1_84' title='bbox 1947 963 1988 995; x_wconf 92' lang='lat'><strong>10</strong></span> 
     </span>
     <span class='ocr_line' id='line_1_12' title="bbox 219 1019 1912 1082; baseline 0.001 -16"><span class='ocrx_word' id='word_1_85' title='bbox 219 1019 338 1081; x_wconf 76' lang='lat' dir='ltr'><strong>fuit3</strong></span> <span class='ocrx_word' id='word_1_86' title='bbox 383 1035 675 1082; x_wconf 91' lang='lat' dir='ltr'><strong>responsum</strong></span> <span class='ocrx_word' id='word_1_87' title='bbox 721 1022 797 1068; x_wconf 90' lang='lat' dir='ltr'><strong>est</strong></span> <span class='ocrx_word' id='word_1_88' title='bbox 841 1019 1043 1069; x_wconf 87' lang='lat' dir='ltr'><strong>vocibus</strong></span> <span class='ocrx_word' id='word_1_89' title='bbox 1090 1021 1264 1069; x_wconf 88' lang='lat' dir='ltr'><strong>vatum</strong></span> <span class='ocrx_word' id='word_1_90' title='bbox 1309 1021 1576 1068; x_wconf 85' lang='lat' dir='ltr'><strong>venturum</strong></span> <span class='ocrx_word' id='word_1_91' title='bbox 1616 1019 1782 1069; x_wconf 85' lang='lat' dir='ltr'><strong>virum</strong></span> <span class='ocrx_word' id='word_1_92' title='bbox 1829 1020 1912 1069; x_wconf 90' lang='lat' dir='ltr'><strong>ad-</strong></span> 
     </span>
     <span class='ocr_line' id='line_1_13' title="bbox 225 1093 1912 1156; baseline 0.001 -16"><span class='ocrx_word' id='word_1_93' title='bbox 225 1093 525 1155; x_wconf 85' lang='lat' dir='ltr'><strong>mirabilem,</strong></span> <span class='ocrx_word' id='word_1_94' title='bbox 557 1093 638 1142; x_wconf 92' lang='lat' dir='ltr'><strong>cui</strong></span> <span class='ocrx_word' id='word_1_95' title='bbox 666 1093 846 1142; x_wconf 87' lang='lat' dir='ltr'><strong>Italiae</strong></span> <span class='ocrx_word' id='word_1_96' title='bbox 875 1094 1029 1142; x_wconf 91' lang='lat' dir='ltr'><strong>totius</strong></span> <span class='ocrx_word' id='word_1_97' title='bbox 1061 1093 1323 1142; x_wconf 87' lang='lat' dir='ltr'><strong>deberetur</strong></span> <span class='ocrx_word' id='word_1_98' title='bbox 1351 1095 1631 1156; x_wconf 90' lang='lat' dir='ltr'><strong>imperium.</strong></span> <span class='ocrx_word' id='word_1_99' title='bbox 1686 1110 1794 1142; x_wconf 92' lang='lat' dir='ltr'><strong>ecce</strong></span> <span class='ocrx_word' id='word_1_100' title='bbox 1828 1094 1912 1142; x_wconf 88' lang='lat' dir='ltr'><strong>ad.-</strong></span> 
     </span>
     <span class='ocr_line' id='line_1_14' title="bbox 218 1167 1911 1229; baseline 0.001 -13"><span class='ocrx_word' id='word_1_101' title='bbox 218 1169 398 1216; x_wconf 84' lang='lat' dir='ltr'><strong>ventus</strong></span> <span class='ocrx_word' id='word_1_102' title='bbox 431 1167 536 1216; x_wconf 91' lang='lat' dir='ltr'><strong>eius</strong></span> <span class='ocrx_word' id='word_1_103' title='bbox 568 1183 668 1216; x_wconf 92' lang='lat' dir='ltr'><strong>non</strong></span> <span class='ocrx_word' id='word_1_104' title='bbox 698 1168 919 1216; x_wconf 82' lang='lat' dir='ltr'><strong>homines</strong></span> <span class='ocrx_word' id='word_1_105' title='bbox 951 1167 1119 1216; x_wconf 90' lang='lat' dir='ltr'><strong>nuntii</strong></span> <span class='ocrx_word' id='word_1_106' title='bbox 1148 1168 1365 1229; x_wconf 90' lang='lat' dir='ltr'><strong>fuerunt,</strong></span> <span class='ocrx_word' id='word_1_107' title='bbox 1397 1168 1483 1217; x_wconf 91' lang='lat' dir='ltr'><strong>sed</strong></span> <span class='ocrx_word' id='word_1_108' title='bbox 1514 1168 1599 1216; x_wconf 91' lang='lat' dir='ltr'><strong>dii.</strong></span> <span class='ocrx_word' id='word_1_109' title='bbox 1658 1169 1911 1217; x_wconf 86' lang='lat' dir='ltr'><strong>consultus</strong></span> 
     </span>
     <span class='ocr_line' id='line_1_15' title="bbox 219 1241 1914 1306; baseline 0.001 -17"><span class='ocrx_word' id='word_1_110' title='bbox 219 1241 422 1290; x_wconf 82' lang='lat' dir='ltr'><strong>Faunus</strong></span> <span class='ocrx_word' id='word_1_111' title='bbox 473 1257 620 1304; x_wconf 91' lang='lat' dir='ltr'><strong>super</strong></span> <span class='ocrx_word' id='word_1_112' title='bbox 669 1242 929 1306; x_wconf 89' lang='lat' dir='ltr'><strong>deligendo</strong></span> <span class='ocrx_word' id='word_1_113' title='bbox 977 1258 1157 1306; x_wconf 89' lang='lat' dir='ltr'><strong>genero</strong></span> <span class='ocrx_word' id='word_1_114' title='bbox 1203 1242 1389 1290; x_wconf 88' lang='lat' dir='ltr'><strong>multos</strong></span> <span class='ocrx_word' id='word_1_115' title='bbox 1435 1243 1674 1304; x_wconf 87' lang='lat' dir='ltr'><strong>petitores</strong></span> <span class='ocrx_word' id='word_1_116' title='bbox 1720 1243 1914 1306; x_wconf 87' lang='lat' dir='ltr'><strong>respuit</strong></span> 
     </span>
     <span class='ocr_line' id='line_1_16' title="bbox 218 1314 1986 1380; baseline 0.001 -17"><span class='ocrx_word' id='word_1_117' title='bbox 218 1316 464 1378; x_wconf 88' lang='lat' dir='ltr'><strong>spondens</strong></span> <span class='ocrx_word' id='word_1_118' title='bbox 490 1318 755 1364; x_wconf 86' lang='lat' dir='ltr'><strong>venturum</strong></span> <span class='ocrx_word' id='word_1_119' title='bbox 786 1316 923 1364; x_wconf 89' lang='lat' dir='ltr'><strong>cuius</strong></span> <span class='ocrx_word' id='word_1_120' title='bbox 955 1331 1126 1365; x_wconf 87' lang='lat' dir='ltr'><strong>revera</strong></span> <span class='ocrx_word' id='word_1_121' title='bbox 1150 1316 1379 1380; x_wconf 90' lang='lat' dir='ltr'><strong>coniugio</strong></span> <span class='ocrx_word' id='word_1_122' title='bbox 1404 1314 1616 1365; x_wconf 85' lang='lat' dir='ltr'><strong>Lavinia</strong></span> <span class='ocrx_word' id='word_1_123' title='bbox 1639 1316 1910 1365; x_wconf 87' lang='lat' dir='ltr'><strong>deberetur.</strong></span> <span class='ocrx_word' id='word_1_124' title='bbox 1945 1331 1986 1365; x_wconf 77' lang='lat'><strong>15</strong></span> 
     </span>
     <span class='ocr_line' id='line_1_17' title="bbox 220 1389 1912 1454; baseline 0.001 -17"><span class='ocrx_word' id='word_1_125' title='bbox 220 1391 438 1438; x_wconf 90' lang='lat' dir='ltr'><strong>occurrit</strong></span> <span class='ocrx_word' id='word_1_126' title='bbox 461 1389 565 1438; x_wconf 91' lang='lat' dir='ltr'><strong>eius</strong></span> <span class='ocrx_word' id='word_1_127' title='bbox 591 1390 831 1438; x_wconf 84' lang='lat' dir='ltr'><strong>felicitate</strong></span> <span class='ocrx_word' id='word_1_128' title='bbox 856 1393 993 1439; x_wconf 91' lang='lat' dir='ltr'><strong>aetas</strong></span> <span class='ocrx_word' id='word_1_129' title='bbox 1018 1392 1068 1438; x_wconf 90' lang='lat' dir='ltr'><strong>et</strong></span> <span class='ocrx_word' id='word_1_130' title='bbox 1092 1390 1279 1439; x_wconf 88' lang='lat' dir='ltr'><strong>orbitas</strong></span> <span class='ocrx_word' id='word_1_131' title='bbox 1302 1391 1458 1454; x_wconf 81' lang='lat' dir='ltr'><strong>regis3</strong></span> <span class='ocrx_word' id='word_1_132' title='bbox 1484 1406 1602 1438; x_wconf 88' lang='lat' dir='ltr'><strong>nam</strong></span> <span class='ocrx_word' id='word_1_133' title='bbox 1624 1389 1837 1439; x_wconf 91' lang='lat' dir='ltr'><strong>Latinus</strong></span> <span class='ocrx_word' id='word_1_134' title='bbox 1862 1392 1912 1438; x_wconf 90' lang='lat' dir='ltr'><strong>et</strong></span> 
     </span>
     <span class='ocr_line' id='line_1_18' title="bbox 218 1463 1908 1527; baseline 0.001 -15"><span class='ocrx_word' id='word_1_135' title='bbox 218 1478 366 1512; x_wconf 88' lang='lat' dir='ltr'><strong>senex</strong></span> <span class='ocrx_word' id='word_1_136' title='bbox 389 1463 489 1511; x_wconf 89' lang='lat' dir='ltr'><strong>fuit</strong></span> <span class='ocrx_word' id='word_1_137' title='bbox 512 1465 559 1511; x_wconf 74' lang='lat' dir='ltr'><strong>et</strong></span> <span class='ocrx_word' id='word_1_138' title='bbox 583 1479 738 1512; x_wconf 91' lang='lat' dir='ltr'><strong>unam</strong></span> <span class='ocrx_word' id='word_1_139' title='bbox 760 1464 917 1512; x_wconf 90' lang='lat' dir='ltr'><strong>filiam</strong></span> <span class='ocrx_word' id='word_1_140' title='bbox 939 1464 1129 1512; x_wconf 88' lang='lat' dir='ltr'><strong>habuit.</strong></span> <span class='ocrx_word' id='word_1_141' title='bbox 1157 1465 1238 1512; x_wconf 88' lang='lat' dir='ltr'><strong>hic</strong></span> <span class='ocrx_word' id='word_1_142' title='bbox 1252 1465 1306 1512; x_wconf 92' lang='lat' dir='ltr'><strong>in</strong></span> <span class='ocrx_word' id='word_1_143' title='bbox 1323 1479 1379 1513; x_wconf 92' lang='lat' dir='ltr'><strong>eo</strong></span> <span class='ocrx_word' id='word_1_144' title='bbox 1403 1464 1685 1527; x_wconf 88' lang='lat' dir='ltr'><strong>praefertur</strong></span> <span class='ocrx_word' id='word_1_145' title='bbox 1699 1464 1908 1525; x_wconf 88' lang='lat' dir='ltr'><strong>Aeneas,</strong></span> 
     </span>
     <span class='ocr_line' id='line_1_19' title="bbox 218 1538 1909 1601; baseline 0.002 -17"><span class='ocrx_word' id='word_1_146' title='bbox 218 1538 355 1600; x_wconf 88' lang='lat' dir='ltr'><strong>quia,</strong></span> <span class='ocrx_word' id='word_1_147' title='bbox 379 1539 477 1587; x_wconf 90' lang='lat' dir='ltr'><strong>nisi</strong></span> <span class='ocrx_word' id='word_1_148' title='bbox 501 1540 744 1600; x_wconf 89' lang='lat' dir='ltr'><strong>oportune</strong></span> <span class='ocrx_word' id='word_1_149' title='bbox 769 1539 999 1599; x_wconf 85' lang='lat' dir='ltr'><strong>venisset,</strong></span> <span class='ocrx_word' id='word_1_150' title='bbox 1024 1538 1181 1587; x_wconf 91' lang='lat' dir='ltr'><strong>omnis</strong></span> <span class='ocrx_word' id='word_1_151' title='bbox 1205 1538 1386 1587; x_wconf 89' lang='lat' dir='ltr'><strong>Italiae</strong></span> <span class='ocrx_word' id='word_1_152' title='bbox 1409 1539 1581 1586; x_wconf 89' lang='lat' dir='ltr'><strong>futura</strong></span> <span class='ocrx_word' id='word_1_153' title='bbox 1604 1540 1909 1601; x_wconf 87' lang='lat' dir='ltr'><strong>prosperitas</strong></span> 
     </span>
     <span class='ocr_line' id='line_1_20' title="bbox 218 1611 1909 1675; baseline 0.001 -16"><span class='ocrx_word' id='word_1_154' title='bbox 218 1613 270 1659; x_wconf 85' lang='lat' dir='ltr'><strong>et</strong></span> <span class='ocrx_word' id='word_1_155' title='bbox 307 1627 385 1660; x_wconf 91' lang='lat' dir='ltr'><strong>res</strong></span> <span class='ocrx_word' id='word_1_156' title='bbox 423 1611 638 1660; x_wconf 87' lang='lat' dir='ltr'><strong>Romani</strong></span> <span class='ocrx_word' id='word_1_157' title='bbox 674 1612 872 1675; x_wconf 87' lang='lat' dir='ltr'><strong>imperii</strong></span> <span class='ocrx_word' id='word_1_158' title='bbox 902 1612 1099 1674; x_wconf 82' lang='lat' dir='ltr'><strong>penitus</strong></span> <span class='ocrx_word' id='word_1_159' title='bbox 1131 1612 1438 1661; x_wconf 90' lang='lat' dir='ltr'><strong>concidisset.</strong></span> <span class='ocrx_word' id='word_1_160' title='bbox 1502 1611 1676 1660; x_wconf 83' lang='lat' dir='ltr'><strong>dehinc</strong></span> <span class='ocrx_word' id='word_1_161' title='bbox 1709 1613 1770 1660; x_wconf 94' lang='lat' dir='ltr'><strong>ab</strong></span> <span class='ocrx_word' id='word_1_162' title='bbox 1801 1613 1909 1675; x_wconf 90' lang='lat' dir='ltr'><strong>ipso</strong></span> 
     </span>
     <span class='ocr_line' id='line_1_21' title="bbox 219 1685 1984 1749; baseline 0.002 -17"><span class='ocrx_word' id='word_1_163' title='bbox 219 1701 335 1748; x_wconf 90' lang='lat' dir='ltr'><strong>rege</strong></span> <span class='ocrx_word' id='word_1_164' title='bbox 367 1685 576 1734; x_wconf 88' lang='lat' dir='ltr'><strong>libenter</strong></span> <span class='ocrx_word' id='word_1_165' title='bbox 607 1689 837 1749; x_wconf 84' lang='lat' dir='ltr'><strong>exceptus</strong></span> <span class='ocrx_word' id='word_1_166' title='bbox 870 1689 946 1734; x_wconf 93' lang='lat' dir='ltr'><strong>est</strong></span> <span class='ocrx_word' id='word_1_167' title='bbox 976 1689 1026 1735; x_wconf 92' lang='lat' dir='ltr'><strong>et</strong></span> <span class='ocrx_word' id='word_1_168' title='bbox 1047 1703 1173 1735; x_wconf 82' lang='lat' dir='ltr'><strong>uxor</strong></span> <span class='ocrx_word' id='word_1_169' title='bbox 1196 1688 1243 1735; x_wconf 92' lang='lat' dir='ltr'><strong>ei</strong></span> <span class='ocrx_word' id='word_1_170' title='bbox 1267 1687 1436 1736; x_wconf 87' lang='lat' dir='ltr'><strong>oblata</strong></span> <span class='ocrx_word' id='word_1_171' title='bbox 1459 1686 1627 1749; x_wconf 90' lang='lat' dir='ltr'><strong>potius</strong></span> <span class='ocrx_word' id='word_1_172' title='bbox 1652 1702 1804 1749; x_wconf 92' lang='lat' dir='ltr'><strong>quam</strong></span> <span class='ocrx_word' id='word_1_173' title='bbox 1826 1703 1908 1748; x_wconf 89' lang='lat' dir='ltr'><strong>pe·</strong></span> <span class='ocrx_word' id='word_1_174' title='bbox 1941 1702 1984 1735; x_wconf 82' lang='lat'><strong>20</strong></span> 
     </span>
     <span class='ocr_line' id='line_1_22' title="bbox 215 1759 1910 1824; baseline 0.002 -18"><span class='ocrx_word' id='word_1_175' title='bbox 215 1759 346 1806; x_wconf 85' lang='lat' dir='ltr'><strong>tenti</strong></span> <span class='ocrx_word' id='word_1_176' title='bbox 376 1775 618 1808; x_wconf 89' lang='lat' dir='ltr'><strong>concessa.</strong></span> <span class='ocrx_word' id='word_1_177' title='bbox 673 1761 926 1823; x_wconf 90' lang='lat' dir='ltr'><strong>praelatus</strong></span> <span class='ocrx_word' id='word_1_178' title='bbox 959 1762 1034 1808; x_wconf 90' lang='lat' dir='ltr'><strong>est</strong></span> <span class='ocrx_word' id='word_1_179' title='bbox 1065 1761 1256 1810; x_wconf 85' lang='lat' dir='ltr'><strong>civibus</strong></span> <span class='ocrx_word' id='word_1_180' title='bbox 1287 1761 1459 1809; x_wconf 90' lang='lat' dir='ltr'><strong>multis</strong></span> <span class='ocrx_word' id='word_1_181' title='bbox 1487 1760 1695 1822; x_wconf 89' lang='lat' dir='ltr'><strong>virtute,</strong></span> <span class='ocrx_word' id='word_1_182' title='bbox 1719 1777 1910 1824; x_wconf 87' lang='lat' dir='ltr'><strong>genere,</strong></span> 
     </span>
     <span class='ocr_line' id='line_1_23' title="bbox 217 1833 1909 1898; baseline 0.001 -18"><span class='ocrx_word' id='word_1_183' title='bbox 217 1833 590 1896; x_wconf 88' lang='lat' dir='ltr'><strong>pulchritudine</strong></span> <span class='ocrx_word' id='word_1_184' title='bbox 616 1834 834 1897; x_wconf 91' lang='lat' dir='ltr'><strong>corporis</strong></span> <span class='ocrx_word' id='word_1_185' title='bbox 865 1835 1163 1898; x_wconf 89' lang='lat' dir='ltr'><strong>fortunaque</strong></span> <span class='ocrx_word' id='word_1_186' title='bbox 1195 1834 1583 1897; x_wconf 87' lang='lat' dir='ltr'><strong>praestantibus.</strong></span> <span class='ocrx_word' id='word_1_187' title='bbox 1628 1834 1776 1883; x_wconf 80' lang='lat' dir='ltr'><strong>huius</strong></span> <span class='ocrx_word' id='word_1_188' title='bbox 1801 1835 1909 1883; x_wconf 86' lang='lat' dir='ltr'><strong>feli-</strong></span> 
     </span>
     <span class='ocr_line' id='line_1_24' title="bbox 217 1907 1910 1958; baseline 0.002 -3"><span class='ocrx_word' id='word_1_189' title='bbox 217 1907 361 1956; x_wconf 91' lang='lat' dir='ltr'><strong>citati</strong></span> <span class='ocrx_word' id='word_1_190' title='bbox 398 1907 627 1956; x_wconf 88' lang='lat' dir='ltr'><strong>invidens</strong></span> <span class='ocrx_word' id='word_1_191' title='bbox 658 1908 783 1957; x_wconf 89' lang='lat' dir='ltr'><strong>Iuno</strong></span> <span class='ocrx_word' id='word_1_192' title='bbox 817 1908 1034 1957; x_wconf 84' lang='lat' dir='ltr'><strong>defectus</strong></span> <span class='ocrx_word' id='word_1_193' title='bbox 1075 1924 1189 1957; x_wconf 89' lang='lat' dir='ltr'><strong>suos</strong></span> <span class='ocrx_word' id='word_1_194' title='bbox 1224 1909 1442 1958; x_wconf 87' lang='lat' dir='ltr'><strong>evidenti</strong></span> <span class='ocrx_word' id='word_1_195' title='bbox 1477 1908 1645 1957; x_wconf 87' lang='lat' dir='ltr'><strong>dolore</strong></span> <span class='ocrx_word' id='word_1_196' title='bbox 1686 1910 1910 1958; x_wconf 82' lang='lat' dir='ltr'><strong>confessa</strong></span> 
     </span>
     <span class='ocr_line' id='line_1_25' title="bbox 219 1981 1908 2045; baseline 0.001 -16"><span class='ocrx_word' id='word_1_197' title='bbox 219 1981 371 2029; x_wconf 87' lang='lat' dir='ltr'><strong>etiam</strong></span> <span class='ocrx_word' id='word_1_198' title='bbox 394 1982 578 2030; x_wconf 88' lang='lat' dir='ltr'><strong>inferos</strong></span> <span class='ocrx_word' id='word_1_199' title='bbox 603 1981 775 2042; x_wconf 86' lang='lat' dir='ltr'><strong>movit,</strong></span> <span class='ocrx_word' id='word_1_200' title='bbox 791 1983 990 2030; x_wconf 87' lang='lat' dir='ltr'><strong>vocavit</strong></span> <span class='ocrx_word' id='word_1_201' title='bbox 1007 1983 1225 2045; x_wconf 86' lang='lat' dir='ltr'><strong>Furiam,</strong></span> <span class='ocrx_word' id='word_1_202' title='bbox 1248 1984 1375 2031; x_wconf 92' lang='lat' dir='ltr'><strong>hanc</strong></span> <span class='ocrx_word' id='word_1_203' title='bbox 1400 1982 1633 2032; x_wconf 85' lang='lat' dir='ltr'><strong>adversus</strong></span> <span class='ocrx_word' id='word_1_204' title='bbox 1658 1983 1908 2031; x_wconf 90' lang='lat' dir='ltr'><strong>hominem</strong></span> 
     </span>
     <span class='ocr_line' id='line_1_26' title="bbox 216 2053 1981 2120; baseline 0.001 -18"><span class='ocrx_word' id='word_1_205' title='bbox 216 2053 422 2103; x_wconf 89' lang='lat' dir='ltr'><strong>deorum</strong></span> <span class='ocrx_word' id='word_1_206' title='bbox 454 2056 709 2104; x_wconf 84' lang='lat' dir='ltr'><strong>voluntate</strong></span> <span class='ocrx_word' id='word_1_207' title='bbox 740 2057 986 2104; x_wconf 91' lang='lat' dir='ltr'><strong>munitum</strong></span> <span class='ocrx_word' id='word_1_208' title='bbox 1023 2056 1188 2105; x_wconf 82' lang='lat' dir='ltr'><strong>iunxit</strong></span> <span class='ocrx_word' id='word_1_209' title='bbox 1217 2057 1442 2119; x_wconf 88' lang='lat' dir='ltr'><strong>partibus</strong></span> <span class='ocrx_word' id='word_1_210' title='bbox 1475 2056 1594 2119; x_wconf 76' lang='lat' dir='ltr'><strong>suis,</strong></span> <span class='ocrx_word' id='word_1_211' title='bbox 1633 2074 1732 2120; x_wconf 90' lang='lat' dir='ltr'><strong>qua</strong></span> <span class='ocrx_word' id='word_1_212' title='bbox 1762 2058 1908 2105; x_wconf 91' lang='lat' dir='ltr'><strong>mini·</strong></span> <span class='ocrx_word' id='word_1_213' title='bbox 1939 2071 1981 2104; x_wconf 81' lang='lat'><strong>25</strong></span> 
     </span>
     <span class='ocr_line' id='line_1_27' title="bbox 221 2128 1905 2194; baseline 0.002 -18"><span class='ocrx_word' id='word_1_214' title='bbox 221 2131 324 2176; x_wconf 89' lang='lat' dir='ltr'><strong>stra</strong></span> <span class='ocrx_word' id='word_1_215' title='bbox 364 2128 634 2192; x_wconf 90' lang='lat' dir='ltr'><strong>adponitur</strong></span> <span class='ocrx_word' id='word_1_216' title='bbox 670 2132 831 2178; x_wconf 91' lang='lat' dir='ltr'><strong>mater</strong></span> <span class='ocrx_word' id='word_1_217' title='bbox 867 2130 978 2192; x_wconf 89' lang='lat' dir='ltr'><strong>ipsa</strong></span> <span class='ocrx_word' id='word_1_218' title='bbox 1016 2147 1105 2193; x_wconf 90' lang='lat' dir='ltr'><strong>per</strong></span> <span class='ocrx_word' id='word_1_219' title='bbox 1142 2131 1390 2192; x_wconf 86' lang='lat' dir='ltr'><strong>fraudem,</strong></span> <span class='ocrx_word' id='word_1_220' title='bbox 1438 2147 1563 2193; x_wconf 90' lang='lat' dir='ltr'><strong>quae</strong></span> <span class='ocrx_word' id='word_1_221' title='bbox 1609 2130 1756 2179; x_wconf 89' lang='lat' dir='ltr'><strong>fidem</strong></span> <span class='ocrx_word' id='word_1_222' title='bbox 1793 2147 1905 2194; x_wconf 90' lang='lat' dir='ltr'><strong>pro-</strong></span> 
     </span>
     <span class='ocr_line' id='line_1_28' title="bbox 215 2202 1907 2266; baseline 0.001 -16"><span class='ocrx_word' id='word_1_223' title='bbox 215 2202 396 2251; x_wconf 88' lang='lat' dir='ltr'><strong>missae</strong></span> <span class='ocrx_word' id='word_1_224' title='bbox 443 2203 716 2252; x_wconf 81' lang='lat' dir='ltr'><strong>adfinitatis</strong></span> <span class='ocrx_word' id='word_1_225' title='bbox 765 2207 1027 2266; x_wconf 87' lang='lat' dir='ltr'><strong>everteret,</strong></span> <span class='ocrx_word' id='word_1_226' title='bbox 1069 2203 1255 2252; x_wconf 89' lang='lat' dir='ltr'><strong>scilicet</strong></span> <span class='ocrx_word' id='word_1_227' title='bbox 1302 2221 1413 2253; x_wconf 91' lang='lat' dir='ltr'><strong>cum</strong></span> <span class='ocrx_word' id='word_1_228' title='bbox 1461 2205 1658 2253; x_wconf 86' lang='lat' dir='ltr'><strong>offerret</strong></span> <span class='ocrx_word' id='word_1_229' title='bbox 1696 2205 1907 2253; x_wconf 90' lang='lat' dir='ltr'><strong>alterum</strong></span> 
     </span>
     <span class='ocr_line' id='line_1_29' title="bbox 218 2277 1907 2341; baseline 0.001 -17"><span class='ocrx_word' id='word_1_230' title='bbox 218 2292 453 2340; x_wconf 87' lang='lat' dir='ltr'><strong>generum</strong></span> <span class='ocrx_word' id='word_1_231' title='bbox 493 2277 718 2339; x_wconf 85' lang='lat' dir='ltr'><strong>divitem,</strong></span> <span class='ocrx_word' id='word_1_232' title='bbox 756 2277 949 2341; x_wconf 91' lang='lat' dir='ltr'><strong>regium</strong></span> <span class='ocrx_word' id='word_1_233' title='bbox 988 2280 1138 2340; x_wconf 92' lang='lat' dir='ltr'><strong>atque</strong></span> <span class='ocrx_word' id='word_1_234' title='bbox 1178 2279 1471 2327; x_wconf 89' lang='lat' dir='ltr'><strong>formosum:</strong></span> <span class='ocrx_word' id='word_1_235' title='bbox 1518 2278 1604 2327; x_wconf 91' lang='lat' dir='ltr'><strong>sed</strong></span> <span class='ocrx_word' id='word_1_236' title='bbox 1648 2279 1770 2327; x_wconf 90' lang='lat' dir='ltr'><strong>haec</strong></span> <span class='ocrx_word' id='word_1_237' title='bbox 1807 2293 1907 2326; x_wconf 92' lang='lat' dir='ltr'><strong>non</strong></span> 
     </span>
     <span class='ocr_line' id='line_1_30' title="bbox 216 2350 1905 2412; baseline 0.001 -13"><span class='ocrx_word' id='word_1_238' title='bbox 216 2352 486 2412; x_wconf 89' lang='lat' dir='ltr'><strong>potuerunt</strong></span> <span class='ocrx_word' id='word_1_239' title='bbox 518 2350 683 2399; x_wconf 85' lang='lat' dir='ltr'><strong>Latini</strong></span> <span class='ocrx_word' id='word_1_240' title='bbox 713 2355 929 2400; x_wconf 91' lang='lat' dir='ltr'><strong>mentem</strong></span> <span class='ocrx_word' id='word_1_241' title='bbox 960 2367 1277 2400; x_wconf 85' lang='lat' dir='ltr'><strong>commovere.</strong></span> <span class='ocrx_word' id='word_1_242' title='bbox 1330 2352 1571 2401; x_wconf 86' lang='lat' dir='ltr'><strong>excitatus</strong></span> <span class='ocrx_word' id='word_1_243' title='bbox 1603 2355 1679 2401; x_wconf 93' lang='lat' dir='ltr'><strong>est</strong></span> <span class='ocrx_word' id='word_1_244' title='bbox 1709 2353 1905 2401; x_wconf 87' lang='lat' dir='ltr'><strong>Turnus</strong></span> 
     </span>
     <span class='ocr_line' id='line_1_31' title="bbox 215 2424 1979 2489; baseline 0 -18"><span class='ocrx_word' id='word_1_245' title='bbox 215 2424 269 2471; x_wconf 84' lang='lat' dir='ltr'><strong>in</strong></span> <span class='ocrx_word' id='word_1_246' title='bbox 314 2424 520 2487; x_wconf 88' lang='lat' dir='ltr'><strong>bellum,</strong></span> <span class='ocrx_word' id='word_1_247' title='bbox 573 2426 722 2473; x_wconf 85' lang='lat' dir='ltr'><strong>exciti</strong></span> <span class='ocrx_word' id='word_1_248' title='bbox 769 2441 907 2489; x_wconf 88' lang='lat' dir='ltr'><strong>reges</strong></span> <span class='ocrx_word' id='word_1_249' title='bbox 956 2425 1226 2487; x_wconf 89' lang='lat' dir='ltr'><strong>innumeri,</strong></span> <span class='ocrx_word' id='word_1_250' title='bbox 1277 2426 1560 2488; x_wconf 83' lang='lat' dir='ltr'><strong>provinciae</strong></span> <span class='ocrx_word' id='word_1_251' title='bbox 1613 2442 1807 2488; x_wconf 87' lang='lat' dir='ltr'><strong>quoque</strong></span> <span class='ocrx_word' id='word_1_252' title='bbox 1857 2428 1907 2474; x_wconf 92' lang='lat' dir='ltr'><strong>et</strong></span> <span class='ocrx_word' id='word_1_253' title='bbox 1936 2440 1979 2471; x_wconf 84' lang='lat'><strong>30</strong></span> 
     </span>
     <span class='ocr_line' id='line_1_32' title="bbox 216 2499 1905 2562; baseline 0.001 -16"><span class='ocrx_word' id='word_1_254' title='bbox 216 2501 410 2562; x_wconf 87' lang='lat' dir='ltr'><strong>gentes,</strong></span> <span class='ocrx_word' id='word_1_255' title='bbox 450 2514 674 2561; x_wconf 89' lang='lat' dir='ltr'><strong>asperae,</strong></span> <span class='ocrx_word' id='word_1_256' title='bbox 714 2499 996 2561; x_wconf 90' lang='lat' dir='ltr'><strong>bellicosae,</strong></span> <span class='ocrx_word' id='word_1_257' title='bbox 1029 2500 1234 2560; x_wconf 87' lang='lat' dir='ltr'><strong>feroces,</strong></span> <span class='ocrx_word' id='word_1_258' title='bbox 1274 2502 1323 2547; x_wconf 93' lang='lat' dir='ltr'><strong>et</strong></span> <span class='ocrx_word' id='word_1_259' title='bbox 1353 2500 1691 2549; x_wconf 89' lang='lat' dir='ltr'><strong>multitudinis</strong></span> <span class='ocrx_word' id='word_1_260' title='bbox 1722 2500 1905 2548; x_wconf 88' lang='lat' dir='ltr'><strong>fiducia</strong></span> 
     </span>
     <span class='ocr_line' id='line_1_33' title="bbox 215 2567 1904 2640; baseline 0.001 -20"><span class='ocrx_word' id='word_1_261' title='bbox 215 2575 400 2634; x_wconf 89' lang='lat' dir='ltr'><strong>truces,</strong></span> <span class='ocrx_word' id='word_1_262' title='bbox 455 2572 670 2621; x_wconf 90' lang='lat' dir='ltr'><strong>adicitur</strong></span> <span class='ocrx_word' id='word_1_263' title='bbox 723 2575 898 2623; x_wconf 88' lang='lat' dir='ltr'><strong>octavo</strong></span> <span class='ocrx_word' id='word_1_264' title='bbox 951 2573 1078 2621; x_wconf 91' lang='lat' dir='ltr'><strong>libro</strong></span> <span class='ocrx_word' id='word_1_265' title='bbox 1126 2567 1208 2640; x_wconf 87' lang='lat'><strong>(9)</strong></span> <span class='ocrx_word' id='word_1_266' title='bbox 1264 2572 1327 2620; x_wconf 88' lang='lat' dir='ltr'><strong>ad</strong></span> <span class='ocrx_word' id='word_1_267' title='bbox 1381 2573 1653 2621; x_wconf 90' lang='lat' dir='ltr'><strong>Diomeden</strong></span> <span class='ocrx_word' id='word_1_268' title='bbox 1707 2589 1904 2638; x_wconf 90' lang='lat' dir='ltr'><strong>quoque</strong></span> 
     </span>
    </p>
   </div>
   <div class='ocr_carea' id='block_1_3' title="bbox 213 2711 1905 3005">
    <p class='ocr_par' dir='ltr' id='par_1_3' title="bbox 213 2711 1905 3005">
     <span class='ocr_line' id='line_1_34' title="bbox 337 2711 1901 2772; baseline -0.001 -14"><span class='ocrx_word' id='word_1_269' title='bbox 337 2720 391 2758; x_wconf 84' lang='lat'><strong>14</strong></span> <span class='ocrx_word' id='word_1_270' title='bbox 415 2715 646 2772; x_wconf 77' lang='lat' dir='ltr'><strong>diliyendo</strong></span> <span class='ocrx_word' id='word_1_271' title='bbox 661 2714 717 2758; x_wconf 91' lang='lat' dir='ltr'><strong>V.</strong></span> <span class='ocrx_word' id='word_1_272' title='bbox 792 2718 846 2757; x_wconf 88' lang='grc'><strong>16</strong></span> <span class='ocrx_word' id='word_1_273' title='bbox 870 2715 1082 2769; x_wconf 79' lang='lat' dir='ltr'><strong>felicitati</strong></span> <span class='ocrx_word' id='word_1_274' title='bbox 1104 2711 1232 2757; x_wconf 91' lang='lat' dir='ltr'><strong>HOU</strong></span> <span class='ocrx_word' id='word_1_275' title='bbox 1249 2713 1321 2757; x_wconf 88' lang='lat' dir='ltr'><strong>ed.</strong></span> <span class='ocrx_word' id='word_1_276' title='bbox 1343 2713 1347 2770; x_wconf 94' lang='grc' dir='ltr'>Ι</span> <span class='ocrx_word' id='word_1_277' title='bbox 1376 2713 1634 2758; x_wconf 76' lang='lat' dir='ltr'><strong>LatinusV</strong></span> <span class='ocrx_word' id='word_1_278' title='bbox 1651 2712 1707 2758; x_wconf 88' lang='lat' dir='ltr'><strong>L.</strong></span> <span class='ocrx_word' id='word_1_279' title='bbox 1725 2727 1807 2758; x_wconf 79' lang='lat' dir='ltr'><strong>rex</strong></span> <span class='ocrx_word' id='word_1_280' title='bbox 1830 2714 1901 2758; x_wconf 91' lang='lat' dir='ltr'><strong>ed.</strong></span> 
     </span>
     <span class='ocr_line' id='line_1_35' title="bbox 219 2771 1905 2831; baseline 0.001 -16"><span class='ocrx_word' id='word_1_281' title='bbox 219 2777 272 2816; x_wconf 89' lang='grc'><strong>19</strong></span> <span class='ocrx_word' id='word_1_282' title='bbox 300 2776 516 2830; x_wconf 78' lang='lat' dir='ltr'><strong>paenitus</strong></span> <span class='ocrx_word' id='word_1_283' title='bbox 542 2773 581 2817; x_wconf 90' lang='lat' dir='ltr'><strong>V</strong></span> <span class='ocrx_word' id='word_1_284' title='bbox 609 2775 819 2830; x_wconf 77' lang='lat' dir='ltr'><strong>protinus</strong></span> <span class='ocrx_word' id='word_1_285' title='bbox 850 2774 922 2818; x_wconf 90' lang='lat' dir='ltr'><strong>ed.</strong></span> <span class='ocrx_word' id='word_1_286' title='bbox 975 2774 978 2831; x_wconf 92' lang='grc' dir='ltr'>Ι</span> <span class='ocrx_word' id='word_1_287' title='bbox 1029 2774 1189 2817; x_wconf 76' lang='lat' dir='ltr'><strong>dehinc</strong></span> <span class='ocrx_word' id='word_1_288' title='bbox 1219 2771 1262 2816; x_wconf 88' lang='lat' dir='ltr'><strong>V</strong></span> <span class='ocrx_word' id='word_1_289' title='bbox 1292 2772 1399 2816; x_wconf 80' lang='lat' dir='ltr'><strong>dein</strong></span> <span class='ocrx_word' id='word_1_290' title='bbox 1430 2772 1501 2816; x_wconf 92' lang='lat' dir='ltr'><strong>ed.</strong></span> <span class='ocrx_word' id='word_1_291' title='bbox 1623 2776 1679 2815; x_wconf 84' lang='lat'><strong>20</strong></span> <span class='ocrx_word' id='word_1_292' title='bbox 1711 2774 1752 2816; x_wconf 84' lang='lat' dir='ltr'><strong>ei</strong></span> <span class='ocrx_word' id='word_1_293' title='bbox 1782 2771 1824 2815; x_wconf 93' lang='lat' dir='ltr'><strong>V</strong></span> <span class='ocrx_word' id='word_1_294' title='bbox 1863 2778 1905 2816; x_wconf 81' lang='lat' dir='ltr'><strong>et</strong></span> 
     </span>
     <span class='ocr_line' id='line_1_36' title="bbox 217 2830 1853 2890; baseline -0.001 -14"><span class='ocrx_word' id='word_1_295' title='bbox 217 2832 287 2877; x_wconf 91' lang='lat' dir='ltr'><strong>ed.</strong></span> <span class='ocrx_word' id='word_1_296' title='bbox 322 2847 409 2877; x_wconf 91' lang='lat' dir='ltr'><strong>om.</strong></span> <span class='ocrx_word' id='word_1_297' title='bbox 443 2833 514 2878; x_wconf 91' lang='lat' dir='ltr'><strong>ed.</strong></span> <span class='ocrx_word' id='word_1_298' title='bbox 547 2835 666 2889; x_wconf 86' lang='lat' dir='ltr'><strong>post.</strong></span> <span class='ocrx_word' id='word_1_299' title='bbox 799 2837 855 2876; x_wconf 78' lang='lat'><strong>24</strong></span> <span class='ocrx_word' id='word_1_300' title='bbox 894 2838 1035 2877; x_wconf 76' lang='lat' dir='ltr'><strong>movet</strong></span> <span class='ocrx_word' id='word_1_301' title='bbox 1065 2831 1107 2874; x_wconf 94' lang='lat' dir='ltr'><strong>V</strong></span> <span class='ocrx_word' id='word_1_302' title='bbox 1142 2832 1213 2876; x_wconf 89' lang='lat' dir='ltr'><strong>ed.</strong></span> <span class='ocrx_word' id='word_1_303' title='bbox 1265 2831 1270 2890; x_wconf 87' lang='grc' dir='ltr'>Ι</span> <span class='ocrx_word' id='word_1_304' title='bbox 1318 2832 1494 2876; x_wconf 77' lang='lat' dir='ltr'><strong>vocavit</strong></span> <span class='ocrx_word' id='word_1_305' title='bbox 1527 2830 1570 2874; x_wconf 94' lang='lat' dir='ltr'><strong>V</strong></span> <span class='ocrx_word' id='word_1_306' title='bbox 1611 2836 1739 2875; x_wconf 78' lang='lat' dir='ltr'><strong>vocat</strong></span> <span class='ocrx_word' id='word_1_307' title='bbox 1781 2831 1853 2874; x_wconf 89' lang='lat' dir='ltr'><strong>ed.</strong></span> 
     </span>
     <span class='ocr_line' id='line_1_37' title="bbox 215 2889 1856 2947; baseline -0.001 -12"><span class='ocrx_word' id='word_1_308' title='bbox 215 2891 504 2936; x_wconf 77' lang='lat' dir='ltr'><strong>hominem—</strong></span> <span class='ocrx_word' id='word_1_309' title='bbox 523 2897 579 2936; x_wconf 80' lang='lat'><strong>25</strong></span> <span class='ocrx_word' id='word_1_310' title='bbox 604 2893 829 2937; x_wconf 75' lang='lat' dir='ltr'><strong>munitum</strong></span> <span class='ocrx_word' id='word_1_311' title='bbox 852 2891 894 2935; x_wconf 94' lang='lat' dir='ltr'><strong>V</strong></span> <span class='ocrx_word' id='word_1_312' title='bbox 926 2891 1132 2947; x_wconf 87' lang='lat' dir='ltr'><strong>corrupit</strong></span> <span class='ocrx_word' id='word_1_313' title='bbox 1163 2891 1233 2935; x_wconf 88' lang='lat' dir='ltr'><strong>ed.</strong></span> <span class='ocrx_word' id='word_1_314' title='bbox 1356 2895 1412 2934; x_wconf 82' lang='lat'><strong>26</strong></span> <span class='ocrx_word' id='word_1_315' title='bbox 1442 2891 1547 2946; x_wconf 76' lang='lat' dir='ltr'><strong>ipsa</strong></span> <span class='ocrx_word' id='word_1_316' title='bbox 1577 2889 1619 2933; x_wconf 95' lang='lat' dir='ltr'><strong>V</strong></span> <span class='ocrx_word' id='word_1_317' title='bbox 1657 2891 1753 2934; x_wconf 80' lang='lat' dir='ltr'><strong>eius</strong></span> <span class='ocrx_word' id='word_1_318' title='bbox 1785 2890 1856 2934; x_wconf 88' lang='lat' dir='ltr'><strong>ed.</strong></span> 
     </span>
     <span class='ocr_line' id='line_1_38' title="bbox 213 2951 586 3005; baseline 0.003 -12"><span class='ocrx_word' id='word_1_319' title='bbox 213 2952 483 3005; x_wconf 76' lang='lat' dir='ltr'><strong>promissam</strong></span> <span class='ocrx_word' id='word_1_320' title='bbox 515 2951 586 2995; x_wconf 86' lang='lat' dir='ltr'><strong>ed.</strong></span> 
     </span>
    </p>
   </div>
   <div class='ocr_carea' id='block_1_4' title="bbox 347 2667 572 2674">
    <p class='ocr_par' dir='ltr' id='par_1_4' title="bbox 347 2667 572 2674">
     <span class='ocr_line' id='line_1_39' title="bbox 347 2667 572 2674; baseline 0 0"><span class='ocrx_word' id='word_1_321' title='bbox 347 2667 572 2674; x_wconf 95' lang='lat' dir='ltr'><strong> </strong></span> 
     </span>
    </p>
   </div>
  </div>
 </body>
</html>
