2050 3226
235 178 340 232 108
707 175 941 220 DONATI
969 175 1035 220 IN
1037 172 1248 220 TERPR.
1275 175 1455 220 VERG.

231 316 364 364 taret
401 315 630 377 existere,
667 313 849 364 fiducia
878 315 1109 365 videlicet
1137 331 1238 364 non
1268 331 1411 365 sexus
1442 316 1542 379 sui,
1573 317 1661 366 sed
1690 315 1925 366 exercita-

233 388 409 452 tionis3
452 405 604 452 quae,
642 389 760 439 licet
795 389 907 452 ipsa
944 391 998 438 in
1037 406 1094 439 eo
1134 405 1255 439 sexu
1291 393 1420 439 esset
1458 392 1544 454 qui
1582 391 1774 439 alienus
1822 406 1926 440 esse

234 462 472 512 debuerat
495 479 526 512 a
548 463 693 525 bello,
725 463 938 512 ducebat
960 466 1127 512 tamen
1153 463 1359 512 maximi
1379 464 1574 513 numeri
1601 465 1928 526 iuventutem,

234 539 463 600 equitum
501 539 651 600 atque
696 536 943 600 peditum,
990 538 1141 586 armis
1189 539 1568 601 conpetentibus
1615 539 1928 600 instructam,

233 611 355 660 viris
392 611 504 674 ipsa
534 628 635 660 non
664 610 879 659 inferior.
935 611 1114 675 incipit
1151 611 1377 661 adserere
1415 615 1567 676 poeta
1603 627 1748 676 posse
1778 628 1929 661 usum

235 701 469 748 superare
506 687 763 747 naturam,
799 700 898 734 non
933 685 1044 742 illa,
1083 686 1270 748 inquit,
1309 687 1407 734 colo
1446 687 1708 736 calathisve
1736 686 1927 735 Miner·

159 821 164 823 Λ
234 773 325 808 vae
361 760 600 819 femineas
637 759 842 808 adsueta
878 774 1083 808 manus:
1131 759 1362 823 despecto
1407 760 1542 823 quod
1589 763 1712 810 nata
1758 762 1834 809 est
1879 761 1930 808 et

235 833 415 895 spretis
454 834 572 881 lana
618 834 669 880 et
714 833 821 882 colo
860 849 1035 882 manus
1081 833 1319 883 femineas
1358 833 1492 883 virili
1537 833 1703 884 studio
1741 835 1929 883 manci-

234 907 391 969 pavit.
451 907 536 955 sed
566 907 758 966 proelia
787 907 921 968 virgo
954 907 1082 956 dura
1105 908 1241 967 pati:
1278 907 1453 957 aderat
1481 909 1572 956 illa
1603 908 1738 957 duris
1769 908 1928 956 bellis.

237 981 364 1029 dixit
394 980 626 1043 qualibus
665 983 716 1030 et
744 996 844 1029 non
875 980 1001 1028 dixit
1039 997 1211 1029 eorum
1239 998 1522 1045 numerum,
1559 985 1620 1030 ut
1654 983 1931 1031 cumularet

236 1054 446 1118 virginis
483 1054 683 1103 laudem
721 1054 812 1104 sub
852 1055 1072 1119 generali
1110 1055 1487 1119 significatione.
1556 1055 1704 1118 dura,
1748 1057 1930 1119 inquit,

236 1128 391 1190 bella,
428 1128 483 1176 in
518 1128 696 1192 quibus
735 1130 896 1177 maior
934 1129 1201 1178 crudelitas
1241 1132 1371 1179 esset
1408 1132 1459 1179 et
1495 1131 1742 1180 maximus
1772 1130 1929 1179 labor.

1962 997 2004 1028 10

237 1217 476 1262 cursuque
505 1203 691 1263 pedum
728 1207 1034 1263 praevertere
1077 1207 1265 1252 ventos:
1312 1204 1499 1253 fidebat
1542 1204 1635 1253 illa
1678 1220 1780 1253 non
1824 1206 1932 1253 tam
2026 1206 2030 1210 ”

237 1292 478 1339 equorum
517 1276 820 1339 mobilitate,
858 1277 944 1326 sed
981 1277 1187 1340 pedibus
1227 1279 1353 1339 suiS,
1395 1279 1595 1327 tantum
1631 1279 1829 1341 pernix,
1873 1280 1932 1327 ut

237 1366 386 1399 cursu
407 1353 745 1413 praeverteret
766 1353 952 1400 ventos.
995 1352 1086 1400 illa
1108 1352 1183 1399 vel
1205 1352 1414 1400 intactae
1437 1353 1606 1413 seyetis
1621 1367 1715 1413 per
1737 1367 1932 1401 summa

135 1430 220 1471 810
237 1425 421 1473 volaret
453 1426 685 1485 yramina
714 1439 801 1474 nec
830 1428 1020 1474 teneras
1053 1440 1202 1474 cursu
1233 1426 1451 1475 laesisset
1479 1427 1661 1475 aristas
1690 1426 1766 1474 vel
1794 1441 1932 1474 mare

228 1513 323 1559 per
360 1499 574 1546 medium
617 1499 768 1557 fluctu
804 1513 1045 1558 suspensa
1082 1501 1283 1548 tumenti
1319 1501 1468 1560 ferret
1503 1500 1595 1548 iter
1635 1500 1801 1548 celeris
1845 1514 1932 1548 nec

237 1573 437 1635 tinqeret
481 1586 685 1631 aequore
721 1573 950 1632 plantas:
1002 1573 1115 1635 illa,
1165 1574 1210 1622 si
1255 1589 1402 1636 super
1448 1576 1638 1637 segetes
1686 1576 1737 1622 et
1782 1589 1933 1637 super

236 1646 418 1695 fluctus
455 1646 618 1694 medio
648 1646 799 1695 maris
839 1662 1036 1695 cursum
1071 1647 1223 1696 vellet
1261 1663 1504 1709 exercere,
1542 1650 1687 1696 tanta
1723 1647 1929 1696 levitate

237 1719 435 1771 mobilis
489 1721 708 1782 corporis
761 1720 1037 1783 ferebatur,
1088 1723 1148 1769 ut
1199 1737 1288 1770 nec
1338 1721 1518 1770 aristas
1569 1721 1788 1770 laederet
1839 1737 1930 1770 nec

237 1794 424 1856 plantis
474 1796 704 1858 tangeret
750 1810 910 1856 mare,
958 1797 1016 1842 ut
1061 1810 1161 1843 non
1206 1796 1309 1843 iam
1358 1811 1576 1857 currere,
1626 1795 1711 1844 sed
1760 1796 1930 1845 volare

237 1867 503 1917 videretur.
549 1868 689 1916 illam
718 1869 876 1916 omnis
906 1870 1037 1917 tectis
1068 1869 1293 1930 ayrisque
1323 1871 1480 1929 effusa
1509 1870 1735 1918 iuventus
1765 1871 1932 1918 turba-

238 1956 327 2002 que
363 1943 574 1990 miratur
610 1945 824 1990 matrum
863 1946 905 1990 et
933 1946 1211 2002 prospectat
1249 1947 1436 1991 euntem
1478 1945 1693 1992 attonitis
1729 1943 1930 1992 inhians

239 2016 442 2064 animis:
473 2018 670 2064 euntem
693 2016 835 2064 illam
857 2016 910 2064 in
932 2016 1094 2065 medio
1123 2017 1321 2081 agmine
1350 2017 1629 2066 mirabatur
1657 2018 1929 2066 multitudo

238 2091 398 2138 omnis
440 2105 496 2138 ac
527 2104 669 2138 sexus
702 2089 931 2139 domibus
971 2092 1022 2138 et
1060 2092 1194 2154 agris
1224 2090 1278 2138 in
1310 2093 1483 2154 aperta
1513 2091 1790 2154 prosiliens.
1852 2091 1929 2139 cui

238 2163 451 2211 feminae
490 2164 569 2211 vel
607 2165 690 2211 cui
726 2164 832 2212 viro
879 2180 980 2212 non
1017 2164 1254 2213 miraculo
1301 2167 1430 2213 esset
1470 2166 1522 2213 in
1560 2165 1772 2214 femineo
1810 2180 1930 2213 sexu

137 2241 222 2281 815
238 2236 414 2286 Martis
446 2237 671 2285 habitare
702 2237 973 2286 virtutem?
1025 2241 1079 2286 ut
1114 2239 1277 2299 reyius
1315 2243 1440 2287 ostro
1478 2239 1598 2287 velet
1632 2239 1782 2287 honos
1813 2239 1930 2287 levis

237 2325 453 2360 umeros:
489 2313 688 2373 praeter
719 2326 868 2361 ausus
897 2312 1032 2373 ipsos
1058 2313 1107 2360 et
1130 2312 1297 2360 emnia
1321 2329 1449 2375 quae
1472 2312 1745 2361 laudantur
1768 2312 1930 2361 euntis

238 2384 476 2433 laudatur
513 2385 666 2433 etiam
702 2386 808 2447 ipse
839 2385 1071 2447 vestitus,
1111 2402 1260 2448 quem
1291 2386 1501 2435 ornabat
1530 2387 1747 2449 pretium
1776 2386 1930 2436 vestis

239 2462 290 2508 et
333 2458 549 2507 habendi
595 2458 869 2521 subtilitas3
918 2459 1120 2508 velabat
1165 2461 1298 2508 enim
1340 2476 1538 2509 umeros
1587 2462 1691 2510 eius
1716 2461 1929 2509 taxatio

238 2534 390 2582 vestis
430 2533 736 2596 amplissima
774 2535 824 2581 et
862 2535 985 2581 ostri
1015 2533 1262 2581 meritum.
1326 2537 1380 2581 ut
1408 2535 1565 2593 fibula
1595 2535 1776 2583 crinem
1807 2549 1929 2582 auro

239 2608 542 2655 internectat:
573 2607 758 2655 crinem
788 2608 892 2655 eius
924 2623 1023 2656 non
1055 2622 1171 2656 acus
1202 2607 1438 2669 feminea,
1470 2607 1555 2656 sed
1585 2607 1744 2656 virilis
1775 2608 1930 2656 fibula

361 2753 386 2791 2
418 2762 535 2804 quae
565 2749 667 2792 licet
688 2747 731 2791 V
761 2761 898 2803 quum
930 2747 1011 2791 OU
1044 2748 1114 2792 ed.
1223 2754 1249 2792 6
1281 2748 1432 2804 inquit
1462 2761 1550 2792 om.
1584 2748 1656 2791 ed.
1755 2753 1778 2791 7
1811 2749 1930 2804 quod

239 2812 355 2851 nata
384 2812 448 2851 est
470 2807 513 2850 V
542 2807 604 2851 ad
634 2821 706 2863 qu.
730 2821 776 2850 n.
802 2812 912 2851 esset
941 2806 1014 2850 ed.
1109 2812 1162 2851 14
1193 2807 1272 2852 sed
1295 2806 1336 2851 V
1363 2821 1499 2862 quam
1523 2807 1595 2850 ed.
1687 2810 1741 2849 19
1765 2808 1931 2862 fluetus

242 2879 330 2908 om.
365 2865 436 2909 ed.
487 2866 492 2925 Ι
542 2879 678 2911 cursu
701 2865 743 2908 V
766 2865 838 2909 ed.
890 2866 894 2924 Ι
943 2879 1144 2911 exercere
1167 2866 1209 2908 V
1240 2867 1311 2910 -ri
1341 2866 1411 2910 ed.
1539 2870 1594 2909 23
1634 2867 1819 2910 attentis
1857 2866 1927 2910 ed.

243 2927 299 2968 28
331 2926 477 2971 tenuit
498 2924 540 2969 V
565 2925 635 2969 ed.
667 2926 816 2969 euntis
846 2938 944 2970 nos.
1036 2929 1092 2968 30
1122 2926 1318 2969 habendi
1348 2938 1436 2969 om.
1463 2925 1533 2969 ed.
1627 2928 1680 2968 31
1715 2930 1757 2969 et
1783 2926 1930 2970 austri

242 2985 445 3028 meritum
469 2983 511 3027 V
535 2998 623 3028 om.
650 2983 721 3028 ed.
844 2988 898 3027 32
932 2997 1042 3028 acus
1065 2983 1106 3026 V
1138 2998 1215 3029 ars
1246 2984 1318 3028 ed.

1963 1369 2005 1402 15

1963 1738 2005 1770 20

1962 2106 2004 2139 25

1963 2475 2005 2507 30
