2050 3226
103 985 146 1018 10

23 1354 144 1387 -15

102 1726 145 1759 20

101 2102 144 2136 25

102 2472 145 2505 30

823 167 1128 213 AENEIDOS
1158 167 1224 212 XI
1759 172 1866 226 431

178 309 344 357 vestra
381 306 572 368 nocuit,
610 307 737 355 nihil
771 307 918 357 datae
950 307 1151 357 dextrae
1183 307 1464 356 attulerunt
1496 308 1630 370 quod
1660 309 1869 372 posteri-

176 383 332 430 tatem
370 396 532 429 meam
569 381 795 431 funditus
826 383 1042 431 verteret
1078 383 1129 431 et
1164 397 1447 431 mensarum
1485 384 1869 432 communicatio

177 456 370 504 nullam
430 457 626 518 partem
697 455 1008 505 infelicitatis
1062 455 1257 504 inflixit.
1348 471 1455 504 sors
1506 457 1604 504 ista
1655 461 1870 505 senectae

177 531 339 579 debita
384 532 488 577 erat
532 533 752 578 nostrae:
797 530 1104 579 debebantur
1147 531 1269 579 haec
1314 529 1551 578 diuturno
1599 531 1705 579 seni
1750 531 1868 579 fatis

177 602 390 653 inimicis
424 603 645 652 adversa.
707 604 830 666 vixi,
868 606 927 653 ut
956 604 1134 653 duram
1165 604 1438 667 exciperem
1467 620 1606 653 meae
1636 606 1868 653 fortunae

177 676 490 728 sententiam.
568 678 820 741 conplevit
867 679 958 727 illa
1006 678 1249 728 invidiam
1304 693 1468 741 suam,
1518 695 1618 727 non
1668 694 1871 742 possum

177 752 357 801 animis
380 753 560 801 vestris
584 754 778 800 nectere
805 753 938 816 quod
961 768 1048 802 vos
1073 755 1263 802 certum
1294 755 1371 802 est
1393 753 1615 802 accidere
1636 752 1869 802 noluisse.

176 827 349 887 quodsi
392 826 646 875 inmatura
682 828 913 875 manebat
955 842 1087 876 mors
1128 830 1354 889 ynatum,
1403 828 1557 876 caesis
1590 827 1871 876 Volscorum

174 901 373 950 milibus
404 903 516 948 ante
547 901 795 949 ducentem
824 901 880 949 in
909 901 1115 949 Latium
1147 902 1358 950 Teucros
1396 902 1621 950 cecidisse
1657 903 1872 950 iuvaret:

175 975 368 1023 nititurv
385 974 595 1036 probare
627 975 854 1024 Troianis
895 976 1031 1038 quod
1067 991 1167 1023 non
1196 975 1332 1038 ipsos
1373 976 1523 1024 occisi
1560 976 1634 1024 fili
1672 975 1872 1024 adserat

176 1064 392 1098 causam.
471 1050 536 1109 si,
582 1049 772 1111 inquit,
818 1050 1071 1099 inmatura
1117 1065 1249 1098 mors
1297 1049 1568 1098 debebatur
1604 1049 1708 1099 filio
1746 1065 1871 1111 meO‚

175 1123 371 1172 utinam
424 1124 484 1172 de
514 1123 709 1172 Volscis
764 1125 899 1172 facta
951 1123 1091 1186 prius
1145 1123 1357 1173 victoria
1410 1124 1690 1187 cecidisset3
1742 1127 1872 1173 esset

177 1199 361 1262 quippe
417 1197 565 1246 occisi
618 1197 838 1262 gloriosa
890 1198 1149 1260 memoria,
1211 1198 1255 1246 si
1314 1214 1466 1247 manu
1528 1198 1635 1247 eius
1693 1198 1872 1246 Teucri

176 1272 475 1320 ducerentur
509 1273 564 1320 in
594 1271 811 1320 Latium.
873 1273 992 1331 quin
1023 1287 1104 1333 eyo
1135 1286 1234 1320 non
1265 1273 1362 1320 alio
1394 1273 1565 1333 diyner
1603 1276 1645 1320 te
1681 1274 1869 1332 funere,

177 1347 345 1402 Palla,
387 1361 534 1406 quam
555 1347 677 1406 pius
707 1344 905 1394 Aeneas
944 1349 988 1394 et
1024 1360 1172 1406 quam
1208 1347 1376 1407 ‘magni
1405 1347 1620 1408 Phryyes
1651 1349 1694 1394 et
1724 1360 1871 1406 quam
1890 1356 1974 1397 170

177 1421 508 1481 Tyrrhenique
546 1421 714 1468 duces:
759 1420 885 1468 nihil
932 1419 1114 1469 addam
1161 1421 1224 1469 ad
1262 1436 1498 1483 pompam
1543 1421 1732 1469 funeris
1771 1422 1870 1483 tui3

174 1494 302 1542 nihil
333 1493 465 1542 enim
495 1495 684 1543 factum
716 1497 793 1543 est
821 1493 988 1543 minus
1022 1511 1172 1557 quam
1204 1497 1503 1544 convenerat
1531 1495 1654 1543 fieri.
1708 1496 1870 1543 osten·

176 1569 252 1617 dit
304 1567 498 1618 Aeneas
553 1568 721 1618 officia
773 1584 886 1630 sua,
950 1569 1122 1617 eadem
1177 1585 1373 1632 quoque
1427 1585 1539 1617 cum
1599 1569 1869 1631 Tyrrhenis

175 1643 464 1705 conplevere
519 1643 741 1691 Troiani.
835 1643 1142 1704 Tyrrhenum
1195 1644 1428 1691 exercitus
1481 1643 1640 1691 omnis
1688 1658 1871 1704 ‘mayna

175 1721 376 1777 tropaea
412 1719 598 1777 ferunt,
648 1731 766 1776 quos
812 1717 899 1765 dat
943 1720 1030 1766 tua
1076 1718 1272 1766 dextera
1319 1718 1432 1765 leto:
1475 1717 1598 1765 haec
1649 1716 1712 1765 ad
1759 1732 1872 1766 con-

176 1791 471 1840 solationem
503 1792 779 1854 pertinent3
819 1793 896 1840 est
934 1791 1066 1839 enim
1098 1791 1350 1854 quoddam
1381 1793 1434 1839 in
1466 1791 1718 1840 doloribus
1748 1793 1871 1839 tem—

175 1867 522 1929 peramentum
588 1881 685 1928 quo
752 1865 997 1914 acerbitas
1057 1866 1170 1928 ipsa
1230 1867 1501 1914 minuatur.
1591 1865 1873 1914 leniebatur

175 1940 334 2004 igitur
372 1939 558 1989 doloris
596 1940 755 2002 ipsius
796 1940 1062 2002 asperitaS‚
1103 1939 1260 2002 quod,
1307 1941 1403 1990 etsi
1440 1941 1667 1989 mortuus
1705 1939 1871 1988 Pallas

174 2013 450 2075 videbatur,
466 2014 670 2063 virtutis
686 2016 855 2062 tamen
878 2014 982 2062 eius
1001 2014 1164 2062 multa
1186 2013 1595 2063 monstrabantur
1610 2016 1660 2062 et
1674 2030 1872 2078 magna.

173 2087 282 2136 ibat
320 2088 507 2152 quippe
537 2088 906 2150 Tyrrhenorum
944 2088 1183 2137 exercitus
1223 2103 1476 2137 caesorum
1512 2090 1720 2151 tropaea
1758 2103 1871 2137 con-

174 2164 380 2225 portans
421 2164 471 2210 et
507 2163 560 2209 in
598 2162 690 2210 illa
719 2162 1043 2211 multitudine
1067 2163 1234 2210 fuerat
1271 2162 1438 2211 nullus
1471 2164 1559 2226 qui
1580 2163 1871 2211 Pallanteae

174 2236 376 2285 virtutis
406 2238 586 2285 testem
616 2253 716 2285 non
740 2238 959 2300 gestaret
980 2236 1032 2284 in
1056 2237 1210 2300 lign0.
1263 2240 1316 2285 tu
1342 2251 1525 2297 quoque
1554 2251 1686 2285 nunc
1715 2240 1870 2285 stares

174 2311 393 2359 inmanis
425 2314 627 2358 truncus
663 2311 718 2358 in
757 2311 931 2367 arnae,
974 2314 1094 2358 esset
1114 2326 1217 2372 par
1246 2314 1383 2359 aetas
1418 2314 1461 2359 et
1489 2312 1617 2359 idem
1647 2311 1692 2359 si
1721 2311 1870 2358 robur

176 2386 237 2433 ab
270 2386 438 2442 annis,
474 2386 665 2433 Turne:
694 2385 748 2432 in
777 2385 891 2445 hoc,
922 2384 1109 2447 inquit,
1139 2387 1458 2449 tropaeorum
1480 2400 1685 2433 numero
1717 2384 1869 2432 etiam
1888 2393 1971 2432 175

174 2459 231 2506 tu
270 2475 422 2521 esses,
473 2459 658 2519 Turne,
706 2458 748 2506 si
787 2460 924 2507 aetas
962 2459 1036 2506 fili
1073 2460 1171 2508 mei
1218 2461 1376 2508 aetati
1413 2462 1528 2508 tuae
1577 2460 1870 2522 congrueret

176 2534 266 2581 aut
302 2533 455 2582 robur
492 2532 710 2594 corporis
751 2532 856 2580 eius
887 2535 976 2582 tuo
1000 2533 1167 2582 robori
1196 2533 1530 2595 membrisque
1570 2532 1866 2581 conveniret.

174 2610 305 2655 recte
334 2607 389 2654 in
417 2606 670 2655 doloribus
702 2606 805 2655 suis
830 2606 1238 2658 deformationem
1261 2607 1436 2656 inserit
1464 2606 1619 2655 Turni
1642 2609 1692 2654 et
1723 2607 1869 2669 quasi

294 2752 318 2790 7
362 2753 533 2792 nectere
571 2747 609 2790 V
651 2748 873 2792 ascribere
903 2748 974 2792 ed.
1056 2783 1058 2785 .
1112 2753 1138 2792 8
1182 2751 1292 2805 quia
1333 2751 1375 2793 si
1418 2748 1488 2792 ed.
1544 2748 1548 2805 Ι
1604 2752 1787 2804 yratum
1825 2747 1868 2791 V

174 2811 336 2851 natum
378 2807 448 2851 ed.
497 2807 501 2866 Ι
551 2808 806 2851 vulscorum
849 2809 913 2863 (et
954 2806 1078 2851 infra
1115 2809 1297 2863 vulscis)
1334 2808 1387 2851 V.
1513 2812 1566 2850 16
1605 2808 1713 2862 post
1753 2808 1868 2864 Tyr-

174 2866 388 2921 rhenique
444 2866 604 2922 inepte
659 2867 800 2922 friqes
855 2867 1028 2923 repetit
1075 2867 1127 2911 V.
1263 2872 1317 2910 18
1372 2867 1573 2911 Aeneam
1635 2865 1707 2910 ed.
1746 2868 1865 2921 post.

176 2928 230 2967 19
271 2926 526 2981 conplevere
563 2927 758 2970 troianis
787 2924 830 2967 V
867 2939 904 2969 e.
941 2927 1133 2971 Troiani
1166 2940 1248 2970 nos
1288 2926 1505 2983 complere
1542 2926 1763 2969 Troianos
1794 2925 1865 2970 ed.

176 2986 231 3026 25
257 2990 450 3039 portans
482 2985 552 3028 ed.
677 2988 732 3027 30
770 2985 922 3030 Turne
952 2999 1040 3030 om.
1066 2986 1136 3029 ed.
1186 2986 1191 3044 Ι
1241 2986 1519 3043 conyruisset
1550 2984 1619 3029 ed.
