2050 3226
179 203 287 256 266
654 200 886 246 DONATI
916 200 1197 245 INTERPR.
1222 200 1402 245 VERG.

178 357 278 390 non
317 343 423 390 arte
464 340 636 404 aliqua
673 341 732 390 fit
769 342 971 402 durum,
1011 339 1096 389 sed
1133 341 1371 389 nascitur.
1447 341 1574 390 forte
1615 342 1873 404 quaeritur

178 433 237 463 ex
260 415 486 464 fortibus.
535 419 676 464 natos
701 416 768 464 ad
789 415 999 474 flumina
1014 415 1236 475 primum
1258 415 1545 475 deferimus:
1565 431 1723 479 usque
1749 415 1871 464 adeo

177 491 373 539 nostros
405 489 584 538 liberos
617 505 850 552 paramus
885 489 947 537 ad
978 488 1219 550 laborem,
1258 491 1319 537 ut
1355 505 1468 537 mox
1505 493 1650 539 natos
1683 489 1871 539 defera-

176 579 286 612 mus
334 563 398 612 ad
443 563 663 613 flumina.
739 564 783 612 si
820 564 914 611 hoc
957 563 1119 611 solum
1157 563 1362 625 diceret,
1409 580 1509 612 non
1553 566 1698 613 tanta
1743 566 1874 613 esset

176 638 432 687 laudantis
465 638 702 687 adsertio:
742 638 922 701 quanti
953 638 1085 686 enim
1115 637 1297 686 laboris
1331 639 1406 686 est
1434 637 1621 686 undam
1649 638 1872 687 fluminis
1926 650 1946 683 5

177 711 319 776 pati?
384 712 580 760 addidit
616 726 851 773 saevoque
886 712 999 773 θεῖα
1036 712 1276 760 duramus
1316 715 1359 760 et
1393 713 1566 761 undis:
1611 715 1671 761 ut
1710 715 1871 762 osten·

177 787 316 836 deret
362 789 412 835 et
449 789 683 835 naturam
728 785 947 834 fluminis
994 786 1231 850 frigidam
1270 788 1321 835 et
1356 786 1716 836 interveniente
1757 787 1872 851 gelu

177 860 439 910 saevitiam
498 861 657 924 ipsius
717 859 938 908 fluminis
994 860 1263 924 duplicari,
1326 861 1460 923 apud
1519 876 1632 923 nos,
1691 861 1873 925 inquit,

144 930 520 999 'unusquisque
567 951 679 983 cum
731 934 958 983 nascitur
1003 950 1116 984 cum
1159 934 1269 997 ipso
1317 934 1451 984 vitae
1499 935 1623 984 lucis
1672 935 1871 984 exordio

175 1010 369 1059 labores
421 1025 619 1073 quoque
670 1008 958 1058 durissimos
1009 1010 1298 1072 auspicatur
1341 1010 1394 1057 in
1443 1010 1603 1058 undas
1653 1009 1872 1060 fluvialis
1905 1024 1947 1056 10

177 1086 227 1133 et
273 1083 327 1132 in
377 1084 589 1148 glaciem
638 1085 841 1144 missus,
894 1099 955 1131 ne
1007 1083 1279 1146 aliquando
1333 1083 1537 1132 delicias
1588 1085 1740 1133 etiam
1795 1086 1873 1133 sui

73 1168 158 1208 605
175 1159 368 1207 nescius
402 1158 599 1207 sentiat.
659 1162 840 1210 venatu
865 1158 1127 1219 inviyilant
1143 1159 1289 1218 pueri
1311 1157 1586 1220 silvas[que
1607 1157 1874 1220 fatiqanCJ:

175 1232 383 1296 puerilis
430 1234 562 1282 enim
609 1234 746 1281 aetas
795 1232 1014 1280 succedit
1051 1233 1310 1280 infantiae.
1388 1232 1454 1281 ad
1491 1233 1642 1295 hanc,
1690 1232 1872 1295 inquit,

175 1324 289 1356 cum
334 1308 582 1369 venerint,
627 1306 979 1355 venationibus
1028 1307 1299 1370 pueritiam
1348 1307 1650 1370 transigunt.
1738 1306 1873 1370 quod

174 1397 329 1445 genus
370 1381 591 1430 exercitii
628 1381 834 1444 proficit*
869 1381 1022 1443 bello3
1068 1381 1173 1430 illic
1213 1382 1345 1429 enim
1383 1381 1592 1430 discitur
1637 1381 1873 1445 quicquid
1905 1395 1946 1427 15

174 1472 456 1520 pugnarum
488 1456 838 1505 certaminibus
872 1457 947 1504 est
977 1456 1330 1504 necessarium:
1362 1455 1632 1519 equitatur,
1658 1457 1874 1504 curritur

174 1530 445 1579 mittuntur
495 1531 692 1592 hastae,
746 1529 963 1594 sagittae
1015 1530 1281 1578 iactantur.
1380 1546 1539 1592 usque
1595 1529 1718 1578 adeo
1779 1531 1872 1579 hoc

174 1621 347 1654 verum
401 1606 495 1667 cst,
549 1607 609 1653 ut
661 1607 900 1667 sequatur
951 1605 1137 1662 flectere
1190 1603 1336 1652 ludus
1391 1619 1534 1665 equos
1587 1608 1629 1652 et
1681 1605 1872 1665 spicula

174 1679 365 1727 tendere
389 1693 563 1727 cornu:
595 1679 650 1726 hi
674 1681 793 1727 sunt
814 1680 1098 1728 nostrorum
1121 1694 1386 1741 puerorum
1411 1678 1520 1726 ludi
1543 1695 1633 1727 nec
1658 1678 1871 1726 aliorum

174 1769 441 1816 puerorum
494 1770 630 1802 more
682 1753 914 1802 inanibus
976 1753 1153 1801 officiis
1207 1755 1525 1815 occupantur.
1620 1752 1870 1814 silvasque
1902 1765 1946 1797 20

175 1827 414 1892 fatigant:
463 1843 562 1876 non
618 1828 770 1877 silvas
820 1828 1062 1891 fatigant,
1116 1827 1203 1875 sed
1255 1827 1574 1875 latitudinem
1628 1827 1871 1876 silvarum

175 1901 399 1951 obeundo
469 1904 780 1965 percurrunt.
879 1917 909 1950 a
970 1901 1216 1965 pueritiae
1279 1903 1446 1950 autem
1507 1901 1759 1950 laboribus
1821 1904 1871 1949 et

174 1976 391 2024 venandi
436 1976 601 2024 studio
649 1976 713 2025 ad
753 1993 987 2040 agrorum
1032 1978 1297 2024 transeunt
1335 1976 1547 2037 cultum,
1592 1975 1767 2038 itaque
1807 1975 1870 2024 ad

176 2066 317 2098 omne
368 2065 521 2114 genus
572 2050 756 2099 laboris
808 2050 878 2099 sic
926 2050 1219 2113 producitur
1268 2053 1406 2098 aetas
1457 2049 1649 2111 eadem,
1698 2052 1757 2098 ut
1805 2050 1871 2098 ad

176 2125 582 2173 consuetudinem
635 2124 898 2173 laborandi
950 2124 1076 2172 nihil
1128 2124 1443 2187 repentinum
1496 2124 1687 2185 videat,
1743 2123 1870 2172 nihil
1901 2135 1943 2168 25

176 2199 360 2248 sentiat
397 2215 595 2248 novum.
671 2200 765 2247 hoc
803 2201 879 2248 est
918 2198 1051 2262 quod
1090 2198 1163 2247 ait
1201 2202 1253 2247 at
1282 2200 1480 2258 patiens
1517 2213 1716 2258 operum
1747 2213 1868 2259 par-

174 2287 324 2332 voque
355 2273 560 2321 adsueta
591 2274 838 2321 iuventus:
869 2272 954 2334 sic,
983 2274 1165 2335 inquit,
1197 2275 1413 2322 aetatem
1443 2274 1682 2321 iuvenum
1711 2271 1870 2320 nostri

175 2346 472 2409 suscipiunt:
513 2348 563 2394 et
600 2347 825 2397 laborare
865 2347 1145 2396 didicerunt
1182 2349 1232 2394 et
1269 2348 1438 2409 parvis
1478 2346 1655 2409 opibus
1686 2347 1868 2396 vivere.

175 2425 262 2470 aut
291 2422 468 2470 rastris
498 2424 679 2469 terram
710 2422 874 2469 domat
897 2425 983 2470 aut
1013 2423 1167 2481 quatit
1196 2422 1379 2481 oppida
1414 2421 1557 2469 bello:
1594 2435 1869 2482 numquam

175 2512 225 2544 se
271 2495 533 2558 patiuntur
587 2495 776 2543 desidia
830 2497 1030 2558 otioque
1077 2495 1349 2558 corrumpi,
1404 2495 1614 2557 denique
1665 2494 1868 2542 illorum
1899 2506 1941 2538 30

175 2571 360 2618 virtute
401 2571 492 2618 aut
535 2570 692 2618 hostis
734 2570 967 2618 domatur
1005 2573 1093 2618 aut
1130 2572 1279 2618 terra.
1356 2583 1494 2617 omne
1533 2583 1706 2616 aevum
1735 2571 1866 2628 ferro

176 2645 368 2691 teritur:
405 2645 577 2705 itaque
608 2643 666 2691 fit
696 2646 755 2692 ut
785 2643 892 2692 vita
923 2644 1081 2693 omnis
1121 2659 1393 2706 numquam
1432 2642 1627 2691 deserat
1664 2643 1864 2690 ferrum.

75 2725 159 2764 610
175 2732 408 2778 versaque
452 2719 709 2765 iuvencum
754 2721 887 2778 terya
931 2719 1201 2779 fatiyamus
1245 2718 1413 2765 hasta:
1459 2719 1509 2764 et
1548 2732 1657 2765 cum
1699 2718 1864 2764 aratro

298 2850 320 2888 1
366 2846 602 2900 quaeritur
644 2858 700 2889 ex
739 2843 935 2898 fortibus
974 2857 1062 2888 om.
1100 2844 1172 2888 ed.
1214 2843 1290 2899 (cf.
1323 2842 1432 2888 Hor.
1470 2857 1606 2886 carm.
1641 2847 1682 2897 4,
1707 2846 1749 2896 4,
1776 2845 1863 2893 29).
1950 2844 1955 2851 ’

179 2908 201 2946 7
236 2909 278 2948 et
306 2909 524 2948 ‘naturam
547 2903 588 2946 V
621 2908 663 2948 et
693 2917 781 2947 om.
807 2902 877 2947 ed.
1001 2908 1025 2946 9
1059 2905 1179 2948 vitae
1210 2903 1251 2946 V
1282 2903 1462 2958 primae
1493 2901 1563 2945 ed.
1689 2906 1742 2944 12
1782 2915 1865 2957 que

175 2963 379 3019 fatiyant
407 2963 619 3006 lemmati
650 2962 814 3005 addidi
846 2962 902 3005 cf.
939 2967 977 3016 1,
1004 2966 1073 3007 25.
1197 2967 1252 3005 22
1285 2966 1565 3017 percurrunt
1590 2960 1632 3003 V
1663 2960 1733 3004 ed.
1762 2974 1866 3016 per-

178 3022 381 3066 durant?
504 3027 560 3065 24
593 3022 655 3066 ad
685 3022 1009 3066 consuetudine
1032 3021 1074 3064 V
1105 3036 1135 3065 a
1165 3021 1487 3066 consuetudine
1519 3019 1589 3064 ed.
