2050 3226
755 178 1061 234 AENEmos
1085 188 1172 234 vn
1739 192 1813 246 23

120 331 309 379 factum
346 331 424 379 est
460 345 578 394 ergo
616 329 815 393 saepius
853 330 904 378 et
942 330 1116 378 contra
1154 344 1343 378 morem
1381 330 1592 378 naturae
1630 330 1815 378 mundo

120 404 334 452 nubibus
366 404 516 453 caelo.
563 420 668 453 una
696 405 894 453 tantum
924 402 1079 451 nubes
1103 403 1214 452 visa
1236 405 1327 465 est,
1350 402 1437 452 sed
1458 403 1614 452 radiis
1637 405 1815 453 ardens

120 479 243 527 lucis
291 480 344 527 et
388 494 539 527 aureo
593 477 855 540 splendore
898 477 1115 526 rutilans
1161 480 1312 540 atque
1357 478 1456 539 ita,
1500 479 1562 526 ut
1604 479 1659 526 in
1703 478 1817 541 ipsa

122 550 318 616 quoque
369 554 500 601 esset
543 551 892 616 prosperitatis
940 552 1152 615 signum.
1228 552 1337 614 ipse
1382 567 1539 600 manu
1584 552 1815 615 quatiens

28 652 31 653 ⁷
122 627 341 676 ostendit
394 626 457 674 ab
512 627 712 675 aethere
764 625 967 674 nubem:
1020 627 1184 689 ipsam
1237 625 1421 674 nubem
1473 626 1545 674 sic
1588 625 1817 689 Iuppiter

120 701 483 750 demonstravit
529 700 774 763 plaudens
820 716 998 761 manu,
1050 701 1110 748 ut
1162 702 1425 764 appareret
1462 716 1577 749 eum
1630 702 1817 763 cepisse

120 778 240 824 vota
284 777 335 823 et
379 775 693 839 gratulatum
746 775 883 838 quod
927 773 1132 822 Troiani
1184 775 1250 823 ad
1292 775 1499 823 Italiam
1551 775 1815 824 venissent.

121 849 307 898 diditur
350 850 428 897 hic
472 850 630 897 subito
673 849 895 897 Troiana
937 863 1032 908 per
1083 849 1285 910 aymina
1337 863 1507 897 rumor
1560 849 1817 898 advenisse
1834 860 1919 900 145

121 924 248 972 diem
285 938 377 983 quo
416 923 578 972 debita
617 924 810 971 moenia
855 923 1088 971 condant:
1132 939 1303 972 rumor
1346 924 1548 986 repente
1593 923 1816 973 exoriens

123 998 186 1047 ad
209 998 345 1046 auris
367 997 591 1046 omnium
612 1013 799 1061 magna
829 1013 942 1045 cum
967 997 1306 1061 gratulatione
1335 998 1563 1059 pervenit
1586 997 1817 1046 adserens

120 1073 312 1121 venisse
350 1074 548 1134 tempus
587 1075 639 1120 et
675 1072 808 1119 diem
846 1087 946 1134 quo
985 1070 1094 1119 dari
1131 1087 1283 1133 opera
1324 1071 1591 1120 condendis
1637 1071 1817 1121 debitis

122 1146 359 1195 aedificiis
389 1148 572 1208 posset.
641 1146 857 1194 certatim
887 1146 1172 1193 instaurant
1201 1146 1386 1205 epulas,
1417 1146 1512 1194 hoc
1543 1147 1620 1194 est
1649 1147 1816 1195 convi-

121 1220 261 1269 vium
298 1222 549 1284 revocant‚
579 1223 721 1280 atque
757 1220 916 1267 omine
958 1233 1138 1280 mayno
1177 1223 1395 1268 crateras
1441 1220 1555 1268 laeti
1597 1223 1819 1268 statuunt

124 1298 167 1342 et
201 1296 320 1342 vina
366 1298 622 1343 coronant:
666 1294 863 1343 vinaria
905 1309 1030 1342 vasa
1075 1295 1437 1342 coronaverunt
1479 1294 1622 1343 novis
1669 1295 1817 1343 rebus

122 1384 359 1431 prospera
398 1369 566 1416 omnia
603 1368 855 1416 facientes.

238 1443 441 1490 Postera
480 1457 590 1490 cum
618 1443 783 1503 primo
822 1442 1066 1490 lustrabat
1093 1442 1322 1502 lampade
1358 1445 1516 1490 terras
1553 1445 1662 1490 orta
1699 1443 1816 1500 dies,

121 1518 290 1565 wrbem
313 1520 357 1564 et
383 1517 502 1576 finis
540 1519 586 1564 et
614 1517 759 1564 litora
785 1516 942 1576 yentis
973 1516 1156 1564 diversi
1186 1517 1463 1577 explorant:
1499 1515 1646 1578 [haec
1666 1517 1818 1577 fontis
1836 1527 1920 1567 150

121 1594 298 1651 staqna
334 1590 557 1648 Numici,
596 1591 725 1638 hunc
764 1591 997 1651 ssybri‘m
1033 1591 1260 1649 fluvium,
1300 1591 1378 1638 hic
1412 1591 1556 1651 fortis
1596 1591 1819 1639 habitare

123 1663 384 1726 Latinos].·
444 1680 556 1712 cum
609 1680 725 1714 vero
763 1664 1011 1727 posterior
1047 1664 1152 1712 dies
1191 1666 1309 1714 solis
1347 1665 1501 1714 radiis
1541 1665 1817 1726 claruisset,

123 1740 357 1788 successit
409 1754 581 1787 eorum
626 1739 1016 1801 conplendorum
1058 1754 1175 1787 cura
1222 1755 1351 1803 quae
1406 1740 1660 1802 superiore
1707 1740 1818 1787 luce

122 1813 317 1862 Aeneas
370 1814 665 1878 vestiganda
716 1814 1059 1862 mandaverat.
1129 1813 1304 1863 divisis
1345 1813 1506 1877 igitur
1547 1813 1817 1862 celeritatis

125 1903 274 1936 causa
312 1887 489 1936 officiis
529 1903 657 1950 quae
687 1888 1034 1950 perquirerent
1072 1888 1298 1936 consulto
1337 1887 1515 1950 partiti
1553 1891 1691 1948 sunt,
1731 1887 1820 1936 alii

123 1962 311 2023 urbem,
334 1961 446 2009 finis
478 1962 582 2024 alii,
604 1962 834 2010 nonnulli
857 1963 1213 2011 commanentis
1239 1965 1290 2011 et
1311 1963 1462 2010 litora
1483 1961 1820 2025 requirebant,

125 2039 245 2084 tunc
288 2037 706 2084 renuntiaverunt
742 2039 924 2100 stagna
960 2035 1166 2085 Numici
1201 2037 1308 2085 illic
1346 2051 1452 2085 esse
1492 2038 1544 2084 et
1581 2036 1821 2099 Thybrim

51 2121 94 2155 25
124 2110 333 2158 fluvium
379 2112 431 2157 et
475 2113 634 2158 terras
679 2110 897 2174 regionis
949 2110 1087 2159 illius
1141 2111 1285 2159 fortis
1332 2110 1539 2159 Latinos
1593 2110 1820 2159 incolere.

12 2181 20 2234 ἶ
125 2187 239 2232 tunc
274 2186 413 2232 satus
442 2182 665 2232 Anchisa
694 2185 895 2232 delectos
924 2185 1095 2232 ordine
1125 2186 1187 2233 ab
1218 2186 1351 2232 omni
1388 2188 1576 2233 centum
1606 2187 1822 2233 oratores

7 2261 11 2291 ὃ
126 2262 336 2319 auyusta
374 2257 443 2306 ad
477 2259 670 2306 moenia
706 2259 834 2319 reyis
871 2259 943 2306 ire
979 2259 1130 2315 iubet,
1168 2260 1325 2307 ramis
1368 2259 1550 2307 velatos
1593 2259 1819 2307 Palladis

6 2294 19 2455 f
125 2333 306 2380 omnis:
357 2333 476 2380 licet
518 2333 689 2381 fatalis
735 2335 892 2381 terras
946 2348 1050 2382 esse
1105 2334 1376 2395 constaret,
1428 2335 1598 2381 tamen
1644 2332 1820 2381 officiis

246 2478 272 2517 2
302 2474 381 2518 sed
410 2474 644 2530 radiisque
673 2474 904 2518 ardentem
935 2475 1051 2518 lucis
1080 2479 1123 2518 et
1152 2488 1267 2518 awro
1297 2475 1510 2530 splendor
1538 2475 1739 2518 rutilans
1765 2472 1820 2515 V:

125 2532 243 2577 haec
276 2532 496 2576 librarius
530 2532 671 2576 rubro
706 2532 858 2577 colore
890 2533 1078 2588 scripsit
1109 2533 1171 2576 ad
1202 2533 1374 2577 lemma
1405 2532 1646 2585 aberrans,
1680 2545 1822 2587 quare

127 2592 356 2648 corrigere
380 2606 474 2635 non
497 2591 731 2645 dubitavi,
755 2593 915 2648 inepte
942 2593 1013 2636 ed.
1038 2593 1211 2636 rectius
1235 2593 1305 2636 ed.
1331 2595 1451 2648 post.
1546 2596 1570 2635 6
1600 2593 1764 2647 cepisse
1780 2590 1822 2633 V

127 2653 349 2707 excepisse
380 2651 450 2695 ed.
553 2655 608 2695 10
638 2666 741 2696 cum
773 2665 861 2695 om.
895 2651 966 2695 ed.
1068 2655 1122 2695 11
1155 2652 1263 2697 dari
1293 2666 1498 2707 opera—
1525 2656 1580 2694 12
1605 2654 1759 2706 posset
1780 2649 1822 2693 V

127 2710 170 2754 d.
204 2724 385 2766 operam
411 2725 459 2766 p.
493 2710 565 2754 ed.
598 2711 709 2755 dare
738 2724 921 2766 operam
944 2716 1131 2766 possent
1162 2711 1233 2755 ed.
1266 2713 1386 2767 post.
1485 2715 1539 2754 14
1570 2710 1821 2753 vinaria—

126 2775 455 2813 coronaverunt
486 2783 574 2812 om.
608 2769 680 2814 ed.
804 2774 859 2812 15
890 2771 1046 2814 omnia
1076 2769 1119 2812 V
1150 2769 1222 2814 ed.
1254 2771 1438 2814 omina?
1561 2773 1613 2811 17
1645 2769 1822 2812 haec—

130 2831 184 2870 19
217 2829 413 2872 Latinos
451 2828 582 2872 deest
619 2829 669 2872 in
700 2827 756 2882 V,
796 2828 878 2872 sed
917 2829 1190 2884 explicatur.
1313 2834 1368 2872 21
1401 2827 1719 2883 investiyanda
1749 2827 1821 2871 ed.

129 2890 186 2929 23
230 2888 518 2942 requirebant
562 2887 604 2931 V
657 2888 931 2943 requirentes
984 2888 1055 2931 ed.
1190 2893 1246 2931 24
1292 2893 1401 2931 esset
1440 2886 1481 2929 V
1526 2899 1617 2930 esse
1662 2891 1706 2930 et
1750 2886 1823 2930 ed.

130 2949 186 3012 25
216 2947 350 3047 sgrtis
378 2946 421 2990 V
451 2947 567 3001 forte
599 2946 672 2990 ed.
764 2950 819 2989 26
853 2947 1038 2991 dilectos
1066 2946 1124 2990 V.
1212 2950 1267 2989 28
1299 2952 1421 2990 terra
1453 2945 1524 2989 ed.
1560 2946 1566 3002 1
1602 2950 1752 2989 tamen
1781 2944 1825 2988 V

129 3017 182 3046 in
212 3017 236 3046 e
275 3039 283 3047 .

12 2810 22 2897 —..—-o
