2050 3226
768 158 1073 216 AENEmos
1103 158 1146 202 1
1693 163 1800 215 401

108 300 195 348 ille
240 300 398 364 igitur
442 299 604 348 multa
648 300 752 348 tela
797 299 1052 361 mittebat,
1097 298 1283 364 figebat
1326 299 1510 360 multa,
1557 298 1643 348 sed
1680 300 1803 349 haec

0 400 2 452 μ
110 374 239 423 scuti
294 372 509 423 ambitus
563 373 864 435 sustinebat,
926 373 1298 437 excipiebantur
1349 372 1624 425 resistentis
1681 377 1803 436 arte,

0 455 13 500 ¹.
109 448 308 497 nuflum
351 447 584 498 veniebat
629 449 683 495 in
729 463 923 511 corpus.
1000 452 1070 497 ter
1108 448 1289 497 circum
1331 447 1604 495 adstantem
1643 447 1804 497 laevos
1822 459 1907 501 885

0 501 18 578 ἐ
109 522 340 583 equitavit
373 522 429 570 in
466 522 605 571 orbes
643 522 739 571 tela
782 537 937 571 manu
973 521 1182 571 iaciens.-
1227 537 1342 571 cum
1379 521 1574 570 Aeneas
1613 538 1713 570 uno
1750 523 1804 570 in

4 587 13 649 ζ’
59 610 79 643 5
109 597 218 646 loco
264 596 577 657 consisteret,
622 598 699 644 ter
744 596 1017 646 Mezentius
1063 596 1230 646 laevos
1269 595 1323 645 in
1362 611 1511 660 gyros
1558 596 1806 644 circumiit

109 672 327 722 stantem
370 685 527 718 manu
570 669 791 734 dirigens
830 671 945 719 tela.
1022 674 1093 719 ter
1129 684 1291 720 secum
1330 670 1510 719 Troius
1546 669 1686 718 heros
1730 671 1805 718 in·

108 758 304 793 manem
342 747 508 793 aerato
540 745 818 804 circwnfert
855 744 1057 806 tey‘mine
1094 745 1286 793 silvam.
1348 745 1575 806 quotiens
1615 743 1806 792 Mezen-

108 819 210 868 tius
249 817 497 867 circumiit
526 817 731 867 Aenean
777 819 914 882 gyris
961 820 1145 868 totiens
1191 818 1336 868 heros
1374 818 1552 867 Troius
1593 819 1806 868 occurrit

109 895 306 942 scutum
337 892 575 954 obiciens,
616 892 751 955 quod
780 893 958 942 iaculis
993 893 1096 941 iam
1126 894 1293 941 fuerat
1321 891 1531 946 infinitis
1560 891 1806 941 insertum

3 997 8 1031 ς
35 981 80 1018 11
110 968 163 1015 et
198 967 354 1018 silvae
392 966 572 1016 faciem
610 967 938 1029 praeferebat.
1005 967 1119 1016 inde
1155 967 1242 1016 ubi
1279 970 1344 1016 tot
1380 967 1588 1016 traxisse
1624 981 1804 1024 moraS,

2 1046 16 1140 ἴ
110 1044 176 1090 tot
203 1041 396 1102 an'cula
426 1041 582 1090 taedet
610 1041 782 1090 vellere
804 1045 847 1090 et
868 1044 1068 1102 wryetua·
1087 1055 1266 1102 puyrza
1297 1055 1580 1102 conyressus
1609 1041 1807 1101 iniqua.-

4 1141 11 1165 ,ν
110 1114 199 1165 ubi
250 1116 423 1164 tantae
478 1117 728 1164 extractae
782 1117 899 1164 sunt
947 1130 1137 1176 morae,
1190 1114 1279 1163 ubi
1332 1115 1554 1178 pudebat
1604 1117 1807 1164 tantum

109 1190 325 1238 telorum
374 1205 639 1237 numerum
688 1192 829 1238 scuto
879 1191 1080 1252 portare
1132 1191 1375 1252 tantaque
1422 1185 1459 1253 †
1510 1192 1693 1251 essent,
1748 1192 1807 1238 ut

110 1264 232 1313 haec
271 1263 390 1312 velli
428 1263 508 1312 vel
545 1264 734 1326 portari
772 1280 872 1313 non
910 1265 1136 1327 possent,
1176 1265 1228 1312 et
1266 1279 1378 1312 cum
1418 1266 1682 1327 urgeretur
1710 1262 1805 1312 ini-

38 1351 80 1385 15
112 1353 211 1399 quo
251 1337 518 1386 certamine
559 1331 813 1404 (iniquum
851 1339 1101 1386 certamen
1137 1337 1250 1386 ideo
1290 1338 1410 1398 fm't,
1457 1339 1578 1400 quia
1615 1338 1805 1386 Mezen<-

110 1412 211 1461 tius
272 1413 387 1474 equi
448 1411 698 1475 praesidio
759 1411 1030 1461 iuvabatur
1090 1413 1139 1459 et
1193 1427 1218 1459 e
1279 1427 1470 1460 summo
1532 1412 1806 1476 pugnabat,

109 1484 304 1534 Aeneas
358 1501 474 1534 vero
527 1485 581 1533 in
634 1485 786 1549 plano
840 1487 1034 1549 positus
1095 1487 1283 1534 maiore
1344 1485 1528 1535 laboris
1590 1486 1805 1549 pondere

110 1553 462 1626 gravabatur),
514 1559 670 1608 multa
721 1571 918 1608 movens
971 1561 1136 1608 auimo
1188 1561 1291 1608 iam
1341 1560 1535 1608 tandem
1584 1561 1806 1622 erumpit.
1824 1571 1910 1613 890

109 1634 271 1683 multa
317 1649 444 1696 quae
491 1635 653 1683 facere
700 1633 900 1683 deberet
943 1634 1050 1697 ipse
1097 1634 1352 1683 conferens
1400 1650 1564 1683 secum
1602 1634 1806 1684 tandem

37 1722 82 1760 20
109 1711 306 1771 reperto
345 1707 552 1757 consilio
593 1709 810 1771 erumpit
847 1709 901 1756 in
940 1710 1152 1769 factum3
1199 1711 1306 1756 arte
1352 1710 1484 1756 enim
1530 1724 1654 1771 opus
1692 1708 1806 1770 fuit,

109 1783 168 1830 ut
197 1783 307 1845 ipsa
339 1784 590 1845 peteretur
620 1798 771 1832 causa
795 1799 923 1846 quae
951 1782 1273 1846 iniquitatem
1298 1782 1581 1831 certaminis
1605 1783 1804 1832 fecerat.

112 1856 324 1919 denique
372 1859 524 1906 moris
577 1856 802 1920 abruptis
862 1858 988 1906 inter
1045 1857 1289 1906 bellatoris
1346 1857 1454 1916 equi
1511 1871 1634 1905 cava
1692 1861 1805 1905 tem-

102 1944 234 1990 pora
273 1931 444 1979 conicit
480 1931 697 1979 hastam:
742 1947 925 1995 magno
963 1932 1057 1980 hoc
1097 1931 1304 1980 consilio
1344 1931 1536 1979 factum
1574 1932 1672 1993 est3
1718 1947 1803 1979 no·

110 2006 253 2053 verat
313 2005 445 2052 enim
498 2004 799 2054 Mezentium
852 2005 1037 2054 idcirco
1093 2006 1210 2068 equi
1262 2004 1501 2053 auxilium
1552 2006 1804 2068 petivisse,

0 2125 1 2134 ,
37 2091 81 2127 25
113 2079 234 2141 quia
270 2079 378 2140 ipse
418 2078 593 2128 debilis
633 2079 744 2127 fuit.
790 2082 922 2128 recte
959 2081 1118 2143 igitur
1154 2079 1349 2128 Aeneas
1390 2079 1450 2127 de
1489 2080 1603 2142 equi
1641 2080 1805 2142 prima

0 2140 3 2172 Ε
110 2154 327 2214 pernicie
378 2151 641 2236 cogitavit3
694 2154 802 2216 ipso
854 2154 985 2202 enim
1035 2153 1195 2202 occiso
1245 2169 1346 2202 non
1394 2154 1566 2238 magni
1618 2154 1803 2202 laboris

111 2227 278 2275 fuerat
333 2226 397 2275 ad
456 2227 612 2289 ipsius
667 2227 850 2289 equitis
908 2227 1168 2275 interitum
1219 2229 1490 2290 pervenire.
1581 2228 1702 2276 tollit
1753 2243 1805 2276 se

0 2278 6 2364 f
113 2304 353 2349 arrectum
385 2301 686 2361 quadrupes,
726 2302 819 2350 hoc
858 2304 935 2349 est
972 2300 1145 2350 erectis
1184 2301 1345 2364 primo
1385 2319 1474 2364 per
1511 2317 1628 2350 aera
1665 2301 1802 2364 pedi-

114 2374 204 2423 bus
234 2374 406 2437 primis
439 2374 796 2437 posterioribus
828 2376 981 2423 stetit.
1045 2378 1087 2423 et
1117 2375 1330 2424 calcibus
1369 2390 1523 2425 auras
1561 2377 1803 2424 verberat.-

40 2461 83 2496 ω
111 2447 423 2513 intellegitur
475 2450 568 2497 hoc
620 2451 815 2498 mutato
871 2449 1117 2498 schemate
1178 2449 1533 2512 posterioribus
1594 2448 1801 2511 pedibus

113 2522 286 2571 fecisse
327 2525 398 2584 et,
450 2539 562 2571 cum
613 2522 782 2571 dolore
832 2525 1108 2585 pernicioso
1153 2524 1461 2584 turbaretur,
1512 2522 1802 2586 obsequium

234 2683 286 2722 11
319 2679 503 2735 specula
525 2678 580 2723 V.
686 2682 739 2721 12
773 2683 986 2724 ettractae
1007 2678 1050 2722 V
1080 2684 1253 2724 tractae
1284 2679 1355 2722 ed.
1457 2683 1510 2722 13
1541 2683 1803 2734 tantamque

112 2737 154 2780 V
198 2751 311 2782 corr.
356 2738 426 2782 ed.
494 2737 500 2796 Ι
568 2742 711 2782 essent
745 2736 787 2780 V
822 2737 893 2782 ed
943 2740 1211 2807 corruptum
1264 2740 1400 2794 puto:
1456 2751 1547 2782 esse
1592 2737 1802 2782 videbat?

115 2801 170 2839 14
201 2801 295 2842 u=
309 2798 377 2841 vel
398 2796 441 2840 V
472 2802 554 2842 aut
583 2798 679 2841 iam
710 2796 782 2839 ed.
906 2801 960 2840 15
997 2798 1172 2842 inicum
1209 2798 1450 2841 certamine
1483 2797 1583 2841 ideo
1615 2796 1657 2839 V
1687 2810 1802 2840 corr.

115 2855 185 2899 ed.
212 2855 268 2899 cf.
295 2859 394 2899 901.
489 2860 542 2899 16
573 2856 762 2900 iubatur
784 2854 827 2898 V
851 2869 940 2899 om.
965 2856 1035 2900 ed
1072 2856 1078 2915 Ι
1112 2869 1284 2901 summo
1307 2855 1349 2898 V
1377 2870 1399 2899 e
1421 2869 1455 2900 s.
1482 2869 1564 2899 nos
1595 2856 1646 2900 iu
1668 2869 1703 2900 s.
1730 2855 1800 2900 ed.

116 2918 171 2957 20
213 2920 388 2971 reporto
421 2914 464 2958 V
503 2928 617 2958 corr.
650 2915 722 2958 ed
860 2919 914 2959 21
957 2916 1054 2972 ipse
1089 2915 1130 2959 V
1174 2928 1286 2959 corr.
1327 2914 1399 2959 ed.
1457 2915 1463 2972 Ι
1518 2915 1688 2968 faceret
1729 2915 1787 2959 ed

116 2976 171 3016 30
203 2979 399 3018 mutatos
428 2979 594 3019 eemate
617 2973 670 3017 V.

204 3062 302 3095 Don.
319 3062 399 3095 inte
381 3063 548 3103 erpr.Ve
551 3072 606 3103 rg.
632 3071 680 3095 vo
659 3063 709 3095 ol.
726 3062 778 3094 11.
1479 3066 1534 3106 26
