2050 3226
57 989 101 1023 10

57 1359 100 1394 1⁶

55 1730 100 1764 20

55 2100 98 2134 25

55 2469 99 2503 80

774 169 1078 214 AENEIDos
1102 170 1189 214 vn
1759 173 1831 228 95

132 313 370 372 siynaque
405 311 535 371 ferre
571 311 712 359 iuvat
746 311 1026 369 sonitusque
1056 310 1231 358 audire
1267 311 1520 358 tubarum:
1557 310 1610 358 in
1642 310 1831 359 deside-

133 387 265 434 rium
299 387 506 434 venerat
537 383 774 447 quicquid
805 383 1067 432 constabat
1098 383 1326 432 omnibus
1361 399 1466 433 esse
1502 386 1830 447 contrarium3

133 462 278 508 tanta
324 460 458 507 enim
495 459 571 508 vis
619 457 841 507 insaniae
888 457 1006 519 fuit,
1056 460 1115 506 ut
1161 458 1370 507 adversa
1419 474 1509 521 pro
1561 458 1830 507 commodis

134 536 441 596 optarentur.
517 533 727 592 quinque
772 532 892 581 adeo
929 546 1140 593 ‘maynae
1168 533 1348 592 positis
1384 533 1645 581 incudibus
1686 534 1831 581 urbes

133 608 228 656 tela
265 611 470 656 novant:
519 607 690 655 tantus
728 605 950 654 bellandi
989 621 1127 654 amor
1163 606 1454 668 incesserat,
1492 610 1550 655 ut
1586 606 1830 669 plurimae
1849 619 1934 658 630

131 681 279 730 urbes
319 683 369 730 et
397 697 610 745 magnae
640 679 817 742 positis
849 679 1112 729 incudibus
1143 680 1386 730 novandis
1418 680 1554 742 telis,
1594 682 1832 744 quoniam

131 758 302 804 vetera
333 771 436 805 esse
469 754 739 816 desierant,
779 770 982 817 operam
1014 753 1203 803 darent.
1264 771 1526 803 numerum
1558 756 1608 803 et
1636 757 1830 818 magni-

130 829 357 878 tudinem
387 830 650 879 civitatum
681 827 935 891 expressit.
990 844 1103 877 cum
1132 845 1249 878 vero
1273 828 1333 877 de
1362 829 1627 878 incudibus
1659 830 1830 893 loque-

130 906 281 966 retur,
311 904 514 952 modum
544 904 719 964 tacuit,
749 905 808 951 ut
836 902 1035 952 infinita
1065 905 1195 952 esset
1225 903 1507 952 aestimatio
1540 919 1597 953 ac
1626 903 1831 953 maioris

131 977 364 1040 ponderis
404 978 545 1027 fieret
584 977 719 1041 quod
758 977 955 1026 dicebat
991 979 1287 1040 tantumque
1327 978 1543 1026 telorum
1580 977 1691 1026 fieri
1728 993 1829 1026 cre·

132 1053 330 1101 deretur
354 1055 600 1116 quantum
624 1051 855 1115 exigebat
868 1053 946 1100 tot
961 1052 1260 1113 populorum
1276 1052 1524 1100 confluens
1539 1052 1828 1101 multitudo.

131 1126 392 1191 subiungit
428 1126 652 1190 ipsarum
684 1126 883 1174 urbium
913 1125 1116 1173 nomina
1148 1141 1262 1174 cum
1291 1127 1481 1174 virtute
1514 1142 1571 1175 ac
1601 1128 1829 1188 potentia

131 1215 237 1262 sua,
267 1217 328 1248 ne
362 1202 508 1264 quasi
537 1200 749 1249 humiles
780 1215 881 1247 non
910 1201 1111 1248 tantum
1143 1215 1323 1262 parare
1353 1200 1642 1249 viderentur
1673 1217 1829 1264 quan-

130 1277 239 1322 tum
277 1274 583 1339 fulgentibus
615 1273 826 1323 catervis
866 1274 1034 1322 fuerat
1063 1274 1414 1323 necessarium.
1475 1274 1634 1323 Atina
1654 1278 1830 1334 potens

132 1349 378 1410 Tiburque
435 1349 720 1408 superbum,
782 1346 954 1396 Ardea
1016 1346 1411 1408 Crustumerique
1465 1352 1510 1396 et
1560 1350 1830 1410 turriyerae

129 1421 428 1472 Antemnae:
465 1423 587 1471 haec
626 1422 831 1470 fuerunt
859 1423 1065 1470 nomina
1104 1423 1382 1472 civitatum.
1446 1421 1687 1485 [tegmina
1726 1427 1829 1472 tuta

130 1500 307 1545 cavant
348 1495 591 1559 capitum]
635 1498 922 1556 flectuntque
958 1497 1182 1558 saliynas
1219 1498 1485 1545 umbonum
1523 1498 1692 1554 crati-8,
1741 1498 1830 1546 alii

129 1571 354 1620 thoracas
392 1585 540 1620 aenos
578 1574 666 1619 aut
703 1571 821 1619 levis
859 1584 1025 1619 ocreas
1061 1572 1183 1619 lento
1215 1572 1400 1620 ducunt
1429 1575 1651 1632 arqento:
1680 1572 1828 1620 facie-

128 1644 273 1708 bant,
310 1645 498 1709 inquit,
539 1645 628 1693 alii
665 1645 835 1709 galeas
874 1647 1118 1707 scutaque
1157 1645 1465 1707 formabant,
1512 1645 1603 1694 alii
1645 1646 1827 1694 umeris

128 1719 376 1781 parabant
404 1718 734 1781 munimenta,
772 1718 1003 1781 pedibus,
1040 1721 1101 1767 ut
1129 1720 1251 1769 haec
1282 1719 1435 1768 etiam
1464 1720 1827 1782 pulchritudini

130 1796 315 1855 essent,
363 1795 569 1858 argento
616 1793 931 1843 decorabant.
1006 1794 1214 1843 vomeris
1259 1795 1352 1842 huc
1398 1797 1442 1842 et
1476 1794 1624 1853 falcis
1660 1794 1824 1851 honos,
1844 1804 1929 1845 635

129 1867 222 1915 huc
266 1869 423 1916 omnis
473 1869 633 1916 aratri
678 1868 819 1916 cessit
862 1882 1028 1916 amor:
1081 1883 1190 1917 ecce
1237 1868 1400 1932 qualis
1449 1868 1668 1916 amentia
1716 1868 1825 1916 uni-

130 1956 385 1990 versorum
438 1942 713 2006 agrestium
763 1944 952 1990 mentes
1003 1945 1339 2005 oppresserat,
1388 1944 1448 1991 ut
1495 1942 1825 1991 instrumenta

131 2014 363 2064 curandis
416 2018 716 2078 praeparata
769 2015 1015 2064 fructibus
1070 2019 1121 2065 et
1170 2019 1460 2065 cunctorum
1509 2017 1665 2065 saluti
1714 2033 1824 2080 pro-

129 2089 300 2137 futura
343 2089 397 2137 in
451 2105 534 2139 eas
588 2091 774 2152 species
830 2092 1084 2139 mutarent
1138 2107 1264 2154 quae
1319 2090 1594 2139 adimerent
1645 2091 1823 2140 vitam!

129 2179 239 2212 ecce
270 2166 460 2226 quanta
491 2164 714 2212 confusio
746 2166 798 2212 et
828 2166 1047 2227 quantus
1077 2164 1131 2212 in
1162 2164 1388 2213 omnibus
1422 2167 1584 2214 terror
1615 2167 1824 2227 quanta-

130 2254 226 2300 que
264 2238 378 2286 laus
415 2237 613 2286 Aeneae
662 2240 813 2300 atque
852 2238 1203 2288 Troianorum:
1249 2255 1392 2287 omne
1438 2239 1628 2287 ferrum
1666 2242 1824 2288 verte-

127 2311 279 2360 batur
315 2313 370 2359 in
416 2311 634 2376 gladioS‚
684 2314 735 2360 et
779 2327 959 2374 parum
1007 2313 1107 2362 fuit
1153 2313 1391 2376 quicquid
1438 2313 1821 2362 inaestimabilis

128 2385 340 2434 formido
381 2385 625 2448 dictabat,
665 2386 736 2434 sic
775 2387 943 2434 omnia
974 2387 1287 2436 culturarum
1317 2387 1541 2436 subsidia
1573 2403 1822 2435 consume-

127 2459 334 2522 bantur,
371 2462 430 2508 ut
474 2459 735 2524 praesagio
784 2460 1000 2523 quodam
1047 2463 1268 2509 omnium
1315 2461 1418 2509 iam
1462 2464 1823 2510 monstraretur

127 2532 362 2583 interitus
394 2536 446 2582 et
477 2536 739 2596 appareret
766 2550 848 2582 eos
874 2534 937 2583 ad
969 2550 1202 2584 arvorum
1232 2535 1518 2584 exercitium
1549 2551 1821 2597 numquam

247 2694 275 2732 4
305 2690 572 2744 incudibus,
596 2690 647 2733 in
669 2690 863 2747 interpr.
888 2691 1120 2735 incutibus
1143 2690 1199 2735 V.
1293 2696 1348 2735 14
1378 2691 1659 2748 fuyientibus
1681 2689 1723 2732 V
1748 2690 1819 2734 ed.

129 2748 201 2801 ful
229 2749 406 2793 entibus
429 2763 512 2792 nos
537 2749 594 2792 cf.
614 2754 699 2794 626
725 2752 772 2793 et
797 2753 838 2803 8,
856 2753 955 2794 593.
1031 2755 1086 2794 16
1111 2751 1375 2808 teymina—
1392 2755 1444 2794 17
1463 2751 1665 2805 capitum
1690 2749 1820 2793 deest

129 2806 179 2849 in
247 2842 258 2861 ‚
283 2807 365 2851 sed
390 2808 661 2863 explicatur.
752 2812 806 2851 18
831 2813 1018 2866 argento
1041 2809 1145 2852 finis
1169 2809 1403 2854 lemmatis
1427 2810 1477 2853 in
1501 2808 1542 2851 V
1566 2809 1817 2852 vomeris—

130 2878 258 2910 amor
281 2866 389 2910 add.
407 2867 478 2910 ed.
565 2871 620 2911 20
645 2867 911 2924 pedibus—
929 2872 983 2911 21
1008 2868 1285 2913 decorabant
1315 2883 1402 2912 om.
1430 2868 1500 2912 ed.
1587 2872 1642 2910 22
1666 2868 1817 2912 huc-

131 2927 187 2966 23
217 2926 518 2971 instrumenta
548 2939 636 2970 om.
662 2927 733 2971 ed.
853 2930 907 2969 25
941 2940 1017 2971 eas
1039 2926 1082 2970 V
1112 2941 1189 2972 eas
1217 2929 1292 2972 illi
1323 2927 1393 2971 ed.
1516 2930 1573 2970 26
1605 2931 1748 2972 terror
1778 2926 1819 2969 V

132 2995 254 3027 error
284 2983 355 3028 ed.
478 2988 533 3027 29
564 2986 762 3039 formido
788 2984 831 3029 V
859 2986 1081 3040 fortitudo
1113 2986 1184 3030 ed.
