2050 3226
241 194 345 248 166
708 191 941 237 DONATI
970 191 1251 236 INTERPR.
1276 190 1456 237 VERG.

237 331 455 380 ostendit
491 333 644 381 etiam
681 332 884 381 nomina
930 347 1042 380 cum
1088 330 1385 395 oppidorum
1430 330 1684 380 moenibus
1724 331 1927 380 abolita.

134 415 219 455 360
236 407 417 455 talibus
453 407 580 454 inter
617 421 667 454 se
705 406 846 455 dictis
885 406 952 454 ad
989 409 1110 454 tecta
1147 406 1379 453 subibant
1414 406 1655 465 pauperis
1691 405 1928 454 Euandri

231 481 513 540 passimque
535 483 758 529 armenta
779 481 1009 528 videbant
1030 480 1346 539 Romanoque
1367 480 1474 539 foro
1498 483 1543 527 et
1565 480 1713 528 lautis
1741 480 1929 540 muyire

239 553 462 602 Carinis:
500 570 614 603 cum
651 555 773 603 haec
809 554 941 602 inter
979 568 1030 602 se
1070 555 1233 602 essent
1270 553 1425 602 locuti
1463 547 1587 620 (non
1624 553 1757 602 enim
1795 553 1927 603 solus

235 628 469 676 Euander
506 629 702 677 locutus
742 631 838 690 est,
885 628 971 676 sed
1007 627 1200 676 Aeneas
1241 627 1414 687 etiam3
1456 643 1574 675 nam
1612 643 1765 690 supra
1804 627 1931 675 dixit

237 696 395 769 (311)
423 705 504 764 „et
535 702 733 766 singula
763 703 924 750 laetus
956 701 1270 764 exquiritque
1302 701 1539 763 auditque
1562 702 1726 751 virum
1755 717 1929 750 monu-

234 778 404 824 menta
443 770 736 843 priorum“),
776 776 840 825 ad
870 778 1003 824 tecta
1042 775 1298 838 subibant,
1336 777 1526 837 inquit,
1565 791 1666 823 non
1696 775 1930 824 subibant

154 848 158 852 ’
235 852 391 912 tecta,
429 853 488 899 ut
525 866 624 899 non
662 850 879 914 ingredi,
918 849 1003 898 sed
1040 849 1143 898 iam
1181 851 1239 898 ut
1275 851 1530 912 propiores
1568 849 1677 898 fieri
1706 849 1930 898 videren-

235 926 331 972 tur.
371 925 606 987 pauperis
629 924 874 973 Euandri:
904 923 1019 972 hinc
1042 924 1269 972 Euandri
1297 923 1536 972 memoria
1565 923 1930 986 praedicabilis,

237 999 370 1061 quod
415 1014 626 1060 pauper,
674 1001 725 1047 et
768 998 883 1046 inde
930 998 1105 1046 merito
1152 997 1527 1060 praeferendus,
1575 999 1695 1060 quia
1747 1013 1931 1062 magna

236 1073 342 1120 eius
380 1073 544 1136 gloria
583 1071 750 1122 extitit
787 1073 841 1120 in
878 1074 1175 1135 paupertate
1213 1087 1449 1136 regnasse
1497 1074 1646 1135 atque
1691 1071 1745 1119 in
1789 1072 1932 1136 regni

235 1148 484 1208 potestate
523 1148 744 1209 positum
790 1162 879 1195 nec
910 1146 1160 1209 quaesisse
1206 1162 1296 1195 nec
1343 1147 1538 1194 auxisse
1578 1145 1805 1208 divitias;
1861 1146 1931 1194 sic

235 1222 403 1268 tamen
427 1237 697 1284 pauperem
721 1220 950 1269 debemus
977 1220 1222 1283 accipere:
1253 1237 1353 1269 non
1378 1222 1599 1283 egestate
1625 1235 1930 1283 oppressum,

236 1294 320 1342 sed
360 1298 713 1359 congruentem
750 1295 858 1359 regi
897 1310 997 1343 non
1027 1295 1259 1343 habuisse
1291 1294 1636 1343 substantiam.
1698 1293 1933 1342 describit

237 1367 360 1431 quid
391 1370 460 1417 sit
490 1368 623 1431 quod
648 1369 775 1417 dixit
804 1369 992 1431 passim
1014 1369 1094 1417 vel
1120 1369 1281 1431 qualis
1314 1368 1467 1417 fuerit
1497 1369 1608 1431 ipsa
1639 1371 1931 1432 paupertas:

235 1442 444 1505 passim,
494 1443 682 1505 inquit,
733 1442 882 1492 boves
931 1459 1094 1492 errare
1133 1443 1432 1492 videbantur
1476 1443 1529 1490 in
1567 1443 1700 1504 foro,
1750 1445 1807 1491 ut
1844 1458 1933 1505 per

235 1517 458 1565 locorum
507 1517 768 1579 penuriam
818 1533 917 1565 non
969 1519 1099 1566 esset
1149 1517 1380 1566 discretio
1430 1519 1561 1565 inter
1608 1517 1831 1565 homines
1884 1519 1933 1564 et

236 1590 385 1639 boves
420 1592 470 1639 et
492 1590 580 1639 ubi
611 1590 869 1638 hominum
900 1591 1137 1654 strepitus
1171 1606 1275 1639 esse
1301 1591 1540 1639 debuerat
1569 1590 1675 1638 illic
1707 1594 1932 1639 armenta

234 1665 388 1714 lautis
416 1664 610 1713 Carinis
633 1665 897 1729 mugirent.
940 1665 1234 1714 Carinarum
1256 1666 1375 1713 fecit
1399 1665 1931 1726 commemorationem,

235 1740 294 1786 ut
343 1738 646 1803 significaret
694 1739 792 1787 loci
836 1755 1037 1801 nomen,
1087 1755 1187 1787 non
1228 1742 1286 1787 ut
1332 1755 1475 1788 veras
1525 1738 1667 1787 navis
1719 1740 1773 1786 in
1822 1739 1931 1787 foro

236 1812 387 1861 fuisse
423 1814 736 1862 monstraret.
798 1817 852 1861 ut
881 1818 1076 1861 ventum
1107 1814 1175 1862 ad
1203 1813 1362 1861 sedes:
1401 1829 1510 1862 ecce
1544 1813 1768 1875 aperitur
1799 1813 1933 1875 quod

236 1902 388 1948 supra
420 1886 611 1935 dictum
650 1889 725 1935 est
763 1886 827 1934 ad
865 1889 998 1935 tecta
1030 1887 1286 1949 subibant,
1326 1889 1386 1935 ut
1415 1903 1514 1935 non
1548 1887 1612 1934 ad
1641 1887 1754 1949 ipsa
1783 1889 1931 1948 tecta,

237 1961 321 2008 sed
351 1976 503 2023 prope
534 1961 645 2023 ipsa
670 1962 1047 2009 ostenderentur
1068 1961 1274 2009 venisse.
1325 1977 1458 2010 nunc
1489 1977 1606 2025 ergo
1638 1963 1932 2023 perventum

236 2036 311 2082 est
350 2035 414 2082 ad
451 2036 587 2097 ipsas
628 2035 789 2096 sedes,
838 2051 935 2098 quo
984 2036 1117 2084 facto
1168 2036 1306 2091 haec,
1346 2036 1523 2094 inquit,
1567 2036 1741 2083 limina
1782 2036 1932 2083 victor

235 2108 431 2156 Alcides
469 2109 637 2164 subiit,
677 2107 823 2170 ffleaec
858 2110 999 2157 illum
1030 2111 1166 2170 reyia
1198 2108 1364 2170 cepitJ:
1403 2110 1640 2171 quoniam
1670 2125 1770 2157 non
1800 2109 1932 2157 tanti

235 2182 400 2230 meriti
439 2182 639 2230 fuerant
678 2182 922 2244 Euandri,
972 2186 1031 2231 ut
1069 2200 1158 2245 per
1196 2199 1246 2232 se
1286 2183 1485 2231 laudari
1522 2184 1826 2246 potuissent,
1872 2185 1932 2230 ut

235 2256 424 2304 factum
449 2258 524 2305 est
547 2272 658 2304 cum
682 2256 852 2304 Latini
874 2258 1013 2320 regia
1036 2258 1400 2319 praeferuntur,
1426 2257 1674 2320 quaesivit
1696 2256 1931 2304 Euander

236 2331 340 2378 suis
379 2330 577 2378 laudem
618 2346 675 2378 ex
713 2346 922 2392 persona
962 2330 1192 2380 Herculis
1234 2331 1400 2379 dicens
1447 2347 1547 2379 non
1592 2330 1687 2378 tibi
1733 2330 1931 2378 sordeat

234 2404 374 2467 regia
423 2420 547 2452 mea.
624 2404 740 2452 hinc
790 2404 1020 2453 debemus
1072 2421 1215 2454 nosse
1267 2405 1677 2468 qualemcumque
1729 2404 1930 2452 domum

1963 988 2050 1046 10ἕ

1965 1381 2006 1415 15

1964 1751 2007 1783 20

1963 2118 2004 2151 25

235 2478 364 2542 regis
404 2478 595 2542 regiam
634 2477 731 2526 dici
762 2494 926 2544 posse3
966 2480 1156 2543 regiam
1187 2479 1317 2527 enim
1349 2479 1490 2526 illam
1520 2493 1639 2526 usus
1671 2478 1928 2526 hominum
1961 2488 2003 2520 3⁰

356 2653 379 2692 1
406 2649 575 2693 abolita
591 2647 634 2691 V
658 2649 818 2692 abdita
842 2648 913 2692 ed.
1007 2653 1033 2692 8
1065 2655 1116 2693 ut
1138 2662 1232 2693 non
1248 2648 1290 2693 V
1313 2662 1407 2693 non
1431 2662 1518 2692 om.
1546 2648 1615 2692 ed.
1712 2652 1767 2692 10
1791 2662 1929 2705 prae-

234 2708 450 2761 ferendus
486 2707 529 2750 V
566 2708 904 2764 praeficiendus
950 2708 1020 2751 ed.
1157 2712 1211 2751 15
1257 2708 1412 2763 fuerat
1449 2706 1492 2750 V
1526 2707 1598 2751 ed.
1644 2708 1786 2762 suerit
1830 2721 1926 2750 nos.

238 2771 290 2808 17
324 2780 476 2811 omnes
498 2766 541 2810 V
569 2768 769 2811 homines
801 2766 871 2809 ed.
992 2771 1046 2810 25
1078 2768 1385 2823 haee—cepit
1416 2766 1547 2810 deest
1578 2766 1628 2810 in
1650 2765 1710 2820 V,
1739 2765 1821 2810 sed
1853 2779 1928 2809 ex-

236 2825 451 2880 plicatur.
525 2826 529 2883 !
602 2827 724 2870 tanti
775 2826 926 2869 meriti
963 2824 1003 2867 V
1059 2826 1172 2882 (scil.
1222 2827 1401 2881 limina)
1455 2830 1588 2870 tanta
1640 2826 1801 2869 merita
1855 2825 1926 2868 ed.

237 2889 291 2927 27
338 2886 465 2941 reyia
511 2885 839 2940 praeferuntur
884 2883 926 2927 V
973 2884 1060 2927 edI
1125 2884 1241 2941 (scil.
1297 2885 1477 2938 limina)
1543 2883 1750 2939 corrupit
1811 2883 1927 2927 edF.

237 2947 293 2985 28
333 2944 487 2987 dicens
506 2970 564 2975 —
589 2948 644 2986 29
683 2944 789 2987 hinc
834 2957 922 2987 om.
956 2944 1026 2987 ed.
1150 2948 1206 2987 30
1249 2958 1360 2988 usus
1400 2944 1631 2987 hominum
1672 2943 1848 2988 oratius
1885 2942 1928 2985 V

236 3016 325 3046 usu
354 3003 587 3047 hominum
621 3003 846 3059 Verqilius
877 3002 979 3046 edF
1011 3004 1187 3047 oratius
1218 3002 1262 3045 H
1286 3001 1374 3047 edI
1403 3003 1610 3046 horatius
1641 3001 1692 3046 Ο.
