2050 3226
731 191 1035 245 AENEIDOS
1065 191 1130 236 Χῖ
1667 195 1774 250 451

17 367 34 402 f,
85 346 225 381 orwm
262 332 554 394 supplicia!)
594 335 639 380 et
672 333 894 393 scopulos
925 332 1196 382 lacrimosis
1220 332 1416 381 »vocibus
1446 333 1653 393 inplent:
1691 349 1779 383 nec

17 404 44 468 ἶ,
87 407 341 468 desinunt,
377 406 567 470 inquit,
604 407 739 456 mala
767 422 901 470 mea3
938 423 1055 456 nam
1085 406 1258 456 multis
1291 407 1538 469 portentis
1569 406 1778 456 existen·

30 475 38 515 .·
84 481 219 530 tibus
258 481 467 530 adversa
505 496 760 543 superesse
809 481 1128 531 nuntiantur:
1179 483 1230 529 et
1274 480 1398 530 socii
1449 480 1549 530 mei
1598 481 1778 530 amisso

85 555 303 604 humano
341 570 545 618 corpore
583 555 637 603 in
676 570 791 604 aves
831 557 948 604 sunt
983 556 1185 618 repente
1215 555 1462 616 conversi,
1511 555 1650 604 salvo
1689 556 1780 604 sci-

18 639 63 666 “-
86 630 204 678 licet
239 629 496 678 hominum
547 644 720 690 sensu,
774 631 832 678 ut
881 629 986 678 sine
1031 628 1335 678 cruciatibus
1380 628 1634 693 perpetuis
1681 645 1781 678 non

87 704 202 753 sint.
278 703 338 751 de
376 703 621 767 portentis
659 703 828 767 potuit
866 719 969 752 esse
1008 703 1320 766 simulam,
1368 702 1455 752 sed
1492 703 1608 752 huic
1645 705 1782 766 parti

19 806 26 818 2
85 777 248 826 iunxit
285 777 570 839 veritatem,
608 780 669 827 ut
704 779 970 841 utramque
1009 778 1291 827 ostenderet
1326 793 1509 828 veram.
1567 777 1780 840 denique

28 867 30 869 ’
84 852 213 901 hanc
252 851 408 901 satiat
437 852 644 901 dicendo
675 851 1061 915 fluminibusque
1091 854 1342 916 vagantur
1372 867 1489 901 aves
1519 846 1640 919 (heu
1672 852 1783 901 dira

85 941 309 974 meorum
339 920 629 994 supplicial)
677 928 729 975 et
758 926 986 990 scopulos
1017 925 1292 975 lacrimosis
1331 926 1534 976 vocibus
1572 926 1783 990 inplent.

20 1021 46 1063 .'
86 1000 323 1048 indicium
359 1000 459 1049 fuit
502 1001 709 1049 humani
754 1001 1051 1050 remanentis
1098 1016 1270 1050 sensus
1318 1001 1452 1063 quod
1503 1000 1558 1048 in
1604 1000 1784 1050 alitum

16 1089 30 1131 ·,
86 1074 246 1122 forma
283 1076 342 1123 ut
378 1074 603 1123 homines
651 1075 846 1141 fierent,
893 1071 1027 1138 quod
1072 1077 1295 1124 errarent
1342 1091 1431 1138 per
1480 1074 1688 1124 fiumina
1733 1077 1784 1124 et

87 1149 226 1197 sedes
262 1149 366 1197 illis
406 1150 571 1198 essent
606 1148 660 1197 in
699 1149 930 1212 scopulis.
986 1147 1178 1197 interea
1209 1149 1447 1211 quoniam
1484 1164 1583 1197 non
1621 1149 1786 1199 valuit

24 1213 31 1243 ¹
87 1223 376 1272 continuare
423 1222 642 1272 dolorem
692 1239 859 1284 suum,
910 1222 1213 1286 interposuit
1257 1223 1355 1271 heu
1405 1223 1514 1271 dira
1559 1239 1784 1272 meorum

18 1291 31 1326 7
87 1297 355 1360 supplicia,
399 1299 459 1346 ut
505 1297 619 1346 inde
657 1298 817 1362 magis
856 1297 980 1346 facti
1023 1296 1299 1361 indignitas
1339 1299 1599 1359 cresceret,
1651 1298 1785 1360 quod

32 1386 47 1409 ·-
87 1371 197 1420 dira
235 1374 352 1420 sunt
380 1372 530 1434 passi.
583 1373 701 1421 haec
738 1372 858 1420 adeo
897 1386 954 1419 ex
991 1371 1074 1419 illo
1112 1371 1233 1419 mihi
1269 1372 1371 1419 iam
1401 1372 1650 1432 speranda
1679 1373 1784 1432 fue·
1801 1381 1888 1421 275

24 1449 25 1452 ’
85 1449 204 1493 runt
239 1448 468 1506 tempore,
518 1460 623 1494 mom
669 1446 802 1506 ferro
850 1445 1076 1494 caelestia
1121 1460 1325 1506 corpora
1369 1445 1565 1494 demens
1602 1446 1785 1506 adpetii

20 1528 35 1582 2
87 1522 132 1568 et
177 1519 377 1568 Veneris
414 1519 596 1568 violavi
632 1520 831 1568 vulnere
869 1520 1113 1568 dextram:
1158 1520 1303 1568 multi
1341 1519 1566 1569 sentiunt
1602 1520 1785 1569 Vulca-

19 1635 23 1649 ,
87 1610 209 1642 num
254 1596 302 1643 et
348 1593 593 1642 Venerem
645 1594 859 1643 violatos
914 1609 1018 1643 esse
1064 1593 1320 1644 Diomedis
1370 1611 1522 1642 manu
1573 1594 1784 1656 ideoque

23 1704 25 1710 ¹
87 1667 366 1732 Vergilium
405 1667 585 1717 dixisse
625 1669 859 1717 caelestia
905 1684 1134 1731 corpora:
1187 1669 1280 1717 hoc
1334 1669 1378 1717 si
1427 1672 1578 1732 esset,
1633 1669 1786 1717 etiam

76 1741 304 1791 ‘Vulcani
340 1758 521 1790 nomen
558 1743 821 1806 posuisset.
897 1758 988 1807 ego
1027 1744 1195 1791 tamen
1234 1742 1304 1791 sic
1343 1742 1558 1791 arbitror
1593 1743 1787 1792 intelle-

23 1831 25 1834 ⁴
88 1816 304 1881 gendum
342 1818 393 1864 et
433 1818 558 1879 puto
604 1818 697 1866 hoc
743 1833 847 1867 esse
898 1817 1097 1879 melius,
1150 1818 1209 1865 ut
1258 1817 1394 1879 quod
1441 1817 1593 1866 habet
1636 1819 1787 1880 poeta

22 1895 25 1897 ’
88 1892 335 1939 sentiatur
356 1890 548 1955 potius,
574 1907 726 1954 quam
747 1891 800 1940 id
823 1894 989 1940 tenere
1015 1891 1149 1954 quod
1174 1891 1360 1939 dictum
1381 1907 1482 1940 non
1505 1893 1582 1940 est
1602 1891 1786 1955 magis·

89 1981 186 2027 que
216 1964 522 2013 redeundum
561 1966 626 2013 ad
657 1965 851 2014 dicendi
890 1967 1049 2014 artem
1084 1965 1407 2027 iunctumque
1447 1972 1551 2015 'esse
1582 1965 1788 2018 veritati

23 2029 29 2035 ’
88 2038 422 2096 mendacium,
462 2040 523 2086 ut
560 2040 811 2104 sacrilegii
848 2040 1099 2089 commissi
1128 2041 1182 2088 in
1212 2039 1456 2088 Venerem
1494 2056 1554 2088 ex
1584 2056 1786 2104 genera-

45 2144 50 2152 ·
88 2113 232 2162 litate
270 2113 609 2162 cumularetur
644 2114 859 2176 invidia,
910 2115 1059 2176 quasi
1095 2130 1195 2162 non
1233 2114 1416 2176 solam,
1466 2113 1553 2163 sed
1592 2115 1787 2176 aliquot

19 2193 34 2261 j
90 2187 205 2236 deos
245 2188 459 2237 violasse
498 2187 765 2236 videretur.
841 2188 1159 2252 generalitati
1203 2187 1393 2237 interea
1430 2190 1629 2251 poterat
1666 2188 1786 2236 fides

20 2263 34 2318 2*-
91 2260 320 2311 accedere
353 2278 411 2310 ex
449 2277 505 2310 eo
540 2262 674 2324 quod
705 2263 968 2311 constabat
997 2262 1240 2311 Venerem
1269 2263 1371 2311 telo
1394 2262 1648 2311 Diomedis
1681 2278 1786 2311 esse

21 2378 28 2394 ‚
89 2351 387 2398 percussam.
456 2336 579 2384 haec
619 2335 741 2385 adeo
781 2352 839 2384 ex
869 2337 958 2385 illo
997 2336 1121 2384 mihi
1158 2337 1260 2386 iam
1300 2338 1545 2399 speranda
1584 2338 1787 2385 fuerunt

90 2411 333 2473 tempore,
372 2425 483 2458 cum
522 2410 651 2459 ferro
684 2411 917 2459 caelestia
953 2426 1160 2474 corpora
1191 2411 1391 2461 demens
1431 2411 1640 2475 adpetii:
1680 2411 1786 2473 ipse

49 2503 54 2523 ι
91 2485 280 2548 arguit,
310 2483 417 2547 ipse
450 2484 689 2533 defendit:
732 2487 934 2533 accusat
965 2484 1149 2548 quippe
1181 2485 1370 2534 factum
1401 2501 1566 2546 suum,
1599 2487 1649 2533 et
1678 2485 1787 2532 iure

23 2585 29 2596 ·
93 2560 363 2607 commotos
404 2557 519 2607 deos
561 2558 758 2607 adserit.
836 2559 947 2620 quis
987 2559 1118 2606 enim
1157 2559 1351 2608 dubitet
1389 2559 1553 2607 deberi
1595 2559 1786 2621 superis

24 2627 28 2630 ⁴
92 2648 298 2695 poenas,
339 2616 450 2681 curfl
480 2633 609 2681 ferro
650 2635 700 2681 et
729 2633 959 2681 humanis
988 2632 1217 2682 manibus
1250 2632 1583 2696 adpetuntur?
1624 2633 1787 2680 defen-

20 2669 34 2735 J

23 2746 34 2776 3
94 2707 170 2755 dit
205 2708 373 2755 tamen
410 2707 504 2756 hoc
549 2708 716 2771 ipsum
762 2706 1071 2757 extenuando
1122 2709 1173 2757 et
1219 2707 1405 2756 adserit
1443 2708 1639 2755 veniam
1679 2706 1787 2754 dari

216 2836 270 2876 10
315 2833 540 2878 indicium
578 2832 621 2876 V
666 2834 852 2877 initium
897 2833 969 2878 ed.
1115 2839 1168 2878 12
1217 2834 1431 2890 quoniam
1470 2832 1512 2875 V
1558 2833 1667 2877 dum
1715 2832 1785 2876 ed.

98 2895 152 2935 14
183 2897 291 2947 quot
318 2893 394 2936 ira
424 2897 532 2937 sunt
554 2891 596 2936 V
626 2893 746 2948 quod
776 2892 881 2937 dira
911 2906 947 2937 s.
979 2906 1062 2937 nos
1094 2893 1213 2951 quod
1236 2895 1354 2937 iram
1380 2897 1523 2937 essent
1550 2891 1637 2935 edI
1669 2892 1789 2948 quod

95 2951 190 2994 iam
219 2955 364 2995 essent
395 2951 513 2995 edF.
636 2955 690 2994 26
729 2952 1024 3008 yeneralitate
1054 2952 1096 2996 V
1128 2953 1199 2997 ed.
1323 2955 1378 2995 30
1410 2963 1459 2996 se'
1485 2952 1640 3009 arguit
1670 2950 1741 2996 ed.
1780 2952 1783 3009 ξ

24 3014 27 3050 ἶ
54 3032 57 3034 -
95 3022 140 3053 se
171 3009 376 3064 defendit
407 3010 478 3054 ed.
602 3014 655 3054 33
689 3010 799 3055 dare
822 3009 863 3053 V
896 3024 1008 3055 corr.
1043 3011 1114 3055 ed.

24 3158 28 3165 ἢ
86 3091 129 3157 Χ,
1436 3099 1521 3142 29*

22 3199 30 3226 'f
