2050 3226
795 247 1099 294 AENEmos
1131 247 1195 292 IX
1740 252 1845 307 199

150 389 366 452 duobus3
409 389 537 438 dixit
575 388 707 437 enim
744 389 857 450 has,
895 390 989 438 hoc
1028 390 1105 438 est
1144 403 1270 452 quas
1301 403 1468 437 sacras
1505 388 1680 450 habui,
1721 406 1846 452 quas

149 463 359 513 violavit
395 464 590 524 nullus,
637 478 763 526 quas
801 480 891 526 per
927 462 1150 512 infinitos
1190 477 1343 512 annos
1382 462 1576 511 incolae
1622 465 1848 513 venerati

149 540 287 598 sunt,
327 553 456 600 quae
495 536 797 586 amoenitate
836 539 888 586 et
923 536 1270 602 magnitudine
1310 551 1400 585 sua
1444 536 1701 601 ingentem
1738 538 1847 587 loco

34 667 41 685 Ι
149 611 365 676 gratiam
412 610 621 673 dabant,
668 626 783 676 eg0‚
827 611 882 659 id
928 614 1004 660 est
1042 612 1125 660 cui
1170 611 1265 660 soli
1309 610 1454 659 licuit
1498 610 1666 659 iubere
1715 612 1846 674 quod

98 698 117 730 ⁵
147 686 351 746 vellem,
397 701 512 750 eg0‚
561 701 688 749 quae
733 684 940 748 reliquis
987 685 1166 734 saltem
1204 684 1356 734 debeo
1394 685 1562 734 favere
1601 685 1847 748 Troianis,

0 750 1 781 ³
37 750 41 756 ’
147 759 402 808 Dardanio
440 760 634 822 iuveni,
673 759 781 822 pic,
819 760 963 820 forti,
1001 759 1248 824 religioso.
1320 774 1430 808 cum
1469 759 1642 808 classis
1681 764 1846 820 eyeret,

149 834 276 883 laeta
314 834 450 882 dedi:
495 850 607 883 cum
644 849 925 883 recessurus
966 833 1025 883 de
1064 833 1215 882 Troia
1253 833 1536 883 subsidium
1573 833 1848 898 navigandi

146 923 247 956 non
283 907 511 970 haberet3
557 909 650 957 hoc
690 909 823 956 enim
861 910 937 957 est
973 908 1199 957 beneficii
1236 906 1441 970 summi,
1482 923 1595 956 cum
1634 911 1848 972 urgeant

146 983 449 1044 necessaria,
489 983 620 1032 dare.
679 982 813 1046 quod
851 982 979 1030 dixit
1017 981 1151 1044 dedi,
1192 981 1411 1031 ostendit
1440 997 1492 1030 se
1522 997 1624 1030 non
1654 983 1847 1045 petenti

43 1068 116 1101 rio
145 1057 468 1118 praestitisse.
523 1056 717 1105 addidit
749 1057 901 1106 aliam
933 1058 1172 1122 gratiam,
1202 1059 1262 1105 ut
1293 1072 1407 1105 cum
1437 1056 1636 1105 laetitia
1664 1058 1846 1107 mentis

144 1130 198 1179 id
221 1146 272 1179 se
298 1131 497 1180 adserat
527 1131 809 1180 contulisse.
850 1131 984 1194 quod
1007 1131 1135 1179 dixit
1156 1131 1292 1179 laeta
1315 1129 1443 1191 dedi,
1467 1130 1531 1178 ad
1556 1131 1847 1194 accipientis

144 1205 380 1253 meritum
402 1205 633 1268 pertinet,
662 1207 722 1254 ut
751 1205 1044 1254 beneficium
1074 1204 1225 1269 digno
1248 1203 1500 1253 videretur
1521 1205 1846 1267 praestitisse.

144 1279 319 1328 multis
359 1280 491 1328 enim
532 1279 703 1329 invitis
748 1281 1073 1342 extorquetur
1116 1278 1387 1342 quodquod
1437 1280 1725 1341 praestatur
1772 1279 1846 1327 in-

146 1353 322 1417 dignis.
386 1353 522 1416 quod
560 1355 635 1402 ait
672 1353 800 1416 dedi,
838 1355 1008 1417 potest
1037 1353 1199 1402 *etiam
1237 1353 1309 1403 sic
1345 1352 1595 1417 intellegi:
1634 1369 1735 1401 non
1765 1370 1847 1417 pe-

71 1438 113 1472 15
144 1426 273 1476 tenti
322 1427 561 1476 libentius
612 1427 748 1491 dedi3
803 1428 1003 1490 quando
1054 1426 1186 1475 enim
1235 1427 1344 1489 ille,
1395 1427 1516 1476 licet
1564 1428 1619 1475 in
1662 1444 1848 1492 magna

143 1502 439 1550 necessitate
470 1502 689 1564 positus,
722 1501 928 1551 auderet
957 1503 1212 1565 postulare
1245 1501 1380 1564 quod
1410 1503 1620 1551 noverat
1650 1517 1846 1551 sacrum

145 1578 236 1624 aut
265 1575 516 1625 abscidere
550 1577 687 1639 quod
717 1592 830 1625 cum
858 1576 1034 1625 incolis
1067 1575 1296 1625 omnibus
1321 1575 1549 1625 venerari
1582 1591 1847 1626 consueve-

143 1649 258 1698 rat?
318 1665 451 1699 nunc
488 1651 746 1699 sollicitam
783 1651 927 1699 timor
965 1651 1147 1700 anxius
1186 1651 1345 1711 auyit:
1389 1665 1523 1699 nunc
1561 1652 1699 1699 metu
1746 1666 1846 1699 non

142 1724 283 1772 inani
322 1723 585 1774 sollicitior
623 1741 746 1775 sum.
808 1725 938 1773 solve
975 1728 1130 1773 metus
1169 1727 1310 1785 atque
1347 1724 1434 1773 hoc
1463 1725 1694 1785 precibus
1739 1725 1847 1774 sine
1863 1735 1919 1776 90

69 1810 114 1843 so
138 1813 283 1859 posse
317 1802 593 1858 parentem:
631 1798 888 1862 permitte,
928 1799 1023 1861 ait,
1063 1814 1289 1849 securam
1322 1799 1575 1862 inpetrare
1614 1798 1845 1862 precibus

142 1874 354 1921 matrem
392 1875 536 1921 tuam
575 1873 708 1937 quod
737 1875 788 1922 te
820 1874 973 1923 etiam
1004 1889 1105 1922 non
1134 1875 1370 1938 rogatum
1401 1874 1701 1922 convenerat
1738 1874 1844 1923 sine

142 1961 283 1995 mora
335 1950 604 2009 praestare.
681 1947 821 1997 venit
874 1947 939 1997 ad
991 1963 1239 1997 summam
1294 1946 1551 2010 petitionis
1607 1947 1843 1997 confectis

143 2021 371 2070 omnibus
428 2037 554 2084 quae
610 2023 866 2085 praemitti
920 2021 1217 2071 debuerant:
1278 2035 1339 2070 ne
1386 2035 1534 2070 cursu
1584 2025 1847 2081 quassatae

142 2095 242 2142 ullo
280 2109 376 2143 neu
414 2096 605 2144 turbine
642 2097 772 2144 venti
808 2097 1084 2154 vincantur,
1124 2096 1178 2144 id
1216 2097 1292 2145 est
1329 2112 1391 2144 ne
1423 2095 1664 2144 currendo
1697 2111 1842 2158 quas-

68 2181 112 2214 35
142 2171 316 2217 sentur
367 2185 490 2218 neve
545 2185 628 2218 eas
674 2172 855 2219 ventus
910 2171 1014 2219 suis
1063 2170 1348 2219 turbinibus
1401 2171 1615 2232 superet.
1689 2171 1848 2230 prosit

141 2245 321 2292 nostris
358 2244 413 2291 in
449 2245 694 2292 montibus
731 2248 893 2293 ortas:
930 2254 1030 2292 11011
1072 2244 1253 2294 debent
1293 2244 1511 2293 eiusdem
1543 2259 1647 2293 esse
1678 2243 1846 2292 meriti

142 2317 280 2366 cuius
320 2319 438 2367 sunt
476 2318 606 2366 aliae
647 2335 774 2381 quae
812 2334 911 2366 non
951 2318 1104 2368 sacris
1144 2335 1203 2368 ex
1241 2318 1368 2367 lucis
1408 2318 1648 2367 oriuntur.

261 2392 428 2440 Filius
458 2392 571 2440 huic
601 2396 790 2450 contra,
831 2396 1014 2454 torquet
1044 2394 1128 2452 qui
1158 2393 1324 2442 sidera
1353 2393 1554 2441 mundi:
1586 2392 1735 2454 filius,
1767 2390 1847 2440 cui

141 2467 363 2528 potestas
412 2468 542 2515 esset
585 2466 639 2514 in
686 2467 849 2516 sidera
895 2469 946 2515 et
990 2467 1149 2516 nollet
1195 2467 1365 2516 datam
1404 2466 1633 2515 omnibus
1672 2466 1845 2527 vicem,

47 2550 112 2583 4⁸0
143 2541 371 2602 quamvis
404 2542 637 2602 poscente
667 2542 844 2602 matre,
877 2556 1216 2604 conrumpere,
1249 2543 1423 2590 contra
1452 2539 1724 2604 respondit,
1752 2540 1846 2588 hoc

142 2615 218 2662 est
262 2629 363 2662 non
402 2617 479 2663 est
518 2614 754 2664 adsensus
795 2614 842 2663 ei
881 2631 1009 2678 quae
1049 2616 1218 2664 studio
1257 2615 1420 2679 magis
1460 2631 1611 2677 quam
1650 2614 1844 2662 ratione

261 2775 287 2814 2
326 2771 480 2825 finitos
510 2770 553 2813 V
587 2783 701 2815 corr.
735 2770 806 2814 011.
930 2775 956 2814 3
997 2775 1039 2815 et
1076 2784 1165 2815 om.
1199 2770 1255 2814 V.
1385 2774 1411 2814 5
1447 2783 1562 2825 quae
1585 2767 1627 2812 V
1658 2770 1738 2824 qui
1770 2768 1840 2812 ed-

145 2833 200 2871 13
231 2830 471 2885 quodquod
493 2828 535 2871 V
566 2830 686 2886 quod
716 2830 787 2874 ed.
865 2833 937 2873 ο15
970 2830 1152 2886 quando
1184 2832 1304 2874 enim
1334 2830 1412 2873 ille
1436 2828 1477 2871 V
1508 2829 1586 2872 ille
1617 2829 1736 2872 enim
1769 2827 1841 2871 ed·

146 2891 198 2930 17
232 2889 460 2933 abscidere
484 2888 525 2931 V
557 2889 816 2934 easeindere
848 2888 918 2932 ed.
967 2888 971 2947 Ι
1018 2903 1120 2934 cum
1143 2888 1185 2933 V
1217 2890 1274 2934 ab
1307 2889 1377 2932 ed.
1509 2891 1564 2930 18
1596 2892 1639 2932 et
1667 2892 1719 2931 tu
1749 2900 1843 2932 non

143 2947 300 2992 inanis
322 2946 364 2989 V
394 2953 515 2992 metu
552 2962 646 2993 non
683 2949 820 2992 inani
850 2961 934 2992 nos
964 2952 1228 2993 nunc—19
1253 2962 1353 2992 sum
1385 2961 1473 2991 om.
1499 2946 1571 2991 ed.
1664 2950 1720 2990 23
1752 2960 1843 2990 neu

144 3018 280 3049 cursu
311 3004 353 3048 V
388 3006 460 3050 011.
506 3007 684 3051 correxi
727 3007 982 3051 secundum
1020 3007 1213 3062 interpr.
1343 3010 1399 3050 28
1432 3006 1508 3050 cui
1532 3004 1573 3049 V
1604 3006 1737 3050 cuius
1769 3005 1840 3049 ed.

146 3067 200 3106 29
225 3064 392 3109 essetV
416 3070 480 3110 est
503 3065 575 3110 011.
611 3066 616 3124 Ι
651 3067 703 3111 in
725 3066 878 3111 sidera
903 3080 991 3110 om.
1009 3065 1092 3110 ΗΟ
1119 3066 1189 3109 011.
1221 3066 1226 3123 Ι
1264 3067 1404 3110 lucem
1422 3064 1463 3108 V
1483 3064 1554 3108 ed.
1579 3066 1718 3109 vicem
1743 3078 1840 3108 nos.
