2050 3226
170 165 237 216 12
429 130 434 136 ’
641 159 874 205 DONATI
903 159 1388 205 1NTERPR.VERG.

165 317 304 363 suae,
354 303 414 348 ut
459 316 623 349 rerum
673 302 865 349 textum
914 301 963 348 et
1011 301 1234 348 ordinem
1286 299 1499 362 pandat,
1550 299 1861 347 admixturus

167 376 290 436 alia,
327 377 388 423 ut
424 374 552 422 nihil
590 390 647 422 ex
685 375 862 437 positis
900 375 1138 422 transeat.

284 449 390 496 Rex
436 463 561 497 arva
598 449 814 496 Latinus
860 451 903 495 et
942 449 1079 496 urbis
1117 449 1218 496 iam
1257 449 1418 495 senior
1457 448 1602 508 {onya
1632 447 1863 508 placidas

165 525 218 571 in
265 537 393 582 pace
448 523 664 583 reyebat:
731 522 935 586 regebat
985 521 1184 583 quidem
1233 520 1442 569 Latinus
1492 521 1718 582 Italiam,
1764 537 1864 569 non

166 598 374 658 virtute,
422 598 598 658 utpote
642 597 743 644 iam
786 611 953 657 senex,
1003 596 1090 643 sed
1138 597 1317 659 longae
1367 596 1505 658 pacis
1554 597 1864 643 succurrente

167 670 425 734 suffragio,
478 670 778 733 perindeque
834 669 921 731 qui
981 671 1112 717 stare
1173 686 1272 718 non
1333 671 1524 731 posset,
1577 670 1622 718 si
1675 668 1866 731 aliquid

168 745 363 793 adversi
430 744 609 792 fuisset
677 745 914 792 exortum.
1029 745 1189 791 status
1258 744 1415 807 igitur
1485 744 1630 806 regni
1703 743 1864 805 qualis

168 834 272 867 esse
343 820 576 880 potuerat
647 818 729 865 cui
802 818 1076 866 adsistebat
1142 817 1392 865 invalidus
1460 834 1549 880 per
1617 816 1866 865 aetatem?

167 894 295 941 hunc
369 893 549 940 Fauno
631 896 673 939 ct
754 893 968 952 nympha
1049 892 1264 951 yenitum
1339 892 1590 940 Laurente
1664 892 1868 939 Marica

169 967 455 1025 accipimus,
495 967 675 1014 Fauno
713 966 861 1013 Picus
894 969 1037 1025 pater
1074 967 1210 1024 isque
1240 969 1496 1024 parentem
1537 969 1599 1021 te,
1639 965 1866 1022 Saturne,

167 1041 335 1100 refert,
395 1044 447 1087 tu
503 1041 761 1100 sanquinis
817 1040 1017 1086 ultimus
1087 1042 1277 1086 auctor:
1363 1041 1718 1101 persuaserunt
1774 1039 1870 1087 sibi

168 1114 396 1162 nonnulli
446 1129 503 1162 ac
553 1129 707 1176 prope
754 1129 944 1174 omnes,
991 1115 1069 1174 ut⁷
1114 1115 1234 1174 quia
1280 1113 1410 1160 inter
1448 1112 1619 1161 Latini
1655 1114 1867 1161 maiores

171 1187 413 1236 Saturnus
454 1188 618 1235 fuerat
656 1189 846 1250 primus
885 1190 935 1234 et
974 1187 1035 1234 ab
1073 1188 1183 1249 ipso
1223 1203 1312 1248 per
1349 1187 1524 1234 Picum
1560 1189 1611 1235 et
1640 1187 1870 1235 Faunum

170 1262 341 1310 Latini
391 1262 529 1325 origo
580 1261 902 1324 profluxerat,
956 1262 1190 1309 ultimum
1240 1278 1339 1309 non
1389 1261 1716 1310 novissimum
1766 1276 1869 1309 6556

174 1334 412 1398 [dicant],
459 1335 544 1383 sed
589 1336 804 1396 primum
846 1336 1120 1397 voluntque
1166 1336 1258 1383 hoc
1305 1335 1445 1383 velut
1491 1335 1714 1398 exemplo
1751 1335 1868 1383 ulti-

170 1427 306 1457 mum
344 1411 506 1457 virum
547 1408 706 1457 dicere
746 1426 893 1471 quem
927 1409 1216 1471 putaverint
1247 1409 1517 1471 aliquando
1549 1409 1869 1469 laudandum,

171 1500 283 1532 cum
330 1499 428 1531 non
474 1485 547 1531 ita
594 1484 673 1531 sit.
750 1500 866 1531 nam
905 1485 947 1531 si
987 1483 1186 1545 quando
1230 1484 1452 1545 plurium
1492 1482 1757 1531 edicendus
1795 1486 1871 1531 est

170 1573 425 1618 numerus,
485 1558 580 1604 erit
639 1557 829 1619 primus
893 1574 922 1604 a
985 1574 1080 1619 quo
1143 1557 1297 1605 fuerit
1357 1559 1583 1620 coeptum
1648 1559 1698 1606 et
1756 1573 1868 1606 vere

171 1631 471 1679 novissimus
523 1631 607 1692 qui
657 1631 902 1693 posterior
951 1633 1102 1679 fuerit
1150 1632 1452 1679 nominatus.
1529 1647 1638 1679 ecce
1680 1633 1740 1679 ut
1777 1632 1870 1679 hoc

171 1707 303 1766 loco,
344 1707 386 1753 si
427 1722 456 1752 a
496 1704 710 1753 Saturno
749 1706 988 1767 inceperit
1027 1705 1354 1767 enumeratio,
1399 1705 1606 1753 ultimus
1651 1705 1868 1754 invenie-

173 1782 257 1828 tur
305 1778 537 1840 Latinus3
590 1795 690 1827 non
745 1781 875 1827 enim
928 1781 1009 1827 hic
1057 1781 1246 1841 primus
1299 1780 1443 1841 quasi
1493 1780 1732 1828 excellens
1783 1781 1872 1826 aut

172 1854 380 1900 ultimus
421 1852 564 1914 quasi
602 1853 801 1901 humilis
842 1856 891 1900 et
931 1854 1172 1912 abiectus,
1220 1853 1304 1902 sed
1346 1855 1534 1916 primus
1575 1856 1625 1901 et
1662 1853 1869 1902 novissi-

173 1943 284 1975 mus
322 1928 375 1974 in
414 1926 606 1974 ratione
639 1944 956 1974 numerorum
986 1927 1374 1991 intellegendum
1406 1929 1494 1976 est.
1552 1928 1637 1975 ille
1670 1929 1871 1991 quippe,

173 2005 230 2048 ut
281 2000 469 2048 dictum
521 2004 616 2061 est,
665 2002 758 2048 erit
797 2002 985 2062 primus
1027 2019 1056 2049 a
1097 2018 1194 2063 quo
1235 2017 1467 2050 numerus
1508 2003 1748 2064 coeperit,
1786 2002 1871 2049 1116

174 2090 289 2123 vero
340 2075 547 2122 ultimus
599 2074 662 2121 ad
713 2091 857 2136 quem
911 2092 1230 2124 numerorum
1278 2076 1503 2138 ipsorum
1551 2075 1689 2124 venit
1737 2076 1872 2123 facta

177 2148 441 2196 conclusio.
501 2148 614 2195 huic
646 2149 753 2196 loco
787 2149 1024 2197 addamus
1059 2150 1336 2212 exemplum
1368 2151 1472 2197 eius
1507 2151 1593 2212 qui
1624 2150 1872 2198 scalarum

176 2222 359 2285 gradus
408 2238 667 2269 numerare
708 2223 941 2290 voluerit:
994 2224 1258 2271 ascendens
1301 2225 1431 2271 enim
1469 2224 1684 2286 primum
1722 2222 1873 2271 faciet

177 2313 206 2343 a
257 2311 355 2358 quo
407 2297 585 2358 incipit
634 2299 682 2343 et
732 2298 1054 2344 novissimum
1107 2299 1193 2359 qui
1243 2299 1309 2345 sit
1360 2297 1627 2344 manifesta
1679 2297 1872 2344 ratione

177 2371 415 2431 superior,
456 2373 544 2417 aut
583 2370 625 2416 si
663 2370 959 2418 descendens
991 2371 1112 2419 velit
1143 2388 1401 2419 numerum
1430 2386 1695 2431 recensere,
1723 2370 1874 2418 faciet

177 2445 343 2504 ipsum
383 2443 591 2507 gradum
630 2443 843 2505 primum
884 2461 912 2491 a
953 2462 1049 2506 quo
1087 2445 1374 2494 descensum
1405 2444 1556 2491 fuerit
1586 2445 1871 2506 auspicatus

178 2521 228 2564 et
265 2517 591 2566 novissimum
631 2518 717 2578 qui
754 2518 1035 2565 ascendenti
1067 2520 1254 2580 primus
1287 2521 1580 2566 occurrerat.
1642 2517 1873 2565 ultimum

180 2607 296 2654 ergo
329 2592 594 2639 sentiemus
629 2590 896 2638 Saturnum
930 2609 1043 2639 vere
1075 2592 1414 2641 novissimum.
1457 2591 1710 2654 Vergilius
1742 2592 1873 2638 enim

300 2738 321 2774 1
367 2746 520 2789 regum
556 2731 597 2774 V
640 2746 788 2775 rerum
833 2733 901 2774 ed.
1037 2738 1063 2776 8
1107 2734 1352 2776 adsistebat
1392 2732 1432 2774 V
1469 2732 1759 2787 praesidebat
1800 2732 1871 2774 ed.

180 2795 204 2832 9
248 2792 448 2847 yenitum
491 2792 653 2834 aurica
692 2790 743 2832 V.
873 2796 922 2833 1⁶2
963 2797 1014 2834 ut
1053 2793 1164 2846 quia
1200 2792 1240 2834 V
1280 2792 1399 2846 quod
1438 2791 1495 2834 ed
1633 2795 1688 2833 14
1719 2790 1872 2834 esseV

180 2864 268 2893 om.
309 2850 380 2894 ed.
426 2864 515 2894 esse
561 2850 718 2893 dicant
749 2863 831 2892 nos
880 2852 1086 2904 (propter
1128 2853 1208 2906 ut).
1335 2855 1388 2893 16
1432 2850 1683 2905 aliquando
1717 2849 1758 2891 V
1802 2849 1871 2892 ed.

179 2910 335 2964 aliqua
369 2910 533 2953 laude?
645 2913 696 2950 17
723 2909 981 2963 plurimum
1008 2909 1049 2947 V
1076 2910 1283 2964 plurium
1317 2909 1385 2952 ed.
1497 2912 1552 2951 20
1583 2909 1796 2963 inciperet
1817 2907 1871 2949 V.

189 2973 242 3009 27
277 2982 537 3011 enumerare
569 2967 638 3011 ed.
763 2972 816 3010 29
851 2973 933 3011 aut
955 2967 996 3010 V
1030 2968 1099 3010 cd.
1133 2973 1210 3011 at?

1900 979 1942 1010 10

1903 1347 1943 1380 15

1902 1718 1945 1750 20

1902 2087 1945 2120 25

1905 2456 1947 2487 30
