2050 3226
775 166 1078 212 AENEIDOS
1109 167 1175 211 XI
1709 171 1820 226 485

129 306 338 370 potioris
361 307 564 369 formae,
587 306 787 356 Padusa
809 307 1006 357 facilius
1031 307 1225 372 colligit
1246 308 1451 370 propter
1472 307 1656 370 piscem
1672 326 1822 372 quem

129 381 189 430 de
228 381 332 430 eius
369 380 572 429 flumine
612 383 830 444 capiunt.
890 382 1057 439 immo,
1098 383 1188 439 ait,
1227 396 1255 429 o
1294 382 1440 438 eiveS,
1481 386 1672 442 arrepto
1709 387 1822 431 tem-

120 470 242 515 pore
274 456 495 512 Turnus,
529 456 674 516 eoqite
705 455 960 504 concilium
990 460 1033 504 et
1058 470 1229 516 pacem
1260 455 1458 504 laudate
1487 457 1716 514 sedenteS,
1748 458 1822 505 illi
1838 472 1922 512 460

129 531 283 578 armis
311 531 367 578 in
395 543 548 590 reqna
577 533 752 578 ruunt:
788 546 973 594 magna
1003 529 1284 594 obiurgatio
1317 530 1472 578 Turni
1506 530 1670 580 verbis
1699 546 1821 594 pau·

67 622 96 661 (5
127 603 336 653 cissimis
368 602 522 664 dicta,
555 603 676 666 quid
698 603 995 667 trepidatis?
1031 604 1222 668 inquit,
1251 603 1445 653 habetis
1469 605 1665 668 tempus
1698 607 1821 654 otio·

127 693 250 740 sum,
282 678 449 726 sedete
480 679 642 741 magis
674 680 725 726 et
761 678 892 727 bona
922 679 1059 742 pacis
1095 680 1412 742 quietemque
1442 679 1663 740 laudate,
1701 678 1821 727 dum

124 751 204 800 illi
249 751 401 800 armis
448 754 623 814 optata
667 751 971 815 possideant.
1046 767 1134 801 nee
1161 754 1319 813 plura
1361 753 1545 801 locutus
1590 754 1823 814 corripuit

124 840 227 875 sese
265 829 309 874 et
345 827 476 874 tectis
515 827 638 875 citus
683 827 850 875 eatulit
886 827 1023 875 altis:
1071 843 1171 876 non
1209 827 1408 876 locutus
1454 829 1531 876 est
1577 828 1821 891 plurimis,

126 900 246 962 quia
276 900 511 950 obstabat
539 901 806 950 necessitas
830 916 1063 964 praesens
1094 904 1145 950 et
1167 902 1340 950 multis
1363 900 1507 963 loqui
1527 917 1627 949 non
1651 901 1822 950 debuit

51 993 94 1025 10
125 974 215 1037 qui
250 974 304 1022 in
344 976 457 1023 aliis
497 975 873 1038 multiloquium
910 975 1321 1038 reprehendebat3
1365 977 1670 1039 quapropter
1707 991 1821 1024 011111

50 1362 90 1397 1⁵

47 1733 91 1766 20

47 2103 89 2136 2⁵

46 2473 89 2505 30

123 1064 223 1097 non
253 1049 401 1111 plura
432 1048 653 1111 dixisset,
682 1065 786 1099 sese
818 1049 1069 1112 proripuit
1099 1052 1151 1098 et
1180 1051 1321 1098 extra
1350 1051 1483 1098 tecta
1514 1050 1642 1098 citus
1674 1049 1820 1112 exiit3

122 1125 319 1172 mature
359 1123 491 1172 enim
536 1123 671 1173 hosti
709 1123 881 1172 debuit
918 1126 968 1172 et
1004 1126 1330 1187 properanter
1378 1124 1580 1172 occurri.
1658 1123 1822 1186 coepit

122 1198 226 1245 iam
250 1198 366 1246 dare
388 1197 629 1246 mandata
652 1199 703 1245 et
726 1197 1136 1261 dispositionibus
1161 1197 1430 1247 commodis
1463 1213 1577 1247 suos
1601 1199 1820 1261 potiores

120 1271 380 1320 instruere.
458 1275 531 1328 tu,
579 1273 772 1329 Voluse,
824 1273 1015 1320 armari
1062 1272 1342 1320 Volscorum
1388 1272 1515 1320 edice
1561 1272 1821 1333 maniplis:

123 1346 267 1395 aiunt
310 1345 591 1409 maniplum
636 1346 736 1394 dici
781 1346 1105 1395 ducentorum
1153 1347 1373 1394 militum
1417 1362 1681 1394 numerum
1728 1346 1818 1395 sub

120 1436 220 1468 uno
251 1423 440 1469 rectore
471 1421 814 1469 constitutum.
868 1421 964 1470 iste
994 1421 1152 1485 igitur
1180 1421 1365 1468 multos
1401 1420 1647 1483 maniplos
1678 1436 1817 1468 man·

122 1494 210 1543 dat
259 1494 523 1543 armandos
570 1495 620 1542 et
665 1494 1007 1558 producendos
1052 1495 1106 1542 in
1153 1510 1395 1556 campum.
1474 1495 1590 1552 duc,
1638 1495 1730 1551 ait,
1778 1497 1821 1542 et

121 1569 350 1625 Rutulos,
392 1569 583 1618 scilicet
611 1571 672 1617 ut
700 1568 915 1632 manipli
945 1571 995 1617 et
1024 1569 1201 1617 Rutuli
1230 1570 1328 1617 isto
1360 1570 1564 1617 curante
1593 1584 1818 1633 regeren-

122 1646 217 1691 tur.
271 1643 473 1703 equitem
502 1644 771 1703 Messapus
808 1644 864 1690 in
901 1644 1056 1691 armis
1095 1647 1137 1691 et
1175 1658 1282 1691 eum
1320 1645 1476 1703 fratre
1513 1641 1667 1691 Coras
1706 1643 1819 1691 latis
1835 1653 1921 1693 465

122 1717 379 1776 diffundite
425 1718 639 1778 campis:
684 1717 1011 1780 conpendiose
1057 1718 1253 1766 locutus
1302 1719 1377 1765 est
1423 1717 1510 1779 qui
1547 1717 1819 1765 festinabat

122 1791 327 1856 adgredi
365 1794 638 1853 certamen,
668 1793 727 1840 ut
755 1791 1015 1856 Messapus
1046 1793 1097 1840 et
1128 1790 1278 1839 Coras
1310 1791 1562 1853 fraterque
1593 1792 1699 1840 01113
1729 1806 1819 1854 per

121 1880 321 1928 campos
346 1865 567 1928 equitem
589 1866 867 1914 funderent.
912 1880 1037 1926 pars
1067 1866 1232 1914 aditus
1261 1866 1400 1913 urbis
1421 1867 1617 1924 firment
1645 1865 1817 1913 tur-ris-

121 1953 211 1998 que
248 1943 532 1999 capessant:
578 1939 742 1989 aditus
793 1939 929 1989 urbis
975 1942 1150 2002 portae
1196 1941 1314 1987 sunt
1357 1939 1438 1987 vel
1481 1940 1695 1988 minores
1741 1940 1816 1987 in-

120 2028 334 2077 gressus,
367 2013 456 2076 qui
483 2014 744 2062 muniendi
767 2015 966 2063 fuerant
995 2013 1131 2062 omni
1161 2029 1296 2074 cura,
1326 2029 1387 2061 110
1411 2013 1568 2062 hostis
1591 2013 1816 2075 intraret,

119 2089 324 2150 propter
360 2088 617 2136 meliorem
653 2104 770 2137 vero
802 2088 1066 2136 tuitionem
1096 2090 1258 2136 turres
1291 2102 1488 2150 quoque
1527 2087 1814 2136 conscende·

119 2164 304 2210 rentur.
352 2165 507 2210 cetera
529 2177 627 2222 qua
656 2163 789 2211 iusso
818 2177 1005 2210 meeum
1033 2176 1213 2210 manus
1242 2162 1427 2221 inferat
1456 2176 1624 2211 arma:
1654 2163 1816 2210 cetera

119 2251 319 2298 manus,
369 2237 421 2284 id
467 2238 543 2284 est
589 2238 752 2285 cetera
796 2235 1067 2284 multitudo
1113 2251 1308 2284 mecum
1346 2237 1642 2297 constituta,
1687 2236 1816 2284 ferat

121 2325 260 2359 arma
306 2326 408 2373 qua
451 2309 660 2359 iussero,
733 2310 860 2358 ilicet
895 2311 951 2358 iu
993 2324 1161 2358 muros
1202 2313 1300 2358 tota
1344 2310 1638 2358 discurritur
1674 2310 1816 2357 urbe:

119 2386 258 2432 metu
296 2400 463 2433 omnes
512 2384 684 2446 exciti,
732 2385 853 2447 quia
899 2386 1172 2432 extremum
1218 2383 1512 2447 sperabatur
1557 2382 1815 2444 excidium,

119 2458 478 2507 concurrebant
516 2458 581 2506 ad
618 2473 786 2506 muros
827 2474 885 2505 ex
924 2459 1060 2507 omni
1098 2457 1301 2508 civitate
1332 2458 1494 2521 ipsam
1525 2458 1703 2505 saltem
1733 2457 1815 2504 de-

119 2532 330 2594 fensuri,
362 2532 406 2581 si
427 2534 643 2595 possent.
689 2531 828 2581 ilicet
857 2531 946 2579 ubi
975 2531 1128 2581 fuerit
1156 2533 1375 2596 positum
1398 2534 1616 2580 extrema
1647 2531 1814 2579 omnia

120 2606 467 2670 significantur
488 2613 548 2655 ut
579 2606 677 2655 alio
701 2607 808 2655 1000
843 2599 917 2668 (2,
944 2600 1075 2673 758)
1099 2607 1273 2668 „ilicet
1302 2605 1433 2670 ignis
1466 2605 1589 2653 edax
1621 2620 1813 2653 summa

240 2752 263 2790 1
296 2748 471 2802 formae
494 2747 536 2791 V
565 2748 779 2803 fortwnae
812 2746 883 2791 ed.
992 2752 1018 2791 6
1049 2749 1195 2805 mayis
1217 2746 1259 2790 V
1284 2748 1441 2803 potius
1472 2746 1542 2789 ed.
1653 2749 1678 2788 8
1703 2759 1813 2802 por-

121 2806 180 2850 tis
216 2806 260 2850 V
305 2809 433 2852 tectis
477 2807 549 2852 ed.
598 2809 646 2850 et
690 2805 829 2862 Verg.
877 2804 986 2850 libri
1037 2807 1127 2851 hoc
1179 2806 1335 2861 recepi
1384 2807 1576 2861 propter
1620 2804 1811 2860 interpr.

123 2869 178 2908 18
208 2868 406 2922 manipli
427 2865 470 2910 V
494 2866 565 2910 ed.
594 2866 852 2910 Volscorum
877 2865 1103 2910 desidero.
1199 2869 1251 2908 19
1284 2866 1457 2921 equites.
1482 2866 1546 2920 (et
1572 2863 1714 2919 infra)
1739 2863 1810 2908 ed.

52 2971 55 2973 ,
121 2928 177 2967 25
209 2925 612 2970 conscenderentur
635 2924 677 2967 V
708 2924 1027 2969 custodiendae
1056 2925 1128 2969 ed.
1237 2928 1292 2967 29
1323 2924 1593 2980 sperabatur
1614 2922 1657 2966 V
1687 2924 1814 2968 time-

121 2983 257 3028 batw*
287 2984 358 3028 ed.
483 2989 536 3028 31
570 2985 759 3029 ilicet—
779 2987 834 3027 32
861 2984 955 3028 loeo
987 2997 1075 3029 om.
1102 2983 1173 3028 ed.
