2050 3226
204 182 312 237 458
675 182 908 227 DONATI
939 181 1222 228 INTERPR.
1246 182 1426 227 VERG.

202 319 351 370 tibus.
427 322 600 371 subtili
636 324 806 371 tamen
843 321 1003 369 utitur
1045 322 1404 385 increpatione,
1456 319 1587 386 quod
1632 325 1752 371 tunc
1796 336 1896 372 non

204 397 333 444 esset
378 396 592 445 auditus.
668 412 965 459 numquam,
1010 396 1200 459 inquit,
1251 397 1310 444 de
1357 412 1553 445 summa
1596 396 1902 460 reipublicae.

202 469 384 518 rectius
414 470 467 518 in
499 470 842 533 desperatione
873 471 1141 531 tractatur,
1177 470 1320 532 quasi
1351 470 1536 520 diceret
1571 473 1693 520 tunc
1730 472 1897 534 potuit

205 559 315 592 cum
354 559 445 609 ego
483 544 809 608 prohibebam
845 541 977 592 bella
1008 545 1058 592 et
1086 559 1175 592 vos
1205 544 1342 607 rapti
1372 544 1577 594 adverso
1608 546 1776 594 furore
1806 561 1896 594 nec

204 617 373 667 audire
412 635 502 666 nec
540 619 699 668 averti
730 618 792 666 ab
823 617 1025 666 inimico
1057 618 1262 666 consilio
1292 619 1535 668 voluistis,
1587 620 1897 682 provenisset
1949 631 1970 665 5

201 693 359 756 igitur
399 693 598 754 melius,
649 693 693 741 si
730 691 868 741 istud
900 691 1034 740 inter
1070 692 1219 741 initia
1256 692 1434 742 fuisset
1483 694 1733 757 effectum,
1785 709 1896 742 cum

203 766 370 815 omnia
408 769 571 815 essent
606 765 660 814 in
690 769 863 815 nostra
893 767 1162 829 potestate:
1200 783 1331 815 nunc
1366 768 1539 816 haeret
1567 768 1726 817 hostis
1763 784 1895 817 moe-

162 839 166 842 ’
201 840 348 889 nibus
386 839 569 889 nostris
608 842 658 888 et
694 842 827 890 inter
863 855 953 889 nos
993 843 1043 889 et
1079 840 1245 903 ipsum
1275 841 1436 890 solum
1472 843 1603 890 muri
1635 842 1897 890 discrimen

203 917 290 963 est.
368 914 589 978 cogimus
629 915 895 963 concilium
934 915 1055 977 quid
1098 914 1246 963 rebus
1286 916 1494 978 perditis
1540 916 1594 963 in
1644 916 1896 965 obsidione

201 988 418 1037 facturi?
494 989 755 1037 consilium
804 989 1010 1037 nitimur
1058 989 1293 1052 reperire,
1352 1005 1464 1038 cum
1521 990 1582 1038 ab
1634 991 1713 1039 his
1768 1006 1896 1053 quae
1928 1003 1972 1036 10

202 1062 459 1111 commoda
498 1078 604 1112 esse
642 1066 847 1126 possent
891 1078 981 1111 nos
1024 1065 1253 1112 exactum
1297 1064 1351 1111 in
1398 1063 1660 1113 contrariis
1697 1066 1895 1127 tempus

202 1136 462 1186 exclusisse
501 1139 747 1186 noscatur.
803 1137 925 1200 quid
955 1138 1178 1199 proderit
1209 1138 1392 1187 clausis
1422 1139 1570 1186 inane
1603 1138 1738 1200 quod
1767 1139 1895 1202 geri-

200 1209 346 1260 mus?
397 1211 451 1258 in
484 1227 637 1275 quam
666 1211 875 1259 nitimur
905 1213 1099 1274 partem
1131 1213 1218 1274 qui
1247 1228 1470 1276 pugnare
1501 1227 1601 1260 non
1631 1227 1895 1276 possumus

201 1301 290 1334 nec
329 1285 567 1334 audemus
607 1288 658 1334 et
697 1302 909 1348 quorum
947 1285 1147 1334 adflicta
1185 1287 1385 1349 penitus
1426 1286 1760 1350 subversaque
1797 1287 1895 1336 for-

98 1366 183 1406 305
199 1362 326 1408 tuna
357 1359 466 1408 est?
506 1360 682 1408 bellmn
718 1361 1055 1420 inportunum,
1098 1361 1243 1418 civeS,
1284 1376 1393 1408 cum
1419 1364 1557 1422 yente
1595 1361 1793 1408 deorwm
1822 1362 1898 1408 in·
1930 1373 1971 1407 15

199 1435 429 1494 victisque
457 1435 580 1482 viris
607 1435 842 1495 mmmm,
887 1449 1004 1494 quos
1041 1434 1182 1482 nulla
1211 1435 1425 1495 fatiyant
1450 1435 1640 1494 proelia
1669 1448 1756 1483 nec
1785 1436 1898 1483 victi

194 1511 403 1569 possunt
447 1509 677 1556 absistere
714 1509 871 1568 ferro:
917 1509 1166 1571 congessit
1211 1508 1379 1557 omnia
1425 1524 1554 1571 quae
1601 1508 1899 1557 dissuasioni

201 1582 550 1646 congruebant.
627 1582 834 1644 bellum,
875 1583 969 1644 ait,
1014 1583 1339 1645 inportunum
1377 1582 1610 1645 gerimus.
1671 1583 1896 1645 inportu-

200 1673 319 1704 num
358 1658 434 1705 est
472 1656 603 1718 quod
643 1656 940 1705 defensionis
979 1672 1079 1704 non
1109 1656 1260 1705 habet
1296 1658 1498 1718 portum
1536 1659 1586 1704 et
1625 1657 1759 1718 quod
1797 1667 1897 1704 non

199 1731 392 1779 invenit
414 1730 750 1793 periculorum
772 1732 966 1779 ratione
991 1730 1276 1795 suffugium.
1328 1746 1535 1793 cumque
1566 1730 1699 1778 bella
1730 1732 1897 1779 omnia
1928 1744 1972 1777 20

202 1808 290 1853 aut
326 1806 463 1853 iusta
502 1807 592 1853 aut
636 1805 824 1853 iniusta
864 1805 1112 1866 dicantur,
1158 1804 1272 1852 huic
1310 1805 1411 1853 tale
1457 1820 1637 1853 nomen
1673 1805 1899 1867 inposuit

203 1895 301 1941 quo
341 1880 560 1927 universi
597 1881 916 1928 terrerentur.
974 1878 1177 1941 exponit
1213 1879 1314 1927 iam
1344 1879 1451 1941 ipse
1490 1894 1577 1926 cur
1607 1877 1787 1927 dixerit
1822 1878 1895 1927 in-

201 1954 471 2015 portunum
511 1953 698 2001 bellum
737 1955 788 2001 et
826 1953 887 2002 ob
928 1969 1078 2016 quam
1116 1968 1318 2001 causam
1366 1954 1516 2015 culpa
1554 1953 1748 2001 sceleris
1789 1954 1895 2002 eius

202 2027 408 2090 purgari
438 2043 537 2075 non
568 2029 740 2090 possit.
793 2043 906 2076 cum
937 2029 1097 2091 gente,
1119 2027 1299 2089 inquit,
1324 2027 1548 2075 deorum:
1582 2042 1710 2089 quae
1732 2028 1898 2088 potest

201 2100 416 2149 inveniri
449 2101 689 2163 defensio,
729 2117 841 2150 cum
870 2102 922 2149 in
955 2101 1183 2149 Troianis
1217 2117 1387 2150 eorum
1418 2101 1681 2164 pulsentur
1710 2100 1894 2150 violen-
1927 2112 1970 2146 25

202 2176 383 2236 turque
414 2175 660 2224 maiores?
710 2178 910 2224 tantum
939 2177 1089 2238 poeta
1114 2175 1342 2224 Troianis
1377 2174 1628 2235 attribuit,
1659 2177 1720 2222 ut
1749 2174 1896 2223 sacri·

202 2249 324 2312 legii
355 2249 540 2296 crimen
572 2249 828 2310 admittat,
868 2251 912 2298 si
944 2249 1053 2312 quis
1086 2265 1169 2298 eos
1200 2250 1331 2297 bello
1364 2248 1628 2297 crediderit
1657 2249 1896 2297 lacessen-

204 2322 306 2371 dos.
382 2322 683 2385 invictisque
722 2325 841 2372 viris
875 2325 1114 2387 gerimus:
1155 2324 1335 2386 quodsi
1374 2323 1755 2371 contemnendos
1795 2338 1894 2370 cre-

204 2397 377 2445 derent
415 2397 530 2446 deos
570 2399 619 2444 et
657 2413 867 2459 poenam
907 2413 997 2460 pro
1038 2397 1253 2446 admisso
1293 2398 1473 2446 scelere
1511 2411 1611 2444 non
1649 2397 1895 2459 timerent,

205 2472 387 2519 scirent
424 2486 537 2519 cum
574 2470 651 2518 his
693 2470 788 2519 sibi
827 2487 930 2519 esse
970 2474 1218 2520 certamen
1250 2487 1374 2534 quos
1405 2486 1673 2534 provocare
1712 2472 1895 2519 crimen
1925 2482 1970 2514 3⁰

205 2547 333 2593 esset
371 2547 421 2592 et
459 2544 518 2591 de
552 2544 733 2607 quibus
773 2547 983 2593 victoria
1021 2548 1296 2609 negaretur.
1353 2561 1476 2607 quos
1507 2544 1646 2592 nulla
1676 2544 1896 2608 fatigant

203 2619 397 2680 proelia
435 2634 523 2667 nec
561 2618 701 2667 victi.
721 2621 930 2682 possunt
973 2619 1209 2667 absistere
1249 2619 1402 2668 ferro:
1443 2618 1562 2681 quia
1592 2618 1759 2680 potuit
1797 2618 1895 2666 dici

204 2692 396 2740 tamdiu
447 2693 700 2754 duremus,
754 2692 908 2741 donec
956 2693 1034 2741 illi
1085 2693 1316 2742 deficiant
1366 2694 1455 2740 aut
1508 2691 1704 2753 cedant,
1758 2692 1895 2754 prior

325 2882 350 2921 5
393 2880 579 2923 inimico
613 2878 655 2922 V
692 2879 849 2934 iniquo
893 2878 963 2922 ed.
1087 2884 1112 2922 6
1154 2880 1273 2923 inter
1309 2879 1447 2922 initia
1478 2876 1521 2920 V
1559 2877 1616 2921 ab
1654 2877 1788 2921 initio
1820 2877 1892 2920 ed.

208 2942 261 2980 17
305 2939 522 2982 concessit
562 2938 633 2982 ed.
757 2943 810 2981 22
854 2941 1077 2982 terrentur
1116 2937 1185 2981 ed.
1310 2942 1365 2980 24
1396 2941 1547 2992 posset
1579 2935 1619 2979 V
1645 2937 1790 2991 possit
1821 2935 1890 2980 ed.

208 3001 262 3039 32
286 3002 492 3052 possent,
523 2997 572 3040 in
603 2997 823 3041 lemmate
850 3001 1043 3052 possunt
1064 2996 1105 3039 V
1138 2996 1204 3040 sic
1237 3010 1349 3040 corr.
1376 2995 1446 3039 ed.
