2050 3226
743 181 1049 226 AENEmos
1080 181 1142 225 ix
1682 187 1787 240 241

100 325 278 370 sentem
326 323 535 382 respexit
586 323 822 371 amicum:
872 320 1088 384 respexit
1140 320 1268 370 dixit
1316 321 1591 383 absentem,
1647 325 1790 386 quasi

99 395 259 445 videri
296 399 464 459 posset
511 397 600 459 qui
644 411 745 444 non
794 398 903 444 erat
950 397 1004 443 in
1052 396 1316 458 praesenti.
1390 396 1607 459 respexit
1657 414 1789 461 ergo,

99 470 191 519 hoc
242 474 317 520 est
360 472 633 519 retrorsum
679 471 894 532 aspexit,
941 472 992 518 et
1030 485 1142 518 cum
1180 485 1292 518 eum
1331 471 1471 518 cuius
1511 485 1661 520 causa
1698 472 1791 520 hoc

99 545 285 593 fecerat
314 544 748 594 animadvertisset
787 543 1062 606 absentem,
1092 544 1303 605 frustra,
1340 543 1529 607 inquit,
1559 545 1790 608 respexit,

99 707 196 752 qua
226 695 269 740 te
297 693 490 754 reqione
518 693 693 752 reliqui
729 690 914 754 [quave
943 690 1150 754 sequar]
1157 709 1174 740 .·
1210 691 1263 740 in
1292 692 1386 740 hoc
1418 707 1566 741 versu
1597 692 1792 742 diversa

98 766 352 815 distinctio
392 770 490 830 est;
533 766 709 816 infelix
753 766 885 814 enim
931 768 1000 814 sic
1037 767 1091 814 in
1129 766 1292 815 medio
1331 767 1553 829 positum
1591 770 1688 829 est,
1734 770 1793 816 ut

98 843 148 888 et
169 840 293 889 Niso
318 843 369 888 et
390 841 611 904 Euryalo
642 839 803 904 possit
826 839 1048 904 adiungi.
1111 840 1155 889 si
1185 840 1324 902 Niso,
1363 840 1433 889 sic
1465 841 1790 904 pronuntian-

98 913 237 975 dum,
282 916 341 962 ut
386 914 609 964 dicamus
656 915 877 978 Euryale
924 917 975 962 et
1012 915 1105 963 hoc
1151 914 1350 963 nomine
1396 930 1636 978 suspenso
1677 932 1790 964 con-

24 1003 67 1035 10
98 990 337 1052 sequatur
381 989 555 1038 infelix
602 1005 703 1052 qua
747 991 798 1038 te
843 990 1046 1053 regione
1091 988 1303 1052 reliqui?
1364 988 1540 1038 deinde
1587 990 1791 1039 accedat

98 1079 257 1125 quave
297 1063 508 1126 sequar?
575 1067 635 1112 ut
670 1063 786 1112 inde
823 1063 984 1127 magis
1022 1062 1198 1111 infelix
1235 1063 1414 1125 Nisus,
1454 1063 1575 1126 quia
1613 1064 1791 1114 nesciit

97 1152 211 1184 cum
256 1138 468 1186 amicum
513 1138 742 1200 perderet
786 1140 837 1186 et
880 1136 1148 1202 ignorabat
1192 1136 1281 1185 ubi
1327 1139 1544 1186 amicum
1590 1137 1791 1187 deberet

94 1210 360 1274 inquirere.
430 1213 531 1260 alia
569 1211 822 1260 distinctio
861 1215 937 1260 est
974 1211 1192 1274 Euryale
1239 1211 1435 1273 infelix,
1482 1215 1542 1260 ut
1587 1212 1788 1262 misera-

94 1284 246 1334 tionis
278 1284 510 1334 videatur
539 1301 644 1335 esse
675 1302 787 1335 cum
817 1285 1067 1348 perditum
1097 1286 1346 1348 nominat,
1377 1288 1428 1334 et
1457 1285 1568 1335 ideo
1600 1287 1789 1348 infelix,

0 1373 64 1446 ¹15
96 1359 218 1422 quia
248 1359 396 1408 amici
426 1359 676 1423 peritioris
708 1375 904 1424 gressus
943 1359 1204 1409 observare
1242 1375 1343 1408 non
1380 1362 1569 1422 potuit:
1609 1377 1709 1424 qua
1739 1364 1788 1409 te

0 1461 3 1491 ι
94 1433 293 1498 regione
330 1433 545 1496 reliqui?
598 1450 761 1497 quave
800 1433 1012 1497 sequar}>
1059 1433 1172 1482 inde
1206 1450 1404 1498 quoque
1436 1435 1631 1495 infelix,
1671 1435 1790 1498 quia

0 1554 2 1562 ,
95 1507 165 1555 sic
196 1507 450 1569 erraverit,
481 1511 539 1556 ut
567 1508 783 1558 inveniri
812 1524 910 1556 non
942 1510 1124 1571 posset.
1184 1508 1428 1557 iudicium
1457 1509 1539 1558 hic
1576 1510 1787 1573 legentis

0 1323 4 1356 -
0 549 15 1312 W‘raeffl'ffl.

47 632 68 666 5
100 617 218 680 quia
256 634 405 681 quem
443 618 609 668 videre
648 618 878 668 voluerat
914 633 1014 666 non
1051 619 1258 667 invenit.
1326 618 1570 680 Euryale,
1618 620 1791 679 infelix
1809 631 1895 671 390

95 1584 170 1630 est
200 1583 554 1644 necessarium,
585 1585 645 1631 ut
676 1585 916 1645 sequatur
944 1584 1211 1646 utrumque
1244 1585 1334 1631 aut
1358 1583 1549 1647 deligat
1572 1585 1787 1632 alterum
1865 1590 1870 1597 '

95 1656 228 1719 quod
280 1657 536 1719 putaverit
588 1657 781 1707 melius.
858 1656 983 1705 mihi
1034 1659 1204 1705 tamen
1257 1657 1458 1706 videtur
1517 1658 1787 1706 secundum

20 1742 64 1776 πο
95 1731 317 1778 animum
353 1730 467 1779 Nisi
503 1734 703 1780 tantum
741 1731 959 1780 doluisse
998 1731 1275 1794 perditum,
1313 1733 1372 1780 ut
1414 1747 1465 1780 se
1503 1731 1674 1795 potius
1712 1734 1786 1780 in·

94 1804 288 1853 felicem
319 1804 523 1868 diceret,
564 1807 683 1869 quia
713 1805 909 1854 tardius
946 1805 1178 1868 respexit.
1242 1806 1451 1868 denique
1484 1806 1677 1855 addidit
1710 1822 1787 1855 ac-

95 1878 402 1928 cusationem
455 1895 600 1928 suam
652 1879 860 1929 dicendo
911 1895 1011 1943 qua
1059 1882 1110 1928 te
1160 1881 1361 1944 regione
1414 1880 1630 1943 reliqui?
1686 1897 1785 1929 non

94 1951 221 2000 dixit
251 1969 351 2015 qua
381 1970 458 2002 me
488 1954 687 2018 regione
725 1954 996 2018 reliquisti,
1028 1956 1086 2002 ut
1118 1954 1234 2002 inde
1263 1954 1438 2003 infelix
1460 1955 1634 2017 Nisus,
1667 1955 1788 2017 quia

93 2026 269 2075 nesciit
306 2043 420 2075 cum
457 2028 683 2091 perderet
724 2031 774 2077 et
817 2028 1071 2091 perditum
1109 2029 1251 2076 tarde
1289 2029 1550 2078 intellexit.
1610 2044 1788 2078 rursus

20 2111 62 2144 25
85 2101 373 2161 perplexum
403 2102 494 2150 iter
522 2117 660 2150 omne
681 2103 930 2151 revolvens
951 2103 1151 2163 fallacis
1173 2103 1326 2151 silvae
1349 2104 1496 2151 simul
1521 2107 1563 2151 et
1584 2105 1787 2165 vestiqia

92 2178 218 2223 retro
264 2177 519 2224 observata
565 2177 675 2237 leqit
719 2177 972 2236 dumisque
1016 2177 1269 2225 silentibus
1315 2181 1470 2226 errat:
1516 2193 1626 2227 ecce
1665 2181 1788 2240 quot

93 2248 252 2298 modis
305 2249 478 2298 infelix
530 2251 704 2312 Nisus,
758 2250 900 2313 quia,
954 2266 1065 2300 cum
1118 2266 1169 2299 se
1224 2252 1504 2300 adverteret
1556 2254 1786 2313 evasisse,

94 2323 364 2387 cogebatur
425 2324 708 2388 inquirendi
769 2324 917 2373 amici
950 2341 1130 2385 *causa
1181 2326 1247 2373 ad
1304 2342 1362 2374 ea
1414 2326 1606 2375 revolvi
1659 2343 1785 2388 quae

214 2470 237 2509 1
285 2466 407 2510 dixit
443 2466 485 2510 V
530 2466 683 2522 inquit
727 2465 799 2509 ed.
934 2471 959 2509 2
1006 2467 1059 2511 in
1096 2469 1330 2523 praesenti
1367 2466 1408 2510 V
1448 2481 1667 2524 praesens
1711 2466 1782 2510 ed.

95 2529 119 2567 6
152 2538 294 2580 quave
323 2539 487 2582 sequar
518 2525 649 2569 deest
679 2525 728 2568 in
753 2525 808 2578 V,
848 2525 928 2570 sed
969 2525 1240 2582 explicatur.
1363 2531 1418 2570 12
1461 2532 1503 2571 et
1542 2526 1786 2583 iqnorabat

95 2597 181 2626 om.
216 2584 287 2628 ed.
410 2589 464 2628 17
497 2589 728 2630 erraverat
758 2584 829 2628 ed.
954 2589 1008 2628 18
1046 2599 1209 2641 sequar
1239 2584 1281 2628 V
1311 2591 1526 2642 sequatur
1565 2599 1677 2628 corr.
1711 2585 1781 2628 ed.

94 2646 150 2685 20
188 2645 394 2688 animum
425 2643 537 2688 Nisi
568 2643 611 2687 V
642 2643 731 2688 edI
773 2644 970 2688 amicum
1000 2645 1169 2689 Nisum
1208 2644 1323 2689 edF.
1447 2649 1502 2688 23
1542 2659 1678 2700 quam
1715 2659 1783 2688 re-

92 2703 267 2758 qionem
291 2702 333 2746 V
365 2702 435 2747 ed.
470 2717 560 2759 qua
590 2717 659 2748 me
688 2704 868 2760 reqione
899 2717 994 2747 nos.
1039 2703 1045 2762 Ι
1090 2709 1142 2749 ut
1165 2703 1207 2747 V
1237 2709 1291 2749 ut
1321 2709 1360 2748 et
1392 2703 1462 2747 ed.
1585 2708 1641 2746 24
1681 2717 1783 2747 rur-

93 2774 213 2815 sum,
246 2762 327 2806 sed
357 2761 481 2805 infra
511 2762 562 2805 in
592 2762 791 2818 repetito
824 2761 1041 2806 lemmate
1071 2776 1233 2808 rursus
1259 2763 1314 2817 V,
1348 2763 1471 2818 quod
1505 2761 1640 2818 Verg.
1674 2761 1783 2805 libri

93 2818 283 2864 habent.
404 2826 460 2865 25
497 2822 688 2876 fallaces
723 2822 864 2866 silvae
894 2821 935 2864 V
972 2822 1164 2876 fallaces
1196 2823 1336 2867 silvas
1374 2822 1431 2866 ed
1444 2821 1491 2864 F.
1553 2835 1782 2866 rursus-—

94 2879 234 2924 silvae
261 2893 290 2923 a
316 2879 498 2924 Donato
531 2894 635 2924 cum
668 2879 969 2936 sequentibus
996 2880 1131 2938 iungi
1153 2881 1344 2936 interpr.
1371 2881 1518 2924 docet.
1612 2885 1667 2923 26
1699 2881 1783 2925 du-

95 2939 338 2993 misque—
369 2944 514 2993 242,4
560 2941 668 2997 leqit
712 2953 800 2984 om.
842 2940 914 2984 ed.
976 2940 981 2997 Ι
1046 2941 1154 2985 dum
1199 2942 1354 2996 hisque
1393 2940 1446 2984 V.
1506 2941 1510 2998 Ι
1576 2939 1696 2995 quod
1741 2938 1783 2983 V

96 3002 203 3052 quot
233 3012 328 3041 nos.

183 3086 281 3120 Don.
298 3086 454 3127 interpr.
467 3087 579 3128 Verg.
603 3087 676 3121 vol.
692 3088 743 3121 11.
1460 3093 1514 3131 16

8 3119 45 3226 4,
