2050 3226
121 624 140 657 5

96 996 140 1028 10

98 1367 139 1400 15

97 1737 140 1770 20

99 2107 141 2140 25

101 2478 144 2510 30

829 172 1133 218 AENEIDOS
1163 171 1206 216 X
1756 175 1863 229 397

171 315 463 362 cunctorum
502 312 700 362 civium.
762 314 921 363 omnis
949 327 1044 374 per
1078 313 1249 361 mortis
1287 312 1509 361 animam
1545 316 1727 361 sontem
1763 316 1868 374 ipse

171 388 433 438 dedissem:
472 387 800 436 consentirem
837 387 1058 437 adversis
1097 402 1319 436 meorum
1351 385 1530 436 studiis
1562 388 1613 435 et
1649 403 1727 435 me
1767 403 1868 451 qua

170 462 357 511 vellent
393 476 554 525 poena
592 461 900 510 conficerent.
953 475 1086 510 nunc
1121 462 1230 509 vivo
1267 474 1420 520 neque
1457 460 1618 509 adhue
1652 461 1868 510 homines
1885 474 1971 516 855

171 536 415 595 lucemque
435 535 670 595 relinquo.
718 536 804 584 sed
828 536 1072 595 linquam.-
1101 550 1254 596 nunc,
1283 535 1474 598 inquit,
1496 535 1612 584 vivo
1638 534 1725 597 qui
1749 534 1869 584 olim

171 609 439 661 debueram
474 610 625 672 mori3
664 609 830 660 vivere
870 611 1004 658 enim
1032 625 1132 658 non
1163 608 1313 658 debui
1343 609 1434 672 qui
1463 609 1709 658 universis
1750 609 1868 658 civi-

170 684 262 734 bus
300 684 423 733 meis
462 684 689 746 qualibet
726 683 922 733 ratione
953 684 1201 747 displicui.
1254 699 1414 747 neque
1454 683 1616 732 adhuc
1645 683 1869 736 homines

171 760 223 806 et
251 758 414 808 lucem
443 759 607 821 ipsam
636 758 888 821 relinquo:
923 774 1038 807 cum
1068 757 1311 807 deliberat
1341 758 1392 805 et
1420 774 1510 820 per
1537 758 1728 807 incerta
1758 773 1870 807 con-

166 831 286 881 sih‘a
314 831 528 896 rapitur,
557 832 669 881 fixit
697 835 997 882 sententiam
1028 835 1078 881 et
1108 834 1338 882 extremis
1362 832 1567 881 tandem
1598 831 1869 895 aliquando

171 907 421 956 consensit
461 906 626 956 dicens
667 906 752 955 sed
786 906 1034 970 linquamt
1081 907 1286 969 faciam,
1322 906 1512 968 inquit,
1551 921 1688 956 serus
1735 905 1870 969 quod

171 981 292 1030 olim
316 980 585 1029 differendo
616 997 717 1029 non
747 981 856 1030 feci.
895 981 1045 1030 simul
1073 981 1160 1029 hoc
1189 981 1354 1029 dicens
1384 981 1557 1029 attollit
1583 982 1638 1029 in
1670 994 1872 1042 aeyrwm

170 1069 221 1104 se
250 1056 413 1115 femur
422 1073 438 1104 .·
477 1071 590 1104 cum
620 1057 731 1118 ipso
762 1055 941 1104 ultimo
973 1055 1122 1104 verbo
1154 1055 1428 1104 sententiae
1458 1069 1579 1104 suae
1611 1070 1712 1118 qua
1742 1054 1870 1103 iudi·

171 1130 306 1179 cavit
343 1129 441 1179 sibi
479 1145 583 1178 esse
621 1129 933 1178 moriendum
969 1128 1023 1177 in
1056 1145 1260 1193 aegrum
1298 1144 1349 1178 se
1381 1129 1562 1177 extulit
1590 1128 1767 1178 femur.
1813 1132 1869 1186 et,

171 1217 468 1263 quamquam
505 1205 582 1252 vis
611 1204 708 1252 alto
746 1204 944 1252 vulnere
975 1203 1152 1260 tardet,
1193 1205 1263 1264 et,
1301 1203 1420 1252 licet
1456 1203 1742 1252 tardaretur
1779 1203 1873 1252 alt-i

170 1277 390 1327 vulneris
429 1277 694 1340 violentia,
731 1278 853 1326 haut
889 1278 1118 1334 deiectus,
1158 1293 1258 1326 non
1295 1279 1464 1326 tamen
1501 1278 1556 1325 in
1586 1279 1750 1326 totum
1789 1277 1871 1325 de-

170 1351 400 1401 bilitatus
439 1353 629 1413 anim0‚
670 1366 844 1413 equum
882 1352 996 1400 duci
1028 1353 1178 1408 iubet,
1218 1353 1276 1400 ut
1314 1367 1372 1400 eo
1403 1351 1664 1400 veheretur
1695 1351 1871 1401 debilis

172 1441 270 1488 quo
300 1426 378 1474 uti
409 1426 586 1475 solitus
618 1427 783 1475 fuerat
814 1442 925 1474 cum
955 1425 1165 1475 floreret.
1218 1426 1305 1474 hoc
1335 1426 1480 1474 decus
1509 1426 1605 1484 illi,
1636 1426 1723 1474 hoc
1744 1426 1871 1474 sola-

166 1514 280 1548 men
311 1503 435 1557 erat,
469 1501 605 1549 bellis
634 1501 722 1549 hoe
749 1501 900 1549 vietor
923 1501 1091 1549 abibat
1112 1501 1360 1549 omnibus:
1388 1499 1496 1563 ipse
1527 1502 1872 1549 ornamentum
1888 1510 1974 1552 860

171 1573 372 1623 domino
403 1574 524 1636 fuit,
563 1575 806 1624 solacium
837 1575 967 1637 ipse,
1005 1575 1165 1637 ipsius
1197 1574 1422 1637 auspicio
1457 1575 1698 1624 remeavit
1727 1574 1870 1624 bellis

171 1664 229 1696 ex
269 1648 498 1698 omnibus
536 1650 710 1698 victor.
777 1664 886 1698 ecce
925 1664 1026 1697 non
1069 1650 1230 1698 solum
1277 1650 1496 1712 corporis
1535 1647 1716 1697 vitium
1754 1648 1872 1711 equi

173 1722 415 1772 auxilium
451 1723 739 1787 flagitabat,
777 1724 896 1773 talis
936 1723 1088 1772 etiam
1119 1724 1216 1771 fuit
1255 1725 1342 1786 qui
1373 1723 1437 1771 ad
1473 1723 1716 1772 ultionem
1755 1722 1872 1771 duci

171 1796 446 1860 debuisset3
484 1813 583 1846 non
622 1797 754 1847 enim
791 1797 988 1847 vincere
1025 1796 1295 1846 Mezentius
1336 1797 1570 1860 cupiebat
1608 1813 1760 1859 quam
1797 1796 1872 1845 fih·

171 1871 430 1919 interitum
466 1871 743 1934 vindicare,
781 1871 876 1920 tali
907 1887 1023 1937 ergo
1056 1888 1183 1935 equo
1214 1873 1293 1920 uti
1323 1870 1486 1920 voluit
1516 1872 1604 1933 qui
1633 1887 1735 1920 non
1772 1872 1871 1920 nisi

173 1960 285 1993 cum
308 1946 478 2008 palma
498 1962 716 1995 remeare
742 1948 1038 1996 consuesset.
1086 1946 1364 2007 adloquitur
1385 1949 1690 2002 maerentem,
1725 1947 1871 2009 quasi

172 2019 307 2068 mala
345 2019 535 2067 domini
571 2020 725 2069 etiam
761 2021 866 2084 ipse
906 2020 1133 2082 sentiret,
1172 2023 1216 2068 et
1251 2020 1432 2069 talibus
1468 2021 1600 2079 infit,
1645 2022 1696 2068 et
1739 2021 1870 2068 hunc

173 2093 361 2142 talibus
399 2093 562 2142 verbis
603 2094 826 2143 adfatur:
865 2095 1082 2151 Rhaebe‚
1123 2095 1231 2151 diu,
1262 2108 1342 2142 res
1371 2095 1417 2143 si
1448 2108 1546 2154 qua
1576 2094 1663 2142 diu
1692 2097 1870 2142 morta-

173 2167 301 2216 libus
323 2168 429 2216 ulla
453 2171 534 2224 est,
558 2169 795 2217 viximus:
818 2170 906 2231 qui
928 2169 1192 2218 videbatur
1213 2167 1373 2218 tristis
1398 2167 1704 2218 sentiebatur
1726 2183 1870 2231 posse

174 2241 430 2290 dominum
463 2241 635 2290 audire
666 2243 966 2305 loquentem.
1022 2242 1110 2291 diu
1141 2244 1231 2304 est,
1268 2243 1450 2306 inquit,
1482 2242 1615 2305 quod
1638 2243 1870 2303 viximus,

172 2316 397 2378 Rhaebe,
436 2317 480 2365 si
510 2318 679 2365 tamen
711 2316 860 2365 durat
891 2317 1085 2379 aliquid
1123 2316 1418 2366 mortalibus
1451 2316 1536 2365 diu
1569 2319 1620 2365 et
1650 2317 1739 2364 diu
1771 2315 1869 2364 dici

173 2393 340 2452 potest
379 2390 511 2452 quod
543 2389 792 2439 clauditur
821 2391 930 2438 fine.
988 2394 1074 2440 aut
1105 2392 1244 2440 hodie
1272 2392 1423 2440 victor
1452 2391 1611 2451 spolia
1642 2390 1731 2437 illa
1762 2404 1869 2438 cru-

174 2467 287 2512 enta
333 2468 376 2512 et
414 2468 560 2524 eaput
596 2463 793 2513 Aeneae
836 2467 1017 2525 referes
1054 2465 1309 2526 Lausique
1347 2465 1568 2514 dolorum
1605 2464 1733 2512 ultor
1772 2464 1868 2512 eris

174 2552 360 2586 mecum
408 2542 514 2595 aut,
563 2539 721 2600 aperit
767 2539 812 2587 si
856 2539 997 2588 nulla
1041 2540 1175 2589 viam
1219 2540 1316 2598 vis,
1371 2539 1616 2588 occumbes
1653 2538 1868 2597 pariter:
1885 2545 1971 2588 865

296 2699 320 2738 7
354 2709 455 2740 cum
486 2708 574 2739 om.
601 2695 672 2738 ed.
721 2694 726 2753 Ι
776 2694 1055 2740 deliberabat
1087 2695 1157 2739 ed.
1260 2699 1314 2739 10
1352 2696 1462 2739 haee
1500 2694 1571 2738 ed.
1666 2698 1718 2736 11
1759 2707 1868 2738 suae

177 2767 265 2798 om.
291 2754 362 2798 ed.
457 2758 510 2798 13
542 2755 699 2798 tardat
729 2753 800 2797 ed.
838 2754 843 2812 1
876 2754 1208 2799 haud—iubet
1228 2756 1347 2810 post.
1372 2753 1529 2798 tardat
1551 2752 1768 2808 interpol.
1794 2753 1865 2796 ed.

178 2818 234 2856 14
279 2826 373 2857 non
418 2818 569 2858 tamen
606 2813 648 2856 V
694 2818 845 2857 tamen
890 2826 1031 2869 neque
1077 2814 1149 2858 ed.
1293 2817 1346 2857 18
1392 2814 1489 2868 ipse
1534 2813 1748 2856 solatium
1794 2812 1866 2856 ed.

179 2875 233 2915 19
275 2874 439 2916 vitium
477 2874 579 2928 equi
617 2872 847 2916 auxilium
878 2871 920 2915 V
958 2873 1009 2916 in
1048 2872 1302 2916 absurdum
1333 2873 1446 2914 mut'.
1473 2871 1544 2916 ed.
1667 2875 1721 2914 21
1764 2872 1867 2916 vin—

177 2944 272 2975 cere
295 2930 337 2974 V
368 2936 462 2976 tam
491 2946 531 2976 v.
565 2931 636 2975 ed.
671 2930 728 2975 cf.
759 2945 799 2974 v.
827 2935 926 2975 369.
1049 2936 1105 2976 23
1144 2932 1388 2976 consuisset
1422 2929 1476 2974 V.
1600 2934 1655 2973 25
1695 2930 1868 2985 affatus

179 2995 241 3034 est
272 2990 341 3033 ed.
387 2990 391 3047 Ι
437 2990 619 3045 rahebe,
650 2990 773 3033 infra.
802 2990 962 3035 rhaebe
985 2990 1040 3036 V.
1164 2994 1219 3034 28
1251 2991 1365 3034 diua
1396 2994 1438 3034 et
1468 2989 1551 3034 diu
1573 2988 1628 3032 V.
