2078 3260
778 149 1082 196 AENEIDOS
1114 149 1199 194 XII
1729 153 1838 206 627

62 284 65 286 ’
143 308 314 342 sensus
361 292 451 341 sic:
500 291 707 354 reliquit
752 293 803 340 et
848 307 1047 340 currum
1093 292 1143 339 et
1188 305 1406 339 sororem
1445 305 1628 352 perque
1667 291 1843 351 hostie,

142 383 232 430 per
267 367 368 416 tela
404 366 508 414 ruit
547 381 605 414 ac
634 365 810 429 rapido
850 381 998 415 cursu
1034 364 1198 413 media
1229 365 1432 429 agmina
1469 365 1671 427 rumpit.
1723 364 1842 428 quid

144 441 275 490 enim
304 441 550 488 metueret
580 441 669 502 qui
692 440 976 489 decreverat
1005 437 1170 488 mori?
1209 453 1268 487 ac
1289 439 1437 486 veluti
1463 440 1641 486 montis
1666 453 1840 486 saxum

143 516 203 564 de
239 515 411 563 vertice
442 529 679 575 praeceps
723 529 834 562 cum
869 515 990 570 ruit,
1038 513 1264 562 avulsum
1309 515 1446 561 vento
1495 527 1582 560 seu
1619 513 1844 561 turbidus
1862 525 1948 565 685

92 605 113 638 5
142 590 296 638 imber
326 589 513 649 proluit
550 591 638 636 aut
674 589 822 636 annis
859 589 1002 636 solvit
1036 587 1275 647 sublapsa
1311 589 1545 643 vetustae,
1596 587 1754 646 fertur
1791 588 1844 634 in

144 664 407 724 abruptum
443 677 620 723 maqno
658 676 797 711 mons
827 663 1063 722 inprobus
1102 665 1213 710 actu
1244 661 1516 720 exultatque
1545 661 1645 709 solo
1675 661 1843 717 silvae,

144 740 367 786 armenta
390 737 612 796 virosque
633 737 883 784 involvens
913 750 1097 785 seeum:
1129 752 1241 784 cum
1272 735 1396 784 dicit
1422 734 1715 798 parabolam
1744 750 1846 797 qua

144 811 302 860 Turni
334 826 532 859 cursum
560 810 614 858 in
642 811 860 873 patriam
890 812 1154 872 monstret,
1187 809 1406 858 ostendit
1436 809 1618 872 quibus
1650 809 1845 858 casibus

145 901 265 934 saxa
304 885 363 934 de
393 884 640 934 montium
670 884 940 934 verticibus
971 886 1216 947 proruant
1251 885 1526 946 avulsaque
1556 885 1847 933 volvantur:

71 975 113 1008 ιο
144 961 288 1021 haec,
326 956 514 1022 inquit,
547 975 577 1008 a
607 959 863 1008 soliditate
895 958 1131 1008 discernit
1161 961 1250 1007 aut
1279 958 1430 1007 flatus
1461 961 1727 1007 ventorum
1761 962 1848 1007 aut

73 1346 114 1379 15

73 1717 116 1749 20

75 2087 117 2119 25

77 2458 120 2490 30

144 1033 317 1096 pluvia
348 1036 438 1082 aut
466 1035 711 1091 vetustaS,
749 1033 994 1082 dissoluta
1027 1035 1198 1082 autem
1227 1033 1299 1082 sic
1328 1033 1602 1082 volvuntur
1622 1033 1675 1080 in
1705 1048 1846 1095 prae-

146 1123 280 1171 cepS‚
319 1111 379 1156 ut
417 1123 587 1155 eorum
622 1108 840 1170 impetus
871 1123 971 1156 non
1001 1108 1258 1156 minuatur
1288 1107 1523 1169 saltibus,
1562 1106 1648 1155 sed
1685 1106 1848 1171 magis

144 1183 450 1230 incrementa
472 1181 718 1245 percipiat
741 1184 792 1230 et
815 1181 1054 1245 quicquid
1082 1182 1364 1230 invenerint
1386 1181 1607 1230 volvant.
1647 1181 1848 1230 disiecta

139 1271 231 1317 per
269 1257 471 1318 aqmina
510 1257 712 1304 Turnus
749 1258 820 1304 sic
855 1257 995 1304 urbis
1031 1257 1134 1304 ruit
1171 1256 1238 1304 ad
1273 1269 1465 1303 muros.-

450 1331 602 1379 Deest
638 1331 988 1394 interpretatio
1027 1346 1185 1394 usque
1226 1329 1290 1378 ad
1328 1346 1374 1378 v.
1418 1330 1537 1378 755.

146 1403 356 1467 denique
396 1404 466 1453 sic
504 1405 703 1453 fallitur
741 1404 981 1454 aviditate
1019 1403 1288 1466 retinendi,
1327 1406 1385 1452 ut
1415 1403 1586 1452 dentes
1618 1402 1847 1452 dentibus

146 1479 310 1540 feriat,
342 1494 454 1526 cum
485 1478 649 1527 media
677 1479 864 1542 praeda
895 1478 1123 1527 defuerit.
1170 1482 1271 1526 tum
1293 1492 1405 1526 vero
1430 1478 1644 1526 eaor-itur
1667 1478 1850 1526 elamor

145 1553 376 1614 ripaeque
423 1553 650 1614 lacusque
693 1556 985 1613 responsant
1033 1553 1164 1601 eirea
1209 1556 1253 1600 et
1300 1553 1488 1600 caelum
1533 1555 1668 1600 tonat
1711 1565 1849 1600 omne

145 1629 366 1688 frayore:
396 1627 539 1688 fals0,
568 1627 750 1696 inqut,
776 1643 945 1676 morsu
977 1628 1112 1675 canis
1148 1625 1481 1689 spectantium
1506 1627 1692 1675 clamor
1713 1626 1848 1675 tolli-

145 1703 230 1749 tur
267 1703 318 1749 et
354 1701 605 1763 reciproco
652 1703 874 1750 locorum
923 1702 1263 1750 resonantium
1311 1715 1548 1763 responso
1588 1702 1850 1763 tamquam

146 1774 370 1824 tonitrua
399 1777 683 1825 mittuntur.
720 1776 802 1824 ille
828 1777 976 1824 simul
997 1776 1192 1837 fuyiens
1215 1775 1425 1823 Rutulos
1455 1775 1603 1823 simul
1631 1775 1852 1836 increpat

147 1850 304 1897 omnis
353 1851 547 1897 nomine
594 1864 824 1911 quemque
867 1865 1048 1898 vocans
1096 1853 1354 1909 notumque
1401 1849 1631 1910 efflayitat
1674 1862 1849 1897 ensem.

148 1922 344 1972 Aeneas
373 1927 574 1972 monem
604 1928 771 1972 eontra
791 1938 1120 1985 praesensque
1149 1925 1369 1972 minatur
1392 1923 1610 1980 exitium,
1644 1923 1689 1971 si
1719 1924 1851 1982 quis·
1869 1932 1954 1972 760

149 2012 296 2058 quam
334 1998 498 2054 adeat,
542 2002 774 2060 terretque
812 1999 1056 2046 trementis
1095 1999 1371 2046 excisurum
1406 1998 1577 2046 urbem
1612 1997 1850 2046 minitans

150 2075 192 2119 et
221 2072 421 2120 saucius
449 2073 624 2120 instat:
660 2072 839 2120 inermi
870 2073 1038 2121 Turno
1079 2087 1192 2120 cum
1230 2071 1425 2120 Aeneas
1463 2070 1737 2132 insisteret,
1774 2071 1850 2119 in-

150 2145 384 2208 crepabat
421 2146 554 2194 idem
585 2146 779 2195 Turnus
813 2148 972 2194 omnis
1013 2161 1128 2194 suos
1167 2148 1217 2194 et
1248 2145 1536 2209 appellabat
1565 2145 1849 2194 nominibus

148 2219 366 2282 propriis
403 2219 542 2269 illius
576 2221 707 2269 ensis
739 2221 979 2269 auxilium
1011 2235 1251 2283 quaerens
1285 2236 1432 2283 quem
1464 2219 1722 2268 dimiserat
1751 2222 1848 2268 tre-

149 2293 343 2356 pidans,
360 2293 446 2342 sed
470 2294 587 2342 dare
611 2295 780 2343 nullus
806 2294 1044 2357 audebat3
1067 2294 1261 2343 Aeneas
1287 2294 1418 2342 enim
1443 2296 1615 2343 contra
1638 2295 1850 2342 mortem

151 2367 427 2430 spondebat
448 2368 733 2417 hominibus
766 2372 816 2418 et
837 2383 1070 2431 praesens
1103 2368 1298 2418 civitati
1327 2368 1613 2417 minabatur
1642 2367 1850 2416 exitium

151 2444 202 2490 et
238 2442 340 2490 iam
379 2444 633 2492 trementis
672 2443 912 2505 terrebat3
950 2443 1150 2492 facilius
1190 2445 1266 2492 est
1304 2443 1436 2491 enim
1471 2445 1653 2490 terrere
1691 2444 1848 2490 metu-

271 2617 297 2656 5
329 2614 526 2658 sublaaea
550 2613 621 2657 ed.
712 2618 764 2656 11
799 2618 949 2658 autem
972 2613 1014 2658 V
1036 2619 1089 2658 ut
1112 2619 1177 2659 est
1199 2614 1269 2658 ed.
1310 2614 1313 2671 ὶ
1348 2613 1546 2657 volvitur
1568 2611 1611 2655 V
1635 2625 1750 2656 corr.
1775 2612 1847 2656 ed.

156 2677 209 2716 14
256 2686 410 2717 muros
455 2673 559 2716 finis
606 2672 709 2716 folii
756 2677 840 2717 223
877 2672 954 2716 Bb
1000 2673 1170 2728 incipit
1215 2672 1293 2716 fol.
1332 2677 1418 2715 224
1453 2671 1526 2714 Aa
1572 2685 1600 2714 a
1642 2672 1847 2728 denique.

155 2736 208 2774 19
241 2745 394 2776 morsu
424 2733 555 2776 canis
585 2746 672 2775 om.
699 2731 770 2775 ed.
878 2737 932 2775 22
966 2734 1168 2790 eflaqitat
1190 2731 1245 2775 V.
1354 2735 1408 2774 25
1440 2732 1607 2775 inermi
1635 2729 1755 2774 falso
1788 2730 1849 2774 ad

154 2791 325 2835 lemma
356 2791 551 2834 retraxit
573 2790 616 2834 V
646 2790 760 2835 item
793 2791 863 2834 ed.
987 2795 1043 2835 28
1082 2792 1202 2836 enim
1232 2789 1274 2833 V
1309 2794 1459 2834 autem
1491 2790 1562 2833 ed.
1608 2789 1613 2848 Ι
1665 2795 1849 2835 monem

155 2855 313 2894 eontra
342 2855 528 2894 mortem
550 2849 592 2893 V
622 2850 752 2906 prius
775 2851 973 2894 mortem
997 2850 1088 2894 del.
1113 2850 1184 2894 ed.
1286 2853 1340 2893 29
1373 2849 1625 2905 spondebat
1653 2850 1849 2894 homini-

157 2909 240 2953 bus
272 2908 315 2952 V
352 2910 617 2954 minabatur
653 2910 861 2954 omnibus
903 2909 974 2954 ed.
1105 2913 1161 2952 30
1201 2914 1243 2954 et
1279 2910 1373 2953 iam
1403 2907 1457 2951 V'
1477 2922 1532 2953 ac
1563 2909 1699 2953 etiam
1730 2907 1803 2953 ed.
1839 2909 1844 2967 l

157 2969 316 3013 temeri
347 2970 394 3013 et
426 2972 527 3022 628,
553 2973 576 3011 1
611 2969 778 3014 moveri
809 2968 880 3013 ed.

1494 3056 1582 3100 40*
