2050 3226
241 201 351 254 370
715 197 947 242 DONATI
976 197 1257 241 INTERPR.
1281 196 1460 241 VERG.

239 354 411 387 verum
448 338 602 387 etiam
638 337 882 387 Ascanius
929 354 1075 401 puer,
1126 351 1249 400 quos
1297 351 1463 386 omnes
1506 338 1695 386 frustra
1733 336 1929 386 obsede-

237 415 353 461 rant
390 412 582 460 Rutuli.
648 411 650 414 ’
1875 411 1877 413 ’
1948 430 1951 433 ’

355 486 598 534 Iunonem
619 486 805 533 interea
836 485 1073 544 conpellat
1092 485 1318 545 Iuppiter
1346 484 1497 533 ultro:
1526 501 1639 534 cum
1667 486 1790 533 haec
1818 501 1932 549 age·

237 562 410 609 rentur
433 562 523 608 aut
544 561 665 608 haec
697 561 916 607 cerneret
937 559 1187 621 Iuppiter,
1209 558 1336 607 talia
1357 558 1539 607 Iunoni
1560 559 1736 608 intulit
1758 559 1932 608 verba:

238 649 265 683 ο
300 648 539 696 yermema
583 634 703 681 mihi
749 636 890 692 atque
937 633 1104 681 eadem
1137 633 1422 694 qratissima
1461 634 1693 682 coniunx:
1739 633 1931 682 duobus

158 729 163 731 ·
237 708 493 758 vocabulis
532 723 666 756 mero
699 706 758 754 de
799 706 1001 756 adfectu
1031 707 1341 756 venientibus
1374 707 1751 771 conpellandam
1781 707 1950 755 Iuno-'

238 800 351 831 nem
398 781 606 830 credidit
643 780 893 844 Iuppiter,
940 781 1131 830 scilicet
1169 781 1304 845 quod
1348 797 1474 830 uxor
1518 784 1647 830 esset
1692 783 1742 829 et
1780 797 1931 830 soror.

240 856 360 919 quid
398 857 530 904 enim
567 855 644 904 his
684 855 846 904 carius
886 871 1039 918 quam
1075 855 1218 920 iungi
1256 855 1465 904 conubio
1505 858 1555 904 et
1590 856 1784 904 ratione
1822 867 1951 904 san·'

239 931 404 995 guinis
451 928 666 979 sociari?
724 933 780 977 ut
822 931 1013 987 rebare,
1071 930 1255 987 VenuS,
1302 944 1389 978 nee
1426 933 1469 977 te
1513 931 1750 978 sententia
1785 930 1931 990 fallit,

137 1014 222 1054 610
241 1005 487 1053 Troianas
523 1007 760 1053 sustentat
796 1018 929 1063 opeS,
969 1018 1069 1052 rien
1105 1004 1273 1052 vivida
1305 1004 1423 1052 bello
1457 1003 1628 1052 deoetra
1664 1005 1787 1052 viris
1825 1004 1933 1052 ani-

237 1093 438 1140 musque
473 1079 612 1139 ferox
640 1078 930 1138 patiensque
956 1078 1160 1138 pericli?
1206 1093 1327 1140 non,
1360 1078 1452 1140 ait,
1483 1077 1665 1127 videris
1696 1078 1792 1126 tibi
1821 1078 1934 1126 falli

239 1153 486 1202 sententia
509 1154 619 1214 tua,
652 1168 754 1215 qua
778 1151 1035 1201 arbitraris
1052 1152 1297 1200 Venerem
1320 1152 1487 1201 fovere
1511 1150 1790 1201 Troianos?
1820 1153 1934 1215 ipsa

239 1228 511 1292 pugnantis
552 1226 780 1276 sublevat
826 1243 889 1274 an
939 1226 1097 1275 virtus
1139 1242 1230 1275 sua
1276 1228 1326 1275 et
1363 1226 1579 1291 vigilans
1627 1226 1822 1274 animus
1862 1227 1933 1287 et,

240 1301 375 1364 quod
412 1302 464 1350 in
494 1301 639 1349 rebus
674 1300 911 1365 gerundis
943 1303 1019 1349 est
1047 1301 1318 1349 maximum
1349 1300 1413 1348 ad
1444 1300 1830 1350 dissimulandos
1861 1301 1932 1348 la-

239 1376 404 1437 bores,
451 1374 754 1424 consuetudo
800 1374 1080 1423 tolerandi?
1145 1375 1225 1423 eui
1260 1375 1389 1423 Iuno
1434 1376 1704 1423 submissa:
1747 1374 1933 1423 idcirco

241 1450 507 1511 submissa,
539 1466 599 1498 ne
623 1465 713 1512 pro
745 1448 1001 1498 commodo
1027 1448 1181 1497 animi
1211 1450 1292 1498 sui
1314 1449 1484 1497 fratris
1517 1465 1574 1497 ac
1606 1448 1777 1497 mariti
1799 1465 1933 1497 men-

239 1527 343 1572 tem
382 1524 443 1572 ab
484 1539 641 1587 aequo
681 1525 733 1572 et
761 1539 878 1572 vero
909 1523 1156 1586 potuisset
1194 1525 1437 1585 avertere3
1475 1523 1711 1571 humilem
1747 1523 1934 1584 quippe

1985 643 2006 677 5

1965 1016 2006 1048 1⁰

1966 1354 2050 1420 ¹51

241 1614 344 1647 esse
392 1598 532 1646 decet
580 1613 981 1660 unumquemque
1026 1597 1116 1645 ubi
1152 1596 1353 1659 petendi
1398 1596 1622 1645 beneficii
1668 1596 1932 1645 necessitas
1962 1604 1977 1615 ”

241 1672 396 1721 adest.
450 1671 694 1721 submissa
724 1673 894 1720 tamen
923 1687 1024 1729 non
1055 1686 1279 1734 corpore,
1311 1671 1398 1719 sed
1427 1673 1591 1719 mente
1618 1686 1674 1718 ac
1703 1686 1821 1719 voce
1854 1685 1931 1719 ac-

241 1746 523 1809 cipiendum
569 1749 644 1795 est
688 1761 780 1794 nec
815 1745 1086 1808 respexisse
1134 1761 1260 1808 quae
1311 1747 1439 1794 esset
1483 1746 1565 1794 vel
1610 1745 1744 1808 apud
1784 1761 1933 1807 quem

240 1821 391 1869 verba
429 1821 636 1882 faceret,
686 1821 772 1868 sed
811 1819 933 1883 quid
978 1821 1108 1868 esset
1145 1818 1379 1882 petitura.
1440 1818 1765 1883 intellegebat
1802 1818 1932 1867 enim

239 1894 483 1943 iniustum
521 1894 821 1943 desiderium
866 1909 1011 1943 suum
1060 1895 1107 1941 et
1152 1892 1268 1941 inde
1307 1907 1572 1957 germanae
1619 1895 1670 1941 et
1708 1892 1931 1957 coniugis

239 1968 472 2016 fiduciam
501 1985 601 2017 non
623 1968 860 2030 habebat,
892 1967 1210 2016 existimabat
1235 1970 1403 2016 tamen
1433 1967 1719 2016 humilitate
1751 1982 1932 2016 sermo-

241 2043 319 2090 nis
356 2042 606 2105 inpetrare
648 2058 697 2090 se
728 2057 872 2104 posse
905 2041 1037 2105 quod
1066 2041 1322 2104 petitionis
1363 2057 1483 2090 suae
1514 2042 1931 2104 contemplatione

241 2117 419 2164 mereri
457 2131 555 2164 non
586 2118 784 2178 poterat
821 2117 901 2165 cui
938 2132 1056 2164 vera
1094 2115 1372 2164 obiciantur
1403 2116 1654 2179 oculisque
1693 2115 1930 2163 subiecta.

242 2190 378 2252 quid,
418 2204 444 2238 o
469 2190 792 2250 pulcherrime
823 2191 1052 2247 eoniunae,
1092 2190 1324 2238 sollicitas
1354 2204 1553 2251 aeyram
1584 2193 1627 2237 et
1656 2192 1742 2237 tua
1771 2189 1933 2237 tristia

242 2265 371 2313 dieta
401 2264 671 2311 timentem?
709 2280 893 2328 magna
931 2263 1184 2312 subtilitas
1215 2264 1418 2312 Iunonis
1457 2265 1510 2311 in
1545 2265 1654 2326 ipso
1685 2260 1930 2325 principio

242 2343 292 2387 et
321 2337 443 2387 satis
468 2338 746 2387 artificiosa.
798 2338 984 2386 adserit
1006 2337 1137 2386 enim
1161 2354 1212 2386 se
1244 2338 1441 2386 anxiam
1466 2354 1525 2385 ex
1555 2336 1749 2404 casibus
1773 2337 1932 2384 Rutu-

242 2413 403 2460 lorum
434 2414 484 2460 et
514 2427 565 2460 se
595 2411 742 2475 fingit
763 2411 931 2460 Iovem
962 2413 1135 2460 timere
1167 2413 1328 2476 magis
1358 2411 1597 2459 maritum
1628 2426 1777 2472 quam
1809 2411 1930 2458 frat-

241 2503 366 2549 rem3
399 2488 449 2534 et
472 2501 585 2534 cum
607 2486 693 2533 ille
723 2487 772 2532 et
795 2500 1012 2533 sororem
1036 2486 1240 2534 dixisset
1262 2489 1312 2534 et
1335 2485 1618 2548 coniugem,
1648 2484 1738 2532 illa
1761 2484 1932 2532 mariti

242 2560 585 2608 tantummodo
631 2574 894 2622 personam
931 2561 1256 2622 interposuit,
1297 2575 1424 2623 quae
1472 2561 1600 2607 esset
1638 2574 1756 2622 erga
1786 2558 1930 2606 muli-

365 2719 386 2758 1
420 2715 680 2760 obsiderarit
701 2714 757 2758 V.
864 2719 891 2757 4
922 2715 1083 2760 intulit
1105 2715 1146 2758 V
1177 2716 1328 2772 inquit
1357 2714 1448 2758 ΗΟ
1482 2714 1602 2758 dixit
1633 2714 1703 2757 ed.
1820 2718 1845 2757 6
1877 2713 1931 2757 de

244 2774 426 2828 adfectu
459 2774 502 2817 V
539 2775 613 2819 dei
643 2789 684 2818 a.
718 2773 789 2818 ed.
920 2778 944 2815 9
988 2776 1151 2819 sotiari
1183 2774 1238 2818 V.
1369 2779 1420 2817 11
1460 2774 1546 2818 tibi
1575 2772 1617 2816 V
1654 2773 1739 2817 tibi
1777 2776 1818 2816 te
1857 2772 1929 2815 ed.

247 2837 299 2876 13
330 2835 477 2877 virtus
506 2847 592 2877 sua
614 2833 657 2876 V
687 2846 841 2878 eorum
870 2847 909 2877 v.
944 2833 1015 2876 ed.
1118 2838 1171 2876 14
1201 2833 1409 2891 yerendis
1439 2832 1509 2876 ed.
1611 2836 1667 2875 16
1691 2832 1845 2887 patris
1876 2844 1931 2875 ae

243 2893 391 2935 meriti
413 2891 455 2934 V
488 2906 599 2935 corr.
634 2892 704 2936 ed.
805 2895 858 2934 17
891 2897 1107 2936 averteret
1129 2892 1184 2936 V.
1276 2896 1331 2935 23
1363 2897 1514 2936 tamen
1537 2890 1579 2934 V
1608 2895 1788 2935 tantum
1819 2889 1891 2933 ed.
1919 2890 1924 2947 Ι

243 2951 542 2995 humilitatem
576 2951 630 2994 V.
752 2955 809 2994 24
850 2963 895 2994 se
935 2952 1162 3006 transpos.
1200 2951 1271 2995 ed.
1401 2954 1456 2993 25
1497 2950 1754 2994 obiciantur
1783 2948 1826 2991 V
1857 2948 1927 2992 ed.

244 3010 496 3054 -ebantur‘?
617 3014 672 3053 26
704 3009 894 3054 tristitia
917 3008 972 3052 V.
1096 3015 1149 3054 31
1183 3024 1289 3067 erya
1324 3023 1411 3053 om.
1445 3008 1516 3052 ed.
1569 3009 1573 3067 Ι
1622 3008 1826 3052 niulieris
1857 3007 1927 3050 ed.

1964 1757 2008 1790 20

1964 2126 2006 2159 25

1963 2494 2007 2528 30
