2050 3226
222 139 330 193 256
451 199 455 204 α
694 137 927 182 DONATI
956 137 1237 182 INTERPR.
1261 137 1441 183 VERG.

221 275 344 324 dicit
373 277 474 325 iam
498 278 767 340 quomodo:
807 278 1114 340 quaerebant
1135 292 1251 340 pars
1282 277 1430 326 scalis
1461 277 1717 327 ascendere
1746 292 1912 327 muros

221 365 319 410 qua
366 365 489 399 rara
538 355 607 400 est
656 353 783 400 acies
828 352 1166 411 interlucetque
1223 365 1401 400 corona
1452 367 1551 400 uon
1605 355 1704 400 tam
1749 353 1913 411 spissa

219 425 365 473 viris:
411 425 499 473 alii
537 425 742 474 consilio
781 425 948 488 potius
981 441 1131 489 quam
1161 425 1442 474 temeritate
1474 426 1610 475 ducti
1647 426 1914 475 voluerunt

221 498 367 548 scalis
417 500 658 563 adpositis
705 515 872 547 muros
921 499 1182 548 ascendere
1226 515 1316 562 per
1363 515 1421 548 ea
1462 501 1573 549 loca
1613 515 1739 562 quae
1777 499 1912 549 vide-

219 572 343 622 bant
379 589 480 622 non
525 573 699 621 multis
738 573 1077 622 defensoribus
1116 574 1385 636 instructa3
1433 574 1743 638 apparebant
1780 573 1912 622 enim
1966 588 1986 622 5

218 647 321 695 rari
376 650 426 694 et
479 647 808 710 sperabantur
869 647 1143 696 defensioni
1196 664 1451 696 murorum
1506 663 1759 711 superesse
1812 663 1912 696 non

118 734 203 774 510
220 736 378 783 posse.
454 722 656 769 telorum
695 721 940 781 effundere
979 725 1146 770 contra
1184 736 1322 770 omne
1356 736 1510 783 ,qenus
1550 723 1748 770 Teucri:
1801 737 1913 770 cum

220 810 319 843 non
366 797 624 844 enumerat
669 811 851 859 genera
889 796 1124 858 telorum,
1172 797 1380 858 reliquit
1416 796 1693 845 intellectui
1730 796 1912 846 latissi-

218 884 353 917 mam
403 869 754 931 suspicionem,
803 872 863 918 ut
910 871 1104 919 misisse
1156 870 1396 919 Troianos
1442 870 1738 920 arbitremur
1777 869 1912 932 quic·

159 941 163 944 ’
221 943 341 1005 quid
371 943 621 992 hominem
650 943 702 991 in
735 944 1054 992 inferioribus
1085 943 1306 1007 positum
1337 959 1512 993 necare
1543 946 1624 993 vel
1656 944 1912 993 excludere
1946 959 1987 991 10

219 1018 486 1080 potuisset,
536 1017 675 1066 cuius
714 1019 787 1066 rei
825 1034 1061 1082 magnam
1100 1020 1294 1081 copiam
1340 1018 1561 1067 extitisse
1600 1018 1912 1079 monstravit,

220 1107 330 1139 cum
371 1091 493 1139 dicit
531 1092 803 1155 effundere,
853 1093 966 1155 plus
1014 1096 1091 1141 est
1137 1093 1267 1141 enim
1315 1108 1467 1155 quam
1504 1093 1701 1140 mittere
1740 1095 1790 1141 et
1827 1092 1912 1140 ille

218 1166 388 1214 fundit
438 1166 517 1214 cui
564 1181 749 1230 magna
799 1169 874 1215 est
923 1169 1067 1230 copia
1117 1183 1206 1215 nec
1254 1168 1488 1216 mittendi
1537 1166 1717 1215 metuit
1764 1166 1914 1214 finem

218 1239 376 1288 nimia
426 1241 665 1289 existente
715 1240 1011 1290 substantia.
1093 1241 1146 1289 in
1198 1257 1254 1290 eo
1306 1242 1440 1305 quod
1491 1240 1615 1290 dixit
1664 1240 1912 1288 effundere

220 1315 370 1362 etiam
409 1314 499 1363 illa
537 1317 746 1377 possunt
785 1315 1010 1380 intellegi
1057 1331 1183 1379 quae
1228 1315 1365 1364 mitti
1410 1332 1509 1364 non
1547 1317 1780 1379 possunt,
1827 1315 1912 1363 sed
1943 1328 1986 1362 ιε

218 1388 333 1437 fusa
371 1388 638 1452 proficiunt
682 1391 741 1437 ut
787 1406 920 1453 aqua
967 1389 1150 1452 calida,
1196 1394 1255 1438 ut
1300 1389 1386 1453 pix
1424 1391 1619 1438 fervens
1659 1391 1708 1437 et
1746 1389 1912 1438 soluta

219 1462 299 1511 vel
350 1463 514 1511 oleum
565 1462 794 1511 candenS.
871 1467 914 1512 et
958 1464 1098 1512 duris
1145 1465 1396 1513 detrudere
1443 1465 1616 1512 contis:
1661 1464 1755 1512 hoc
1792 1465 1912 1512 tunc

217 1537 274 1585 fit
329 1552 440 1585 cum
498 1538 659 1585 scalae
718 1540 1023 1601 occupantur
1073 1541 1123 1587 et
1171 1554 1325 1601 prope
1377 1538 1440 1587 ad
1493 1554 1741 1586 summum
1801 1553 1910 1600 per-

218 1612 438 1674 venitur,
483 1614 542 1659 ut
579 1612 864 1660 fortissimis
912 1611 1070 1661 contis
1115 1612 1349 1661 trudatur
1395 1612 1682 1672 ascendens,
1728 1628 1789 1659 ne
1830 1611 1910 1659 de-

218 1685 435 1734 siderata
480 1685 747 1748 possideat.
831 1686 960 1735 unde
1006 1686 1396 1751 intellegendum
1442 1688 1518 1735 est
1568 1686 1715 1735 scalis
1755 1700 1911 1748 usque
1943 1700 1986 1732 20

219 1759 281 1807 ad
313 1760 556 1808 Troianos
588 1776 692 1809 esse
732 1763 1049 1823 perventum,
1090 1761 1289 1823 quando
1329 1762 1514 1809 virtute
1552 1776 1630 1809 res
1671 1759 1913 1824 agebatur

218 1835 267 1882 et
306 1836 478 1882 contis.
557 1835 747 1882 adsueti
793 1835 931 1896 longo
976 1849 1143 1883 muros
1181 1835 1436 1895 defendere
1475 1835 1618 1883 bello:
1663 1833 1913 1882 faciebant

216 1908 337 1956 haec
375 1909 551 1970 utpote
590 1909 670 1956 illi
709 1924 831 1971 quos
865 1909 1069 1957 Troiani
1098 1908 1218 1956 belli
1255 1909 1450 1972 prolixa
1489 1909 1748 1957 calamitas
1787 1908 1911 1956 fece-

216 1985 298 2030 rat
321 1982 580 2030 doctiores.
626 1997 753 2031 saoea
777 1997 960 2043 quoque
989 1984 1163 2043 infesto
1187 1984 1441 2032 volvebant
1463 1983 1692 2044 pondere,
1717 1980 1791 2044 [si
1814 1996 1913 2042 qua

213 2060 411 2116 possent
447 2059 617 2104 tectam
657 2057 808 2105 aciem
842 2055 1185 2119 perrumpere]
1194 2075 1209 2105 .·
1246 2060 1443 2120 praeter
1473 2058 1562 2105 illa
1602 2073 1728 2120 quae
1768 2071 1910 2119 supe·
1941 2069 1984 2103 εδ

217 2131 320 2179 rius
375 2131 732 2193 conprehendit
783 2131 935 2180 missa
988 2132 1068 2181 vel
1120 2133 1288 2194 potius
1341 2132 1454 2179 fusa
1504 2131 1626 2180 dicit
1673 2146 1802 2178 nunc
1853 2145 1911 2178 ea

220 2220 346 2268 quae
402 2205 705 2253 testudinem
762 2206 993 2267 quamvis
1049 2206 1243 2254 firmam
1297 2208 1347 2254 et
1378 2206 1579 2266 ‚fortem
1633 2204 1910 2268 opprimere

219 2277 434 2341 pondere
473 2281 524 2327 et
562 2278 830 2327 dissolvere
868 2279 1163 2342 potuissent.
1242 2295 1350 2328 cum
1388 2283 1550 2327 tamen
1587 2279 1744 2326 omnis
1781 2279 1910 2338 ferre

221 2353 332 2400 libet
367 2356 532 2414 supter
570 2353 723 2400 densa
761 2354 996 2402 testudine
1035 2368 1202 2402 casus:
1241 2353 1469 2402 Troianis
1507 2354 1627 2401 haec
1665 2353 1911 2400 instanter

221 2426 483 2490 agentibus
535 2428 797 2475 constituti
847 2428 937 2476 sub
987 2429 1239 2476 testudine
1289 2428 1486 2476 fortiter
1530 2426 1814 2475 tolerabant
1852 2442 1909 2474 ex
1940 2439 1983 2471 so

341 2543 362 2580 1
389 2552 504 2594 pars
533 2540 651 2583 scale
680 2553 765 2594 pro
797 2539 1015 2583 lemmate
1048 2541 1273 2596 scriptum
1304 2539 1354 2583 in
1378 2538 1431 2582 V:
1464 2538 1700 2582 Donatum
1725 2550 1908 2594 quoque

218 2603 260 2641 et
288 2599 426 2642 scalis
455 2597 624 2655 legisse
655 2598 857 2654 repetita
888 2599 949 2642 ad
979 2614 1019 2642 v.
1047 2603 1132 2643 520
1163 2598 1303 2643 verba
1335 2598 1523 2651 docent,
1564 2610 1708 2653 quare
1734 2610 1849 2653 pars
1880 2609 1908 2639 a

218 2655 437 2701 lemmate
470 2657 682 2713 separavi
713 2659 760 2700 et
790 2659 926 2702 scalis
959 2659 1123 2714 scripsi
1163 2660 1223 2714 (et
1250 2658 1388 2703 scalis
1419 2657 1522 2712 ed),
1564 2657 1644 2700 sed
1677 2655 1907 2712 quomodo

217 2715 358 2759 verba
395 2718 562 2771 poetae
598 2716 888 2761 coniunxerit
920 2719 1001 2761 aut
1032 2717 1315 2762 ordinaverit
1345 2729 1430 2760 nec
1461 2715 1538 2759 hic
1569 2730 1654 2760 nec
1685 2715 1807 2758 infra
1837 2715 1907 2758 in-

217 2774 404 2831 tellego.
510 2780 564 2819 12
597 2777 715 2820 euim
747 2789 834 2819 om.
861 2776 931 2820 ed.
1037 2782 1089 2820 17
1122 2777 1320 2821 candens
1351 2789 1438 2819 om.
1465 2775 1535 2818 ed.
1587 2776 1591 2834 Ι
1642 2780 1683 2819 et
1712 2775 1842 2818 duris
1864 2773 1907 2816 V

218 2848 272 2877 ac
303 2835 345 2877 d.
381 2834 452 2878 ed.
487 2837 534 2878 et
564 2834 703 2892 Verg.
735 2834 858 2878 libri.
983 2839 1036 2878 19
1076 2842 1118 2880 et
1154 2836 1186 2890 f.
1221 2849 1256 2879 c.
1288 2835 1504 2879 trudatur
1526 2833 1568 2877 V
1600 2834 1802 2878 truditur
1833 2832 1905 2877 ed.

219 2898 270 2936 ut
292 2907 387 2937 nos
481 2898 537 2937 24
569 2897 610 2939 si
633 2908 724 2951 qua
745 2921 798 2927 —
826 2899 880 2938 25
899 2908 1190 2951 perrumpere
1214 2894 1344 2939 deest
1367 2894 1416 2937 in
1439 2892 1494 2947 V,
1528 2893 1608 2936 sed
1633 2892 1903 2948 explicatur.

222 2957 276 2995 26
310 2954 454 3006 effusa
486 2953 558 2998 ed.
