2050 3226
166 185 275 239 462
637 181 872 226 DONATI
902 181 1183 227 INTERPR.
1207 180 1386 227 VERG.

167 337 321 386 genus
353 322 604 386 lignorum
636 321 771 385 quod
800 322 1004 370 navium
1035 320 1235 370 fabricis
1267 321 1511 386 congruit.
1562 321 1661 382 ipsi
1693 332 1859 368 meme-

165 410 367 457 rumque
396 396 683 456 modumque
707 396 891 444 carinis
909 395 1242 456 praecipiant:
1275 396 1372 458 ipsi
1401 395 1608 444 iubeant
1639 396 1858 457 quantae

166 472 525 534 praeparentur
563 473 613 519 et
651 470 845 532 quales3
885 469 1090 517 dicendo
1125 469 1434 532 praecipiant
1463 468 1681 519 ostendit
1718 484 1768 518 se
1801 469 1859 517 de

165 544 442 606 potioribus
480 544 633 608 loqui.
709 558 798 591 uos
836 557 975 600 aera,
1014 558 1215 600 manuS,
1255 544 1460 592 navalia
1497 544 1688 592 demus:
1731 558 1860 606 quae

168 621 286 667 sunt
323 619 602 667 necessaria
631 617 940 680 perficiendis
979 617 1191 667 navibus
1223 632 1313 666 nos
1344 619 1705 679 ministremus,
1745 632 1861 666 aera

169 693 358 741 scilicet
395 695 445 741 et
481 707 656 740 manus
698 693 748 739 et
777 691 991 740 navalia.
1069 692 1242 754 aliqua
1279 691 1561 754 specialiter
1597 692 1766 755 posuit
1803 707 1861 739 ex

167 767 244 816 his
284 782 412 830 quae
450 765 752 815 fabricandis
789 765 999 815 navibus
1038 767 1158 814 sunt
1193 765 1488 828 necessaria,
1536 766 1706 828 aliqua
1744 781 1860 814 vero

158 842 467 905 'generaliter
493 841 678 902 tenuit,
716 856 778 888 ne
806 840 1077 903 plurimum
1099 841 1337 903 temporis
1370 842 1645 889 contereret
1675 839 1861 903 specia-

169 916 231 964 lis
269 915 322 962 in
369 931 511 963 omne
558 929 682 977 opus
728 913 1032 963 enumeratio
1073 916 1163 964 aut
1206 915 1368 963 multa
1411 913 1698 964 viderentur
1735 929 1863 977 quae

168 989 476 1052 perquireret
510 988 854 1052 explicationis
886 989 1100 1037 effectus.
1155 991 1206 1037 et
1239 988 1361 1051 quid
1399 1004 1524 1052 opus
1555 988 1654 1037 fuit
1691 987 1863 1052 singil-

169 1064 313 1112 latim
365 1064 598 1126 persequi
654 1064 842 1124 omnia,
897 1078 1012 1112 cum
1064 1065 1194 1111 esset
1245 1063 1491 1112 universis
1545 1062 1863 1111 audientibus

68 1143 153 1183 330
171 1137 426 1202 cognitum
464 1136 587 1200 quid
625 1139 754 1186 esset
784 1137 1018 1200 parandis
1056 1138 1269 1186 navibus
1307 1135 1675 1186 necessarium?
1718 1150 1864 1198 prae-

169 1215 299 1260 terea
344 1213 427 1272 qui
472 1212 601 1260 dieta
636 1212 802 1272 ferant
848 1215 891 1259 et
933 1212 1131 1271 foedera
1179 1213 1376 1272 firment
1419 1215 1607 1260 eentum
1652 1215 1866 1259 oratores

161 1287 333 1346 prima
370 1286 429 1334 de
462 1289 600 1347 ¹(Jeme
638 1286 848 1334 Latinos
892 1287 964 1333 ire
994 1286 1179 1346 placet-.-
1228 1287 1481 1334 oratorum
1527 1284 1866 1334 centenarium

170 1376 432 1408 numerum
471 1362 521 1408 et
558 1375 728 1408 eorum
767 1359 856 1422 qui
893 1362 1056 1409 essent
1092 1360 1224 1408 inter
1252 1359 1409 1410 Italos
1448 1360 1718 1414 nobiliores
1753 1374 1864 1407 con-

171 1434 339 1483 stituit
382 1433 595 1482 mittere.
670 1434 765 1483 hoc
811 1435 942 1482 enim
987 1435 1156 1496 potest
1207 1433 1366 1484 videri
1412 1434 1474 1483 ab
1520 1433 1692 1482 Aenea
1741 1432 1867 1482 didi-

172 1508 317 1570 cisse,
365 1509 451 1572 qui
491 1509 556 1556 ad
601 1525 713 1556 eum
752 1511 952 1556 centum
989 1509 1182 1572 legatos
1220 1508 1378 1558 misit:
1424 1508 1696 1571 plurimum
1735 1507 1866 1555 enim

171 1583 428 1647 negotium
473 1582 690 1646 proficit,
737 1583 780 1631 si
825 1584 1030 1645 propter
1075 1583 1181 1631 eius
1229 1583 1457 1631 effectum
1501 1581 1708 1645 plurimi
1753 1581 1867 1629 mit-

171 1659 345 1705 tantur
375 1658 425 1705 et
454 1656 638 1721 magni.
701 1655 986 1706 decreverat
1022 1656 1179 1720 igitur
1201 1656 1412 1705 Latinus
1445 1659 1645 1704 centum
1675 1657 1866 1718 legatos

174 1731 237 1779 ad
275 1730 480 1779 Aenean
518 1732 715 1779 mittere
755 1731 844 1794 qui
882 1730 1016 1779 dicta
1054 1731 1239 1791 ferant,
1280 1731 1374 1779 hoc
1413 1734 1488 1779 est
1526 1730 1614 1792 qui
1651 1731 1715 1778 ad
1755 1746 1867 1779 eum

173 1805 427 1867 perferant
466 1821 593 1868 quae
634 1821 786 1869 supra
825 1805 960 1854 dicta
1005 1807 1122 1854 sunt
1160 1805 1218 1852 de
1266 1821 1384 1869 agro
1425 1804 1611 1866 dando,
1659 1805 1717 1852 de
1757 1819 1869 1858 eon-

175 1879 347 1928 dendis
371 1879 627 1928 moenibus
652 1882 703 1928 et
724 1879 935 1928 navibus
960 1879 1317 1940 construendis,
1349 1882 1399 1927 et
1428 1879 1628 1928 foedera
1650 1878 1868 1940 firment3

174 1955 286 2016 ipsa.
326 1955 457 2001 enim
496 1954 661 2002 fuerat
699 1970 847 2002 causa
892 1953 1145 2016 mittendi,
1191 1955 1249 2002 ut
1293 1955 1484 2002 remoto
1522 1952 1743 2002 bellandi
1785 1952 1869 2001 ad-

175 2028 312 2076 fectu
356 2027 526 2076 firmae
564 2029 702 2090 pacis
749 2029 854 2077 otia
895 2030 1198 2078 tenerentur.
1251 2028 1486 2087 pacisque
1530 2042 1685 2075 manu
1723 2041 1869 2087 prae-

176 2101 366 2150 tendere
406 2116 594 2150 ramos:
644 2104 693 2150 et
741 2102 1028 2166 praeferant
1075 2117 1240 2150 ramos
1287 2104 1423 2165 pacis
1474 2101 1700 2150 manibus
1752 2100 1871 2162 suis,

177 2175 314 2238 pacis
352 2175 480 2224 rami
526 2178 644 2224 sunt
683 2176 902 2238 decerpti
947 2193 1005 2224 ex
1051 2175 1309 2225 arboribus
1358 2177 1500 2238 oleis,
1548 2177 1607 2224 ut
1644 2175 1869 2238 plurimis

176 2250 298 2299 locis
337 2252 413 2298 est
449 2250 681 2312 positum.
745 2251 829 2314 qui
867 2250 1049 2299 idcirco
1090 2251 1234 2314 quasi
1271 2250 1558 2314 praenuntii
1594 2251 1872 2298 monstran-

177 2327 283 2385 tur,
333 2326 393 2372 ut
438 2324 598 2372 adhuc
644 2325 838 2373 tacente
885 2325 1133 2389 legatione
1182 2326 1303 2387 quid
1348 2325 1472 2374 velit
1515 2324 1594 2374 vel
1641 2323 1760 2385 quid
1807 2323 1872 2371 sit

179 2399 398 2461 petitura
434 2399 693 2460 praenosci
731 2399 891 2461 possit
929 2402 979 2447 et
1023 2399 1233 2447 libenter
1279 2399 1454 2448 audiri.
1519 2412 1725 2446 munera
1755 2411 1872 2457 por-

179 2473 327 2520 tantis
366 2473 570 2532 aurique
607 2473 853 2531 eborisque
891 2474 1095 2522 talenta:
1132 2475 1254 2521 haec
1293 2473 1356 2522 ad
1387 2472 1697 2522 commodum
1728 2471 1871 2518 fami-

180 2546 318 2594 liaris
357 2546 431 2593 rei
462 2549 511 2594 et
541 2546 825 2594 utilitatem.
877 2551 919 2594 et
948 2548 1118 2595 sellam
1147 2548 1285 2608 requi
1318 2548 1626 2605 trabeamque
1656 2545 1872 2605 insiqnia

180 2620 357 2667 nostri:
412 2621 534 2668 haec
588 2620 653 2669 ad
704 2621 940 2668 meritum
994 2624 1043 2669 et
1094 2623 1331 2670 honorem
1375 2621 1541 2685 regiae
1594 2620 1871 2682 potestatis.

302 2766 327 2805 2
359 2763 515 2807 iubent
539 2762 582 2806 V
614 2776 727 2806 corr.
761 2762 832 2806 ed.
955 2767 980 2805 8
1013 2768 1252 2807 contereret
1281 2762 1491 2818 specialis
1514 2760 1556 2804 V
1587 2762 1722 2816 lonya
1754 2760 1873 2804 enim

183 2826 292 2865 esset
336 2821 557 2877 interpos.
598 2821 667 2865 ed.
800 2825 824 2864 9
872 2823 995 2866 omni
1030 2821 1071 2863 V
1111 2835 1224 2866 corr.
1266 2822 1336 2865 ed.
1461 2824 1514 2864 18
1561 2820 1753 2876 rceqotiis
1800 2818 1870 2862 ed.

185 2884 240 2923 23
271 2881 367 2936 ipse
398 2881 447 2924 in
478 2894 640 2924 rasura
670 2881 738 2923 ita
769 2882 823 2923 ut
854 2895 884 2924 a
914 2880 1155 2936 perluceat
1178 2880 1233 2925 V.
1367 2884 1421 2923 25
1461 2881 1513 2923 in
1549 2879 1761 2923 manibus
1800 2877 1870 2921 ed.

186 2943 240 2982 26
274 2952 328 2983 ex
350 2938 391 2982 V
423 2940 477 2983 de
509 2940 578 2983 ed.
617 2940 621 2997 Ι
665 2941 774 2984 oleis
796 2939 837 2983 V
870 2940 943 2996 (cf.
972 2941 1074 2996 101)
1107 2940 1330 2984 olivarum
1363 2939 1432 2983 ed.
1479 2939 1482 2996 1
1527 2943 1568 2982 et
1592 2938 1809 2993 plurimis
1832 2936 1873 2979 V

186 3011 299 3041 corr.
334 2998 448 3042 edF.
573 3003 628 3042 30
661 3000 887 3054 eborisque
918 3000 1110 3055 aurique
1141 2999 1212 3042 ed.

1914 630 1934 662 5

1896 1000 1939 1032 10

1899 1369 1940 1403 1⁵

1899 1743 1943 1776 20

1902 2112 1944 2145 25

1903 2485 1946 2517 30
