2050 3226
219 180 328 234 282
688 178 922 223 DONATI
951 178 1234 224 INTERPR.
1258 179 1439 226 VERG.

217 319 330 367 hinc
383 322 556 379 raptas
603 310 901 380 fuyientibus
948 319 1126 380 inqerit
1171 319 1340 368 hastas
1387 318 1471 382 [in
1519 319 1756 383 terqme:
1811 321 1911 370 loci

216 392 361 442 istius
399 393 683 441 intellectus
723 393 973 455 duplicem
1006 393 1252 442 rationem
1281 395 1448 457 potest
1477 394 1751 444 admittere.
1822 396 1911 443 aut

218 466 350 515 enim
394 467 564 516 hastas
612 467 836 516 sublatas
880 467 1107 515 hostibus
1145 466 1269 530 ipsis
1307 467 1614 532 fugientibus
1653 468 1912 533 ingerebat

218 543 306 589 aut
345 541 457 590 aliis
487 543 660 604 raptas
697 540 751 588 in
791 556 872 589 eos
910 541 1127 590 iaciebat
1157 542 1245 604 qui
1274 541 1524 606 fugerant.
1583 542 1912 606 Exeipiebant

218 617 387 664 autem
431 617 591 664 iactus
640 615 799 663 omnis
817 614 895 662 -in
933 617 1077 679 terga
1115 631 1243 677 quae
1282 615 1519 666 dederant
1554 616 1703 666 hosti.
1779 617 1910 665 Iwno
1956 631 1984 666 Δ6
2035 628 2038 639 ’

215 690 338 737 viris
385 691 697 749 animumque
748 689 1020 737 ministrat:
1068 689 1156 737 ubi
1201 691 1358 738 erexit
1406 690 1635 740 laudibus
1687 691 1912 738 Turnum

215 762 288 811 ibi
337 780 450 811 eum
495 764 644 827 plena
688 764 1058 826 vituperatione
1105 763 1304 827 deiecit3
1360 765 1487 813 nihil
1533 765 1664 813 enim
1709 765 1912 828 propria

116 848 200 888 765
217 838 405 886 virtute
436 837 666 898 faciebat,
698 837 741 885 si
775 837 980 886 Iunonis
1023 837 1294 887 iuvabatur
1323 838 1523 889 auxilie.
1579 839 1717 888 addit
1737 839 1912 900 Halyn

155 948 160 951 >
218 913 433 960 comitem
471 915 514 960 et
551 912 744 970 confixa
773 912 963 972 Pheqea
985 926 1192 972 parma,
1231 913 1431 973 iqnaros
1470 913 1642 961 deinde
1672 914 1726 961 in
1754 913 1912 960 mwris

215 986 525 1045 Martemque
548 986 739 1034 cientis:
763 986 939 1034 deinde
963 986 1105 1034 addit
1127 986 1357 1035 comitem
1380 986 1549 1050 Halyn
1575 989 1626 1036 et
1644 987 1911 1051 Phegeum‚
1944 1001 1987 1036 ιο
2049 1012 2050 1015 ¹

218 1059 306 1122 qui
343 1059 500 1108 nescii
537 1058 659 1122 quid
697 1062 826 1109 esset
863 1075 977 1108 cum
1015 1060 1129 1109 aliis
1169 1063 1364 1124 gestum
1405 1077 1627 1125 pugnam
1664 1061 1718 1108 in
1754 1060 1910 1110 muris

216 1149 401 1183 novare
439 1134 740 1182 nitebantur.
806 1133 1207 1194 Alcandrumque
1236 1135 1539 1195 Haliumque
1568 1136 1912 1195 Noemonaque

216 1209 587 1269 Prytanimque,
627 1208 830 1271 Lyncea
867 1208 1134 1257 tendentem
1172 1212 1340 1257 contra
1377 1210 1621 1270 sociosque
1663 1213 1913 1258 vocantem

116 1291 199 1331 770
216 1283 432 1331 vibranti
458 1282 624 1345 qladio
657 1283 858 1331 conixus
896 1283 958 1331 ab
998 1297 1169 1343 aqqere
1207 1283 1369 1331 dexter
1406 1287 1626 1343 occupat,
1665 1284 1778 1332 huic
1813 1297 1912 1331 uno

216 1357 447 1406 deiectum
479 1357 746 1406 comminus
782 1358 880 1405 ictu
919 1371 1026 1405 cum
1054 1358 1199 1418 qalea
1234 1358 1370 1418 lonqe
1406 1358 1560 1406 iacuit
1593 1361 1761 1417 caput:
1797 1359 1913 1420 post
1944 1370 1986 1405 15

215 1432 399 1479 multos
448 1446 570 1496 quos
618 1432 882 1494 prostratis
931 1430 1135 1480 comites
1182 1431 1319 1480 dedit
1357 1430 1609 1494 Lynceum
1649 1432 1911 1496 adgressus

217 1507 313 1567 est,
353 1506 440 1569 qui
479 1505 636 1555 socios
676 1505 890 1555 vocabat
936 1504 999 1553 ad
1045 1505 1253 1567 bellum,
1301 1505 1407 1567 sed,
1455 1521 1567 1554 cum
1611 1506 1768 1554 istum
1807 1506 1910 1554 ani-

215 1582 436 1628 mantem
474 1582 660 1629 ceteros
700 1583 750 1629 et
786 1580 1070 1627 hortantem
1108 1579 1309 1628 obvium
1338 1579 1614 1641 habuisset,
1655 1581 1910 1628 occasione

217 1655 413 1719 aggeris
454 1653 716 1703 sublimior
752 1654 917 1702 factus
957 1655 1111 1716 caput
1148 1653 1253 1702 eius
1294 1670 1319 1700 e
1359 1670 1550 1702 summo
1587 1655 1832 1716 percussit
1862 1656 1912 1702 et

215 1745 316 1777 uno
355 1730 462 1778 ictu
501 1728 748 1777 abscisum
784 1729 981 1792 longius
1021 1727 1140 1777 fecit
1176 1727 1351 1776 iacere.
1422 1743 1535 1776 cum
1580 1729 1725 1792 galea
1762 1729 1909 1792 longe
1942 1742 1985 1775 2⁰

215 1803 370 1851 iacuit
416 1805 590 1866 caput:
639 1803 877 1852 virtutem
914 1802 1137 1850 ferientis
1177 1801 1417 1864 ostendit3
1462 1818 1578 1850 nam
1624 1819 1724 1851 non
1762 1803 1910 1866 longe

217 1893 327 1925 cum
389 1878 560 1942 galeae
620 1877 836 1940 pondere
896 1876 1154 1938 iacuisset,
1216 1877 1315 1925 nisi
1374 1892 1558 1940 magna
1618 1876 1909 1925 fortitudine

215 1950 398 2000 virium
419 1951 596 2001 fuisset
619 1967 892 2000 excussum.
952 1951 1066 1998 inde
1095 1950 1319 2010 ferarum
1340 1953 1633 1999 vastatorem
1655 1950 1908 2012 Amycum,

216 2039 307 2085 quo
345 2040 445 2074 non
481 2027 669 2087 felicior
707 2026 829 2073 alter
865 2039 1043 2086 unqere
1081 2025 1176 2073 tela
1213 2039 1367 2072 manu
1396 2025 1676 2084 ferrumque
1715 2038 1911 2073 armare

215 2113 420 2148 veneno:
457 2100 552 2149 iste
591 2102 801 2148 venator
838 2099 958 2160 fuit,
999 2099 1109 2162 qui,
1147 2101 1214 2146 ut
1242 2098 1441 2147 facilius
1481 2099 1612 2147 feras
1652 2098 1910 2160 occideret,
1942 2110 1984 2144 25

215 2173 400 2222 ferrum
439 2173 667 2223 armabat
697 2173 953 2222 venenatis
984 2174 1270 2236 unguentis.
1333 2177 1377 2220 et
1418 2172 1632 2233 Clytium
1658 2171 1907 2229 Aeoliden,

214 2248 307 2295 hoc
353 2250 428 2296 est
464 2247 612 2296 Aeoli
649 2247 821 2295 filium.
893 2250 936 2295 et
981 2248 1192 2295 amicum
1240 2245 1410 2295 Oretea
1446 2248 1638 2294 Musis:
1688 2246 1909 2295 amicitia

215 2322 472 2371 Musarum
504 2321 666 2384 qualis
697 2322 837 2369 iuxta
869 2321 1096 2369 Creteum
1127 2320 1279 2369 fuerit
1311 2337 1370 2369 ex
1399 2321 1718 2383 sequentibus
1752 2321 1907 2369 docet.

115 2403 198 2443 775
220 2394 388 2444 Cretea
433 2397 703 2444 Musarum
748 2396 986 2443 comitem:
1031 2411 1129 2443 non
1175 2396 1374 2443 tantum
1422 2395 1608 2443 amicus
1654 2395 1909 2443 Musarum

216 2471 378 2518 fuerat
409 2486 580 2519 verum
619 2469 770 2518 etiam
802 2484 977 2518 comeS.
1039 2470 1118 2517 cui
1149 2470 1372 2518 carmina
1405 2483 1592 2528 semper
1623 2472 1666 2516 et
1697 2470 1910 2518 citharae
1941 2481 1984 2514 30

338 2646 360 2684 1
401 2642 474 2685 hic
504 2640 559 2685 V.
607 2640 612 2699 Ι
662 2641 715 2684 in
751 2644 924 2696 tergum
964 2639 1095 2684 deest
1129 2640 1179 2683 in
1209 2639 1265 2695 V,
1298 2639 1380 2683 sed
1411 2639 1683 2695 explicatur.
1732 2639 1736 2697 Ι
1787 2640 1910 2684 locus

217 2701 300 2744 iste
332 2700 402 2744 ed.
527 2704 553 2743 3
584 2700 697 2756 ipsis
726 2699 1008 2756 fuqientibus
1038 2713 1126 2742 om.
1152 2699 1224 2744 ed.
1340 2704 1366 2743 6
1399 2700 1540 2743 erexit
1562 2698 1604 2741 V
1628 2698 1699 2742 ed.
1733 2700 1909 2743 evexit?

219 2763 245 2802 8
280 2760 322 2803 si
350 2759 392 2802 V
430 2759 508 2803 sed
539 2756 610 2803 e'd.
660 2758 664 2817 Ι
714 2759 827 2815 alyn
858 2757 898 2801 V
931 2758 1000 2802 ed.
1125 2762 1149 2801 9
1189 2759 1417 2813 confixum
1455 2758 1527 2801 ed.
1576 2757 1580 2816 Ι
1629 2759 1823 2814 ignarus
1853 2757 1907 2801 V.

220 2822 276 2861 10
308 2819 484 2863 clientis
506 2818 561 2863 V.
679 2822 733 2861 17
765 2818 940 2861 vocavit
971 2817 1041 2861 ed.
1158 2821 1213 2860 18
1245 2818 1395 2862 ovium
1418 2816 1472 2861 V.
1586 2821 1639 2860 19
1671 2830 1843 2861 summo
1867 2815 1909 2859 V

219 2891 241 2920 e
271 2891 305 2922 s.
340 2877 410 2920 ed.
519 2881 575 2920 20
605 2878 738 2933 yalea
768 2876 898 2932 lonqe
922 2875 963 2918 V
994 2877 1114 2932 quod
1143 2877 1264 2920 dixit
1294 2890 1395 2920 cum
1425 2877 1558 2932 yalea
1587 2876 1808 2931 interpos.
1836 2875 1907 2920 ed.

219 2940 275 2979 26
306 2950 535 2980 venenans
566 2936 636 2980 ed.
760 2939 815 2978 28
846 2936 981 2979 iuxta
1010 2940 1202 2980 creteum
1230 2935 1374 2990 fucrit
1402 2934 1445 2978 V
1475 2935 1597 2979 dixit
1626 2935 1697 2979 ed.
1730 2935 1818 2979 hoc
1855 2936 1909 2979 ut

218 2994 430 3051 ineptum
461 2997 574 3038 mut.
601 2995 672 3039 ed.
696 2995 818 3050 post.
