2050 3226
750 177 1052 222 AnNmnos
1085 177 1126 221 X
1675 182 1783 236 345

95 334 251 369 unum
288 322 421 379 teque
457 318 616 373 iuvat,
656 317 852 366 Pallas:
890 316 1143 380 conplevit
1179 317 1491 381 parabolam3
1539 319 1609 366 sic
1654 319 1784 367 enim

40 385 43 441 Ϊ
95 397 214 443 vota
261 392 506 442 Pallantis
558 389 859 440 iuvabantur
910 392 1157 440 sociorum
1210 391 1468 440 accedente
1530 408 1784 442 consensu.

42 480 44 482 ·
95 469 180 517 sed
218 467 354 516 bellis
393 480 504 515 acer
533 465 788 514 Halaesus
818 466 968 514 tendit
996 466 1052 514 in
1082 465 1336 514 adversos:
1374 467 1443 515 sic
1474 467 1607 515 enim
1637 468 1786 516 audet

39 527 43 611 ξ
97 542 186 605 qui
215 541 419 605 propria
449 541 634 589 virtute
666 538 884 601 confidit,
914 542 972 588 ut
1000 539 1072 588 ire
1095 555 1195 588 non
1218 542 1448 589 vereatur
1469 539 1522 588 in
1546 539 1784 604 plurimos

46 629 65 662 5
96 619 147 664 et
184 618 358 665 contra
395 614 654 664 venientis.
714 627 856 674 seque
892 615 947 661 in
984 628 1079 662 sua
1117 614 1294 675 colliyit
1330 629 1497 663 arma:
1533 617 1698 663 totum
1736 631 1786 664 se

95 693 234 740 scuto
287 687 562 738 communit
609 689 814 751 propter
873 689 976 737 vim
1035 689 1377 751 plurimorum.
1474 689 1552 737 hic
1609 693 1790 738 mactat

28 800 34 860 θ
95 764 310 812 Ladona
346 763 651 822 Pharetaque
687 762 1132 822 Demodocumque:
1168 763 1256 812 illo
1295 763 1348 811 in
1386 763 1495 812 loco
1534 763 1625 812 tris
1663 764 1788 812 istos

26 872 30 896 ,
95 837 352 888 mactavit.
428 852 538 886 ecce
576 838 781 899 propter
820 836 955 898 quod
994 836 1120 885 dixit
1155 836 1299 886 bellis
1339 853 1501 886 acrem
1548 840 1698 901 atque
1735 837 1788 886 in

24 906 29 932 ³
96 928 188 961 sua
239 927 379 960 arma
429 911 715 971 collectum,
764 911 823 958 ut
873 912 924 959 et
972 911 1152 959 fortem
1205 912 1487 960 ostenderet
1537 913 1591 960 in
1645 912 1788 960 dimi-

25 1000 66 1035 ιο
96 986 374 1036 cationibus
414 988 464 1034 et
501 986 734 1049 peritum.
811 999 940 1033 unus
988 986 1038 1032 et
1083 985 1218 1034 solus
1265 988 1480 1048 quantos
1526 986 1788 1036 mactavit!

94 1077 213 1110 nam
261 1063 312 1110 et
358 1061 452 1109 hoc
501 1059 706 1108 verbum
756 1059 820 1107 ad
870 1058 1238 1121 exprimendam
1287 1060 1526 1108 virtutem
1574 1061 1789 1109 hominis

97 1136 324 1184 additum
362 1136 459 1196 est3
499 1133 684 1197 quippe
722 1133 824 1182 tale
865 1139 940 1182 est
977 1135 1167 1182 mactat
1198 1134 1346 1197 quale
1377 1135 1475 1182 fuit
1506 1150 1618 1183 cum
1649 1151 1790 1183 sacra

94 1211 288 1258 Aeneas
310 1208 557 1270 redderet3
588 1224 705 1256 nam
729 1208 799 1256 sic
821 1208 1042 1269 positum
1064 1210 1138 1257 est
1163 1201 1238 1275 (8,
1253 1202 1347 1274 84)
1369 1208 1493 1269 „tibi
1515 1209 1660 1271 enim,
1683 1209 1790 1271 tibi,

95 1285 313 1332 maxima
342 1283 486 1343 Iuno,
517 1284 706 1331 mactat
735 1297 876 1331 sacra
906 1280 1119 1343 ferens“‚
1148 1283 1207 1329 ut
1237 1283 1517 1331 ostenderet
1548 1284 1612 1332 ad
1634 1284 1791 1333 vicem

24 1370 65 1403 ιε
97 1358 392 1407 animalium
428 1359 696 1418 mutorum,
735 1371 863 1418 quae
894 1355 946 1404 in
978 1357 1131 1404 sacris
1163 1357 1268 1405 sine
1299 1356 1628 1406 reluctatione
1657 1374 1788 1406 mac-

0 1462 7 1497 5-
96 1434 289 1494 tantur,
338 1431 510 1479 inertis
562 1431 763 1480 occisos.
850 1446 939 1478 nec
990 1431 1150 1478 solum
1188 1430 1290 1492 hic,
1340 1432 1428 1480 sed
1464 1432 1639 1482 multis
1680 1432 1789 1481 aliis

0 1503 6 1526 “’
97 1507 217 1556 locis
241 1505 519 1555 invenimus
543 1507 735 1553 mactat
757 1503 989 1554 similiter
1011 1504 1245 1568 positum,
1276 1521 1389 1554 cum
1420 1505 1582 1555 occisa
1611 1522 1790 1569 pecora

0 1595 4 1600 ’
97 1580 453 1645 significantur.
506 1578 779 1641 Strymonio
803 1579 1024 1628 dextram
1045 1580 1251 1640 fulyenti
1273 1580 1450 1640 deripit
1472 1594 1583 1629 ense
1614 1580 1790 1629 elatam
1807 1592 1892 1630 415

95 1657 149 1704 in
186 1655 432 1716 iuyulum:
472 1652 786 1716 Strymonius
834 1654 968 1702 elata
1013 1669 1166 1702 manu
1212 1670 1324 1702 cum
1369 1654 1521 1703 vellet
1567 1655 1791 1719 gladium

0 1730 7 1776 ι’
25 1738 68 1788 ρο
94 1730 146 1777 in
183 1728 390 1778 Halaesi
434 1728 662 1792 iugulum
711 1728 880 1792 figere,
931 1730 1231 1791 praeventus
1282 1728 1344 1776 ab
1383 1744 1439 1776 eo
1477 1730 1641 1792 ipsam
1679 1728 1790 1777 dex-

27 1798 34 1887 ‘5
96 1806 256 1852 teram
294 1802 526 1866 perdidit.
601 1817 722 1851 saxo
759 1803 875 1862 ferit
911 1817 1001 1851 ora
1040 1803 1276 1851 Thoantis
1313 1817 1518 1864 ossaque
1563 1803 1794 1864 dispersit

99 1879 287 1926 cerebro
327 1878 576 1937 permixta
626 1880 845 1925 cruento:
893 1892 992 1924 non
1041 1876 1236 1925 insidiis
1277 1876 1528 1939 adpetitus
1569 1879 1645 1926 est
1681 1877 1791 1938 iste,

99 1951 185 2000 sed
222 1954 422 2000 tantum
459 1952 591 2000 iners
630 1951 750 2012 fuit,
789 1953 850 1999 ut
886 1951 1088 2000 veniens
1129 1966 1301 2000 saxum
1339 1951 1392 1999 in
1431 1951 1609 2000 faciem
1648 1967 1791 2000 suam

0 2082 1 2087 ¹
97 2041 198 2074 non
234 2025 586 2088 praevidisset,
624 2028 683 2074 ut
727 2025 938 2073 fudisset
987 2024 1303 2087 declinand0‚
1354 2042 1452 2089 quo
1503 2027 1610 2074 ictu
1649 2042 1791 2074 omne

48 2114 67 2146 5
99 2101 204 2148 eius
243 2098 600 2148 comminutum
638 2101 715 2148 est
751 2101 906 2162 caput
943 2101 993 2148 et
1023 2115 1136 2148 cum
1168 2099 1362 2148 ossibus
1394 2099 1650 2149 cerebrum
1680 2116 1790 2149 san-

101 2175 312 2238 guisque
353 2174 621 2222 commixta
659 2176 790 2222 sunt.
852 2176 961 2234 sata
999 2188 1175 2222 cavens
1209 2175 1397 2235 yenitor
1434 2175 1572 2223 silvis
1610 2175 1793 2224 celarat

99 2249 400 2297 Halaesum:
440 2247 638 2312 cognito
676 2250 822 2310 pater
860 2247 981 2309 quid
1019 2248 1236 2297 Halaeso
1286 2248 1390 2297 filio
1435 2248 1640 2297 inimica
1685 2249 1791 2297 fata

98 2324 376 2384 portarent,
417 2321 556 2371 silvis
596 2321 940 2383 absconderat,
979 2338 1040 2369 ne
1078 2321 1338 2371 inventum
1375 2322 1685 2386 perimerent.
1739 2326 1794 2370 ut

99 2397 260 2445 senior
298 2397 385 2444 leto
425 2396 651 2444 canentia
689 2396 879 2444 lumina
916 2396 1076 2453 solvit,
1115 2397 1320 2445 iniecere
1363 2412 1567 2445 manum
1606 2397 1792 2445 Parcae

220 2528 242 2567 1
276 2524 417 2568 Palla
448 2522 519 2567 ed.
563 2522 568 2581 Ι
610 2522 888 2578 parabulam
912 2521 1010 2566 VR.
1111 2528 1136 2566 3
1169 2524 1318 2568 alesus
1341 2523 1438 2568 VR.
1530 2528 1558 2566 4
1588 2529 1793 2567 vereatur

100 2582 142 2626 R
180 2583 250 2626 ed.
293 2588 549 2627 revereatur
583 2581 637 2626 V.
776 2587 801 2625 6
844 2583 1084 2627 commonit
1117 2582 1203 2626 VR
1246 2596 1359 2628 corr.
1401 2598 1436 2626 r.
1487 2582 1490 2639 J
1549 2587 1718 2626 mactat
1751 2581 1792 2624 V

100 2647 236 2686 metat
277 2641 332 2685 R.
456 2646 479 2685 7
526 2641 826 2697 modoconque
860 2640 945 2684 VR
990 2654 1100 2698 ergo
1147 2642 1343 2686 fortasse
1385 2642 1792 2696 Demodoconque‘?

101 2704 128 2744 8
175 2706 216 2745 et
259 2715 390 2757 seque
430 2700 516 2744 VR
568 2714 698 2757 seque
751 2700 822 2744 ed.
878 2705 1011 2756 atque
1059 2715 1156 2746 noe.
1309 2705 1334 2744 9
1382 2701 1692 2745 dimicationis
1736 2700 1790 2742 R.

103 2763 157 2803 10
189 2765 380 2816 quantos
402 2759 488 2803 VR
519 2765 626 2816 quot
655 2759 727 2804 ed.
851 2764 904 2803 11
943 2773 1020 2805 ver
1048 2774 1133 2816 pro
1165 2761 1346 2805 verbum
1370 2759 1466 2803 VR.
1516 2760 1519 2816 j
1570 2773 1792 2815 exponen-

101 2819 207 2863 dam
240 2819 310 2862 ed.
405 2823 460 2863 13
490 2820 610 2864 enim
641 2820 725 2864 tibi
756 2832 845 2862 om.
871 2818 942 2862 ed.
1038 2823 1092 2862 15
1124 2825 1383 2864 mutuorum
1407 2818 1504 2862 VR.
1599 2823 1654 2862 16
1685 2818 1794 2862 aliis

103 2891 190 2921 om.
220 2878 291 2922 ed.
416 2882 470 2922 18
502 2879 667 2934 diripit
695 2893 730 2922 r.
765 2877 835 2922 ed.
959 2882 1013 2921 22
1052 2880 1136 2923 iste
1173 2892 1261 2922 om.
1295 2878 1366 2922 ed.
1489 2883 1546 2921 24
1584 2877 1793 2922 ut—de-

102 2937 318 2981 clinando
349 2951 437 2981 om.
463 2937 534 2982 ed.
648 2942 703 2982 25
735 2942 843 2982 et—
863 2941 917 2980 26
942 2942 1051 2983 sunt
1072 2937 1157 2982 VR
1187 2938 1414 2982 ut—-sint
1444 2936 1515 2981 ed.
1630 2940 1685 2979 26
1718 2950 1789 2980 ca·

34 3022 39 3060 ἱ
102 3009 208 3039 vens
230 2995 316 3039 VR
345 3010 511 3042 canens
542 2996 613 3040 ed.
666 2997 670 3055 Ι
728 2997 893 3041 celerat
922 2995 1018 3039 VR.
1142 3001 1196 3040 27
1237 2997 1419 3054 coqnitu
1449 2995 1534 3039 VR
1573 3009 1685 3040 corr.
1719 2995 1791 3039 ed.
