2050 3226
239 161 346 215 558
713 159 945 205 DONATI
974 160 1255 205 INTERPR.
1281 160 1459 206 VERG.

236 300 319 347 ille
349 299 563 362 putabat
600 299 888 349 adversum:
929 299 1109 362 incipit
1147 299 1352 349 alterius
1381 301 1553 350 lateris
1587 299 1769 349 inferre
1800 302 1909 349 trac

147 382 204 422 50
235 375 420 422 tatum:
477 377 522 422 et
564 389 653 422 nos
699 375 813 431 tela,
857 377 1016 434 pater,
1065 374 1346 434 ferrumque
1392 375 1513 423 haut
1559 375 1711 424 debile
1760 375 1931 428 dextra

234 449 527 509 sparyimuS,
562 452 605 496 et
633 452 795 496 nostro
826 448 1042 508 sequitur
1064 447 1123 496 de
1151 448 1350 496 vulnere
1379 450 1607 510 sanquis:
1644 465 1743 498 non
1775 449 1928 498 solius

233 523 408 584 hostiS,
438 521 620 584 inquit,
653 523 855 570 acutum
891 523 966 571 est
994 522 1181 570 sermm
1212 538 1300 571 nec
1331 523 1466 572 solus
1496 523 1582 572 ille
1612 524 1753 572 novit
1783 523 1929 571 ferire

234 611 563 661 congressum.
616 596 719 644 tela
750 597 868 644 sunt
891 611 1018 658 quae
1050 595 1202 645 etiam
1230 595 1330 659 ipsi
1358 598 1638 660 portamuS,
1667 598 1771 646 tela
1803 613 1930 660 quae

234 671 469 734 gerimuS,
520 685 647 733 quae
687 686 799 718 cum
840 671 943 718 sint
980 672 1102 719 satis
1150 673 1271 733 apta
1317 671 1576 720 certamini
1612 673 1731 720 tunc
1768 672 1929 735 magis

155 737 159 741 ’
231 745 458 793 hostibus
497 743 699 792 inimica
738 759 852 792 cum
883 744 1004 792 forti
1038 744 1368 794 destinatione
1400 746 1716 809 quatiuntur-3
1756 745 1931 794 dextra

140 2235 195 2275 55

232 835 343 867 mea
364 820 562 866 tantum
593 819 646 866 in
677 819 1032 867 certaminibus
1055 819 1206 883 viget,
1235 821 1296 867 ut
1321 821 1528 884 spargat
1548 820 1650 868 tela
1672 813 1929 887 (spargere

233 893 581 941 ostentationis
614 894 711 954 est,
749 892 896 955 quasi
926 893 1077 941 semel
1106 893 1268 941 multa
1297 893 1484 943 iactare
1515 896 1567 942 et
1596 893 1744 942 simul
1776 910 1929 956 quam

231 967 474 1030 plurimos
514 960 777 1034 sternere)3
827 969 1058 1016 novimus
1097 969 1168 1017 sic
1206 968 1400 1016 hostem
1438 970 1626 1031 petere,
1675 970 1735 1016 ut
1770 969 1929 1016 ictum

230 1043 456 1090 nostrum
494 1041 646 1105 plaga
685 1043 924 1103 sequatur
962 1044 1014 1090 et
1051 1041 1268 1106 sanguis.
1321 1042 1414 1090 hoc
1454 1041 1585 1091 dicto
1624 1042 1752 1090 illud
1790 1041 1930 1104 cupit

231 1115 510 1177 adstruere,
551 1116 686 1178 quod
723 1117 909 1164 totiens
947 1115 1097 1164 feriat
1127 1117 1359 1178 quotiens
1389 1117 1584 1165 miserit
1614 1116 1802 1164 ferrum
1837 1131 1928 1164 nec

231 1190 501 1253 aliquando
532 1190 824 1252 frustretur,
860 1190 946 1239 sed
976 1206 1169 1252 semper
1200 1207 1348 1253 quem
1379 1193 1662 1254 prosternat
1690 1189 1928 1239 inveniat.

229 1267 399 1313 nostro
439 1265 512 1312 ait
551 1263 610 1311 de
648 1265 853 1313 vulnere
891 1281 992 1313 non
1031 1265 1109 1313 sui
1147 1266 1390 1327 corporiS,
1441 1265 1528 1314 sed
1564 1265 1785 1326 hostilis,
1833 1265 1927 1312 hoc

229 1341 306 1387 est
344 1339 406 1387 ad
456 1339 664 1387 vulnera
710 1355 838 1402 quae
884 1339 1058 1387 fecerit
1104 1338 1306 1388 dextera
1350 1354 1472 1387 mea.
1550 1339 1687 1400 lonqe
1723 1338 1799 1386 illi
1836 1339 1928 1388 dea

228 1416 383 1461 mater
422 1413 530 1468 erit,
572 1427 695 1472 quae
732 1414 859 1460 nube
894 1413 1118 1474 fuyacem
1155 1415 1369 1474 feminea
1403 1416 1529 1474 teyat
1566 1416 1610 1461 et
1644 1413 1789 1461 vanis
1826 1427 1928 1461 sese

229 1487 415 1535 occulat
450 1487 652 1535 wmbris.
722 1503 892 1549 quem,
930 1486 1120 1550 inquit,
1158 1487 1367 1549 tMebo,
1407 1488 1494 1550 qui
1523 1488 1642 1535 tunc
1679 1489 1820 1535 tutus
1853 1489 1929 1534 est

230 1576 341 1609 cum
378 1559 580 1624 ingenio
618 1560 794 1609 matris
833 1563 883 1609 et
913 1561 1146 1609 muliebri
1182 1561 1468 1610 inventione
1501 1559 1803 1621 defenditur,
1843 1560 1925 1608 ob-

229 1637 371 1683 tentu
415 1634 602 1683 scilicet
650 1635 796 1684 nubis
846 1636 897 1682 et
945 1634 1167 1684 subsidio
1216 1634 1564 1684 tenebrarum?
1624 1636 1824 1683 tantum
1873 1635 1925 1682 in

228 1725 406 1758 manus
458 1724 593 1757 meas
646 1709 733 1757 ille
785 1711 1067 1772 perveniat,
1120 1709 1326 1773 negabit
1375 1708 1550 1757 inbelli
1602 1709 1760 1758 virtus
1813 1724 1924 1756 mea

230 1799 431 1846 operam
461 1782 635 1833 matris
660 1785 710 1831 et
733 1785 1023 1832 cunctarum
1054 1783 1306 1832 fraudium
1329 1782 1602 1831 ludibriosa
1633 1784 1923 1831 commenta.

346 1855 416 1905 At
451 1858 623 1918 reyina
667 1872 796 1906 nova
825 1871 1026 1918 puynae
1072 1859 1329 1906 conterrita
1374 1861 1522 1905 sorte:
1570 1872 1753 1906 novam
1799 1856 1926 1904 dixit

228 1930 326 1993 ipsi
364 1931 598 1993 Amatae,
637 1948 736 1980 non
774 1932 1083 1995 incognitam
1121 1932 1348 1980 omnibus
1389 1933 1439 1979 et
1469 1932 1614 1994 quasi
1651 1946 1924 1994 numquam

228 2005 279 2053 in
312 2005 425 2053 aliis
450 2006 801 2054 certaminibus
825 2007 999 2055 visam.
1051 2009 1234 2055 sortem
1265 2005 1486 2068 accipere
1510 2005 1741 2054 debemus
1766 2020 1921 2068 genus

228 2079 662 2141 condicionemque
693 2080 964 2144 pugnandi.
1020 2095 1132 2128 cum
1161 2080 1319 2144 igitur
1348 2080 1521 2143 regina
1548 2080 1922 2143 dispositionem

227 2153 389 2201 futuri
439 2154 721 2202 certaminis
770 2154 942 2202 Latini
995 2157 1045 2202 et
1087 2155 1242 2202 Turni
1289 2153 1587 2202 tractatibus
1637 2152 1921 2216 accepisset,

229 2227 362 2275 omni
416 2227 738 2290 dispositione
791 2229 1018 2290 permota
1091 2230 1237 2287 flebat
1293 2232 1337 2276 et
1395 2228 1643 2276 ardentem
1691 2241 1921 2288 yenerum

227 2302 467 2349 moritura
508 2302 717 2349 tenebat:
765 2302 1173 2364 praecedentibus
1227 2318 1393 2351 vocem
1442 2301 1659 2350 lacrimis
1709 2299 1918 2349 retinere

229 2392 463 2439 generum
508 2375 763 2423 nitebatur
815 2377 1071 2424 ardentem
1117 2379 1167 2425 et
1210 2375 1493 2425 incendium
1537 2370 1749 2424 iuvenis
1775 2374 1918 2422 fletus

227 2449 454 2497 ubertate
492 2449 810 2513 restinguere.
872 2450 1134 2512 moritura,
1173 2451 1362 2512 inquit,
1402 2450 1582 2513 agebat
1613 2463 1919 2497 communem

348 2566 372 2604 2
406 2567 447 2606 et
483 2575 584 2605 cum
614 2574 698 2605 nos
731 2559 774 2603 V
812 2575 912 2604 cum
949 2563 1211 2605 atramento
1244 2563 1539 2616 expunctum.
1661 2564 1687 2603 3
1729 2560 1918 2615 sanqui-

226 2621 302 2663 πίε
325 2619 378 2663 V.
477 2625 503 2664 5
536 2633 774 2677 conyressu
798 2620 869 2663 ed.
956 2625 979 2663 7
1009 2622 1256 2675 patiuntur
1278 2620 1321 2664 V
1345 2633 1457 2664 corr.
1485 2619 1600 2663 edF.
1679 2622 1704 2661 8
1736 2619 1855 2674 viyet
1877 2618 1918 2660 V

226 2684 355 2735 αγρεε
396 2679 467 2722 ed.
591 2683 615 2721 9
649 2680 781 2735 quasi
811 2679 942 2723 semel
971 2678 1010 2721 V
1043 2678 1099 2722 cf.
1134 2685 1174 2734 1,
1201 2683 1286 2723 720
1325 2693 1366 2735 q.
1398 2679 1536 2723 simul
1567 2677 1636 2721 ed.
1671 2678 1675 2735 Ι
1711 2682 1753 2721 et
1782 2678 1919 2721 simul

227 2737 267 2780 V
293 2738 363 2781 ed.
398 2743 439 2782 et
468 2739 632 2782 semel?
747 2742 800 2780 12
833 2751 915 2782 nec
937 2737 979 2781 V
1009 2752 1066 2782 ne
1098 2738 1167 2782 ed.
1278 2743 1333 2781 14
1365 2738 1419 2782 de
1451 2752 1539 2782 om.
1571 2736 1642 2781 ed.
1752 2739 1806 2778 18
1838 2749 1917 2791 op-

226 2801 351 2840 tenta
374 2796 416 2840 V
446 2798 626 2841 obtenta
658 2797 727 2841 ed.
762 2811 824 2840 -u
854 2810 950 2840 nos.
1056 2801 1109 2839 19
1142 2799 1193 2841 in
1223 2797 1360 2841 nubis
1382 2796 1424 2840 V
1454 2798 1505 2840 in
1538 2794 1688 2839 delevi
1718 2795 1770 2838 in
1799 2796 1917 2838 nube

227 2855 342 2898 edF.
451 2861 504 2899 21
539 2870 677 2911 opera
700 2855 741 2899 V
766 2855 837 2900 ed.
871 2870 1000 2899 —ram
1031 2869 1126 2900 noe.
1165 2857 1168 2914 l
1208 2857 1350 2900 maris
1374 2854 1414 2898 V
1444 2856 1604 2899 matris
1634 2853 1704 2898 ed.
1743 2854 1746 2911 ι
1781 2853 1915 2907 frau—

227 2915 334 2957 dum
367 2915 437 2958 ed.
486 2929 487 2955 ἢ
534 2917 782 2959 commertia
805 2914 847 2957 V
872 2928 983 2958 corr.
1012 2915 1082 2957 ed.
1182 2919 1237 2958 28
1269 2916 1492 2959 ‘moritura
1515 2913 1557 2957 V
1581 2913 1651 2956 ed.
1684 2914 1916 2956 monitura

226 2972 364 3029 Verg.
389 2973 512 3016 libri.
598 2978 653 3017 30
677 2973 1032 3031 restrinyuereV
1054 2975 1321 3031 restrinyere
1345 2973 1416 3017 ed.
1441 2973 1681 3029 restinyere
1705 2971 1775 3015 ed.
1793 2973 1911 3026 post.

1960 979 2002 1012 10

1959 1349 2000 1383 15

1956 1723 1999 1756 20

1953 2091 1995 2125 25

1950 2463 1993 2495 30
