2050 3226
213 188 321 242 522
687 186 919 232 DONATI
949 185 1230 232 INTERPR.
1254 186 1433 231 VERG.

212 325 403 390 positae
442 325 646 374 turbata
676 328 877 374 terrore.
931 329 983 374 at
1011 326 1202 373 iuvenis
1231 326 1404 374 vicisse
1434 326 1540 375 dolo
1571 331 1711 375 ratus
1743 327 1907 375 avolat

212 401 316 461 ipse
376 399 519 460 (haut
575 400 738 460 mora)
800 400 1133 460 conversisque
1183 401 1340 460 fuqax
1399 401 1623 460 aufertur
1681 401 1906 449 habenis:

211 476 443 524 iuvenem
480 474 607 523 dixit
644 490 743 522 non
781 473 1032 522 laudantis
1065 473 1253 534 studio,
1285 473 1371 522 sed
1400 474 1756 537 vituperantis,
1787 490 1906 523 nam

210 549 398 596 femina
443 564 557 596 cum
601 548 830 595 interrita
876 547 1181 596 constitisset
1224 549 1495 610 propositis
1533 548 1904 598 condicionibus

213 622 557 685 adquiescens,
617 637 732 669 mox
783 621 979 670 iuvenis
1033 636 1219 685 gnarus
1276 622 1410 684 quod
1462 622 1685 685 superari
1737 624 1907 685 posset
1959 637 1979 670 5

213 697 411 761 aufugit
447 712 538 759 pro
577 694 789 744 victoria
826 696 1044 744 retinens
1084 696 1205 758 quia
1244 695 1464 744 subsidio
1503 696 1651 761 fugae
1691 696 1904 745 declina-

164 796 168 798 ·
211 773 352 819 verat
387 772 619 831 mortem,
659 770 906 818 conversis
946 769 1008 818 ab
1047 785 1106 817 ea
1143 769 1348 818 habenis
1387 770 1528 818 cuius
1573 770 1906 833 praesentiam

211 844 443 907 cupiebat
467 844 688 893 evadere.
714 844 1166 904 quadrupedemque
1182 844 1329 891 citum
1343 846 1534 904 ferrata
1557 845 1684 892 calce
1705 846 1906 906 fatiqat:

210 934 386 980 parum
425 919 526 966 fuit
564 917 749 982 fugisse
791 933 848 966 ac
885 918 1119 966 fiduciam
1150 917 1382 966 habuisse
1415 917 1762 982 quadrupedis,
1793 934 1905 967 cum

209 993 305 1041 iret
342 992 591 1054 velociter,
630 991 842 1055 urgebat
873 1007 1070 1055 quoque
1102 994 1332 1054 quamvis
1379 993 1586 1040 celerem
1631 992 1764 1040 calce
1808 993 1904 1040 fer·
1938 1008 1980 1040 ιο

210 1069 335 1115 rata.
412 1065 630 1115 faciebat
666 1067 760 1115 hoc
796 1066 972 1114 mortis
1009 1068 1170 1127 metu,
1211 1082 1361 1129 quam
1399 1082 1450 1114 se
1488 1068 1757 1129 putaverat
1795 1082 1906 1115 eva-

109 1150 192 1190 715
210 1141 343 1189 sisse.
419 1155 545 1188 vane
590 1140 750 1201 Isiqus
798 1142 1081 1201 frustraque
1130 1141 1312 1189 animis
1361 1140 1482 1188 elate
1530 1141 1773 1201 superbis,
1823 1155 1904 1188 ne-

210 1215 467 1276 quicquam
509 1215 710 1275 patrias
763 1216 1006 1274 temptasti
1059 1215 1276 1263 lubricus
1329 1215 1452 1262 artis
1512 1229 1599 1263 nec
1656 1217 1803 1275 fraus
1863 1218 1906 1262 te

207 1289 494 1337 incolumem
541 1289 716 1348 fallaci
758 1290 972 1349 perferet
1017 1286 1191 1336 Auno:
1239 1288 1422 1350 solent,
1470 1289 1658 1351 inquit,
1696 1287 1905 1353 Ligures

210 1378 313 1412 esse
350 1363 579 1424 fallaces3
618 1362 702 1411 sed
741 1364 801 1411 tu
838 1379 938 1411 non
975 1365 1174 1411 tantum
1212 1362 1368 1411 fallax
1415 1362 1499 1410 sed
1545 1365 1596 1411 et
1632 1378 1790 1412 vanus
1829 1363 1904 1410 in-
1937 1378 1979 1412 15

209 1439 385 1486 ventus
426 1452 491 1485 eS.
567 1452 667 1484 non
705 1436 800 1484 tibi
837 1437 1060 1499 proderit
1095 1437 1271 1485 inflata
1308 1436 1588 1499 loquacitas
1630 1439 1680 1485 et
1718 1437 1906 1485 elatum

208 1510 403 1559 stolidis
441 1510 721 1559 tumoribus
759 1512 953 1573 pectuS,
994 1510 1235 1559 evadendi
1271 1511 1367 1559 tibi
1405 1527 1505 1559 non
1545 1512 1640 1558 erit
1669 1511 1904 1573 spatium,

207 1585 395 1633 frustra
431 1587 482 1633 te
520 1587 666 1647 pater
701 1585 802 1633 ista
839 1585 1121 1648 perdocuit,
1158 1584 1335 1633 tenebo
1376 1584 1604 1647 quamvis
1642 1584 1904 1646 lubricum,

207 1659 384 1708 tenebo
415 1659 663 1720 mobilem,
693 1658 871 1707 tenebo
902 1659 1150 1720 fallacem,
1179 1660 1344 1706 totum
1377 1658 1510 1721 quod
1533 1658 1667 1706 nosti
1695 1658 1906 1707 Camilla

207 1733 533 1781 frustrabitur
585 1749 675 1782 nec
727 1735 777 1781 te
826 1749 1069 1795 umquam
1121 1734 1257 1795 patri
1309 1734 1531 1781 remittet
1589 1732 1904 1794 incolumem,
1936 1748 1980 1780 20

210 1806 472 1855 ostendisti
531 1810 710 1869 artem,
768 1807 855 1855 sed
905 1822 1033 1869 quae
1083 1807 1318 1856 adversus
1371 1805 1634 1855 Camillam
1684 1806 1904 1854 obtinere

208 1896 307 1929 non
345 1880 514 1943 possit.
578 1882 695 1930 haec
731 1883 870 1941 fatur
906 1882 1065 1942 virqo:
1102 1883 1161 1929 ut
1199 1896 1350 1944 supra
1389 1896 1500 1929 cum
1537 1880 1904 1943 vituperatione

208 1955 379 2017 posuit
416 1956 508 2016 „at
543 1955 736 2004 iuvenis
775 1954 953 2004 vicisse
993 1955 1105 2003 dolo
1143 1953 1336 2017 ratus“,
1383 1955 1453 2004 sic
1498 1955 1591 2003 hoc
1637 1955 1745 2003 loco
1793 1970 1904 2003 cum

208 2028 355 2076 laude
403 2029 476 2076 ait
520 2029 642 2077 haec
687 2030 824 2078 fatur
867 2030 1033 2094 virgo3
1079 2045 1197 2078 nam
1242 2031 1485 2092 conparat
1530 2027 1652 2091 quid
1696 2029 1904 2091 iuvenis,

210 2103 329 2166 quid
359 2103 533 2151 fecerit
562 2104 719 2166 virgo,
774 2107 817 2151 et
838 2104 1123 2164 pernicibus
1151 2104 1296 2164 iqnea
1312 2103 1502 2163 plantis
1532 2103 1711 2151 transit
1731 2117 1905 2164 equum
1934 2116 1977 2150 25

107 2185 191 2226 720
210 2191 356 2225 cursu
396 2177 646 2236 frenisque
707 2178 916 2226 adversa
960 2178 1216 2238 prehensis
1269 2177 1573 2238 eonqreditur
1623 2190 1905 2237 poenasque

207 2251 402 2299 inimico
453 2264 510 2298 ex
558 2252 798 2311 sanquine
847 2253 1018 2299 sumit:
1065 2251 1173 2312 ille,
1223 2253 1282 2298 ut
1330 2251 1545 2315 fugeret,
1596 2251 1712 2312 equi
1757 2265 1903 2298 cursu

209 2325 422 2373 confisus
454 2326 543 2386 est,
573 2325 709 2385 haec,
740 2327 798 2372 ut
828 2327 1116 2388 sequeretur
1145 2326 1433 2389 fugientem,
1463 2339 1557 2373 usa
1588 2326 1663 2373 est
1692 2323 1901 2387 pedibus

210 2398 335 2461 suis3
385 2399 485 2447 fuit
534 2398 664 2445 enim
712 2398 874 2461 igneis
923 2399 1133 2462 plantis,
1183 2400 1276 2447 hoc
1330 2401 1406 2447 est
1457 2399 1593 2446 ultra
1645 2398 1902 2446 hominum

207 2489 395 2521 morem
441 2475 491 2521 et
538 2472 806 2520 femineum
856 2488 1026 2521 sexum
1065 2474 1187 2521 satis
1228 2473 1359 2535 aptis
1402 2472 1464 2521 ad
1503 2487 1715 2520 cursum.
1792 2487 1900 2520 ecce
1932 2486 1975 2518 so

210 2547 345 2609 quod
395 2546 511 2608 equi
561 2545 745 2594 auxilio
794 2546 986 2595 iuvenis
1037 2547 1225 2610 inplere
1279 2562 1379 2594 non
1424 2546 1592 2609 potuit
1645 2547 1902 2608 superavit

209 2622 350 2685 virgo
409 2619 617 2683 pedibus
667 2619 770 2669 suis
825 2621 874 2668 et
925 2621 1092 2683 ipsum
1146 2636 1342 2683 quoque
1395 2636 1578 2684 equum
1638 2620 1900 2669 velocitate

329 2766 354 2804 3
386 2762 734 2817 vituperationis
765 2761 836 2805 ed.
929 2764 955 2803 8
989 2761 1430 2817 quadrupedemque,
1463 2760 1578 2804 alibi
1609 2761 1819 2817 quadrip.
1845 2759 1899 2804 V.

212 2825 267 2863 12
314 2821 465 2877 Liyur
510 2821 581 2865 ed.
721 2825 773 2863 17
821 2821 966 2864 solitis
1011 2820 1081 2863 ed.
1220 2824 1274 2863 19
1321 2821 1534 2874 fallacem
1571 2819 1614 2863 V
1659 2825 1700 2863 te
1743 2820 1778 2874 f.
1827 2819 1898 2864 ed.

211 2883 267 2922 20
296 2881 508 2924 remittiet
530 2878 583 2923 V.
677 2884 730 2922 21
765 2893 864 2923 eam
886 2879 1015 2923 illam
1031 2878 1072 2921 V
1090 2879 1161 2922 ed.
1186 2893 1284 2923 eam
1309 2879 1398 2923 del.
1423 2879 1494 2922 ed.
1519 2880 1638 2934 post.
1658 2878 1900 2923 Camillam

209 2951 293 2981 nos
323 2940 376 2981 ut
406 2938 456 2981 in
488 2938 672 2995 epilogo
705 2937 905 2993 septimi.
1002 2941 1056 2981 27
1091 2952 1122 2981 a
1150 2939 1374 2995 sanquine
1405 2938 1476 2982 ed.
1568 2941 1624 2981 28
1654 2937 1900 2994 fuqientem

211 3010 298 3040 om.
325 2997 440 3041 edF.
565 3001 619 3040 31
652 2998 825 3053 inplere
848 2996 891 3040 V
922 3009 1014 3041 esse
1045 2996 1116 3041 ed.
