2050 3226
781 149 1087 196 AENEmos
1110 149 1220 195 vm
1746 151 1852 207 153

159 293 380 356 positum
411 293 508 353 est3
545 288 757 339 informe
789 291 922 339 enim
951 305 1055 338 una
1092 303 1210 353 pars
1242 291 1318 338 est
1348 289 1588 338 orationis
1621 292 1672 339 et
1701 291 1853 355 signi-

158 366 277 415 ficat
313 365 450 413 ultra
488 365 691 415 solitam
729 364 964 426 formam,
1001 366 1061 412 ut
1096 364 1193 412 iste
1234 363 1478 427 qualitate
1526 366 1712 412 ceteras
1751 365 1851 413 for-

158 455 264 488 mas
313 440 568 489 videretur
616 438 860 487 excedere.
947 438 1149 500 exponit
1195 437 1299 486 iam
1348 437 1470 500 quid
1517 438 1583 486 sit
1618 437 1852 487 informe:

157 517 399 574 nequeumt
435 513 616 574 expleri
647 513 795 561 corda
825 512 1000 560 tuendo
1030 512 1261 561 terribilis
1291 512 1466 568 oculos,
1498 512 1687 559 vultwm
1715 513 1853 560 villo-

157 602 308 649 saque
343 588 491 636 saetis
520 590 722 648 pectora
758 587 975 648 semiferi
1012 589 1154 646 atque
1192 586 1420 634 eaetinetos
1449 587 1680 646 faucibus
1707 586 1852 647 iynis.

157 677 267 711 ecce
304 661 436 709 unde
474 660 708 709 informe:
748 660 868 724 quia
906 660 1059 708 etiam
1088 661 1316 710 mortuus
1349 660 1606 709 oculorum
1636 660 1851 709 terrifico

156 736 314 784 omnis
363 735 669 784 formidabat
717 736 922 796 obtutu,
971 735 1142 784 vultus
1194 735 1302 798 ipse
1354 735 1532 797 plenus
1586 733 1852 783 sceleribus

157 809 432 872 apparebat
482 813 533 859 et
579 808 711 857 illud
760 825 936 873 gerens
987 809 1123 872 quod
1171 808 1317 858 vivus
1365 808 1632 870 habuerat,
1671 808 1852 858 villosa

155 884 358 932 fuerunt
405 886 609 947 pectora
657 884 764 932 eius
810 885 984 946 utpote
1022 883 1261 944 semiferi,
1302 884 1492 932 cunctis
1532 884 1700 931 autem
1739 898 1852 931 cum

155 957 324 1006 omnia
362 959 467 1007 eius
504 958 745 1006 miraculo
783 959 968 1019 essent,
1005 959 1117 1005 tum
1154 957 1313 1021 magis
1354 956 1486 1020 quod
1526 973 1637 1005 cum
1684 958 1853 1005 anima

154 1031 259 1081 eius
313 1032 544 1081 incendia
598 1047 797 1095 quoque
852 1031 1296 1081 considerabantur
1351 1033 1583 1080 extincta.
1662 1045 1718 1079 ex
1768 1031 1850 1078 illo

154 1107 420 1155 celebratus
455 1107 606 1155 honos
643 1105 879 1168 [laetique
915 1107 1127 1154 minores
1164 1120 1418 1154 servavere
1456 1103 1612 1167 diem]
1619 1123 1636 1153 :
1674 1121 1733 1152 ex
1761 1105 1851 1153 illo

152 1182 374 1243 tempore
407 1197 507 1244 quo
538 1181 615 1229 his
646 1180 791 1228 terris
824 1181 1063 1229 securitas
1095 1180 1231 1228 facta
1262 1181 1338 1228 est
1359 1181 1570 1228 honores
1595 1179 1642 1228 ei
1666 1179 1851 1228 decreti

154 1257 273 1303 sunt
303 1257 353 1303 et
383 1254 686 1303 celebratum
716 1254 882 1318 dignis
913 1254 1149 1302 laudibus
1186 1255 1374 1302 factum
1387 1291 1400 1315 ,
1440 1256 1693 1303 servatum
1733 1269 1851 1315 quo-

155 1344 251 1392 que
289 1346 379 1391 per
414 1328 645 1391 minores,
685 1329 819 1391 quod
848 1344 948 1377 non
978 1330 1168 1378 frustra
1198 1329 1365 1376 fuerat
1393 1328 1695 1376 institutum.
1740 1328 1850 1388 pri-

151 1417 354 1463 musque
397 1403 605 1451 Potitius
651 1406 819 1451 auctor
865 1406 909 1451 et
953 1403 1125 1451 domus
1162 1403 1396 1450 Herculei
1442 1405 1599 1450 custos
1636 1402 1851 1450 Pinaria
1866 1411 1954 1452 270

150 1478 284 1525 sacri
319 1477 447 1526 hane
484 1491 629 1526 aram
667 1477 772 1525 luco
810 1477 998 1534 statuit,
1039 1491 1164 1536 quae
1199 1478 1420 1525 maxima
1450 1490 1638 1535 semper
1668 1476 1852 1524 dicetur

150 1551 292 1599 nobis
341 1555 385 1599 et
432 1552 523 1599 erit
570 1566 694 1611 quae
741 1552 963 1600 maoeima
1007 1566 1220 1611 semper:
1268 1551 1459 1614 primus
1513 1551 1644 1598 hunc
1696 1549 1851 1598 ritum

150 1624 371 1674 Potitius
412 1625 550 1674 dedit
587 1628 637 1674 et
673 1625 990 1674 Pinariorum
1035 1625 1211 1674 domus
1258 1625 1387 1673 hanc
1434 1640 1573 1673 aram
1614 1623 1849 1686 condidit,

152 1715 252 1762 qua
290 1700 482 1748 nullam
518 1699 756 1748 habemus
788 1701 1036 1763 potiorem
1065 1715 1157 1748 nec
1187 1699 1283 1748 erit
1313 1699 1414 1748 alia
1444 1700 1644 1761 praeter
1672 1700 1848 1761 ipsam.

150 1788 302 1833 quare
341 1775 480 1835 wite,
520 1789 547 1822 o
584 1775 797 1831 iuvenes,
837 1777 1090 1823 tantarum
1126 1775 1182 1822 in
1210 1788 1411 1822 munere
1443 1774 1648 1821 laudum
1678 1773 1850 1834 einyite

149 1848 324 1907 fronde
362 1862 524 1897 eomas
556 1851 599 1896 et
622 1849 803 1909 pocula
834 1849 1024 1910 poryite
1054 1848 1237 1897 dextris
1268 1862 1657 1907 communemque
1686 1850 1951 1896 vocate2'15

150 1921 295 1969 deum
344 1925 387 1970 et
435 1923 546 1970 date
589 1923 710 1971 vina
757 1923 991 1971 volentes:
1038 1938 1220 1971 munus
1272 1922 1457 1971 dicitur
1506 1937 1623 1970 cura
1676 1921 1847 1970 unius—

151 1995 386 2059 cuiusque
424 1996 499 2044 rei
535 1996 862 2060 perficiendae
899 1996 1120 2059 inposita
1151 2012 1263 2045 cum
1293 1997 1587 2045 necessitate
1619 1995 1847 2044 faciendi.

151 2069 225 2118 ait
273 2086 391 2134 ergo
448 2072 686 2132 quoniam
738 2071 856 2119 huic
907 2072 1162 2121 interestis
1215 2072 1414 2119 muneri
1463 2072 1513 2118 et
1575 2069 1849 2118 amicitiam

148 2146 372 2193 nostram
412 2159 553 2192 sacra
582 2145 695 2208 ipsa
724 2144 1010 2207 iunxerunt,
1040 2145 1299 2194 nobiscum
1328 2147 1504 2194 vocate
1536 2159 1849 2193 communem

150 2218 307 2266 deum.
400 2234 710 2268 communem
759 2219 882 2267 bene
931 2220 1174 2282 positum,
1223 2222 1284 2268 ut
1329 2219 1610 2268 ostenderet
1658 2234 1710 2267 se
1758 2235 1848 2280 per

149 2291 548 2341 coniunctionem
585 2294 840 2342 foederum
888 2295 1100 2341 mixtum
1150 2309 1254 2343 esse
1305 2293 1555 2354 Troianis,
1604 2293 1686 2341 vel
1733 2291 1844 2341 ideo

149 2382 473 2429 communem,
513 2368 631 2430 quia
668 2383 820 2430 supra
858 2383 917 2415 ex
954 2383 1167 2430 persona
1204 2368 1400 2416 Aeneae
1441 2366 1659 2416 ostendit
1696 2368 1847 2429 poeta

148 2440 327 2488 Troiae
367 2443 417 2489 et
454 2441 702 2490 Arcadiae
740 2442 953 2504 populos
983 2441 1160 2490 iisdem
1189 2442 1481 2504 parentibus
1514 2442 1723 2505 genitos.
1794 2442 1844 2488 et

148 2513 262 2563 date
293 2516 413 2563 vina
444 2516 681 2578 volenteS,
710 2515 764 2563 id
795 2518 871 2564 est
902 2531 1016 2563 arae
1047 2515 1222 2564 vinum
1251 2516 1516 2576 infundite,
1548 2531 1661 2563 cum
1699 2514 1844 2561 deum

147 2604 323 2637 vocare
370 2590 645 2652 coeperitis.
722 2588 918 2638 addidit
955 2591 1122 2638 autem
1159 2591 1404 2651 volentes,
1452 2590 1568 2653 quia
1607 2588 1844 2651 obsequia

266 2735 291 2774 2
323 2731 414 2775 ista
445 2730 516 2775 ed.
627 2729 664 2774 '1‘
684 2731 831 2775 onmis
859 2731 1143 2784 formidabat
1164 2730 1206 2774 V
1238 2731 1309 2776 ed.
1343 2731 1401 2775 cf.
1433 2745 1473 2774 v.
1502 2734 1569 2774 13.
1679 2733 1704 2772 9
1741 2742 1843 2773 cum

146 2790 371 2833 omnia—
388 2794 442 2833 11
467 2790 683 2835 incendia
712 2791 826 2834 mut.
854 2790 924 2833 ed.
1038 2795 1091 2834 12
1124 2790 1519 2847 laetique—diem
1551 2789 1682 2832 deest
1711 2787 1762 2831 in
1785 2786 1841 2843 V,

147 2848 229 2892 sed
261 2847 535 2904 explicatur.
637 2853 691 2892 16
725 2850 942 2893 Herculei
972 2862 1060 2893 om.
1086 2848 1141 2894 V.
1243 2854 1298 2893 17
1330 2850 1573 2894 dicetur—
1593 2851 1647 2891 18
1670 2860 1844 2903 semper

145 2909 253 2962 post
283 2907 454 2952 lemma
482 2908 657 2964 repetit
678 2908 721 2952 V
746 2922 835 2953 om.
861 2908 932 2952 ed.
957 2922 1054 2953 nos,
1140 2913 1196 2952 22
1221 2910 1449 2965 porreyite
1471 2905 1526 2951 V.
1613 2909 1669 2950 30
1693 2919 1842 2963 popu-

146 2966 230 3011 losi
258 2967 430 3012 hisdem
453 2966 495 3011 V
526 2981 641 3012 corr.
674 2967 746 3012 ed.
