2050 3226
207 194 315 246 220
681 191 912 237 DONATI
942 192 1223 237 INTERPR.
1247 191 1426 236 VERG.

203 327 460 394 praebebit
497 331 638 381 nobis
670 334 938 381 transitum
975 333 1112 380 locus
1153 331 1243 394 (1111
1280 334 1421 395 patet
1457 333 1510 381 in
1547 332 1683 382 bivio
1721 336 1893 395 portae

142 419 144 424 ’
205 418 332 468 (11130
381 407 608 468 proxima
663 409 832 468 ponto.
908 422 1169 470 pergemus
1217 407 1521 469 quaesitum,
1571 407 1664 456 hoc
1711 409 1786 456 est
1831 408 1895 456 ad

202 479 578 542 inquisitionem
601 480 797 529 Aeneae
829 483 879 528 et
908 480 1198 529 Pallanteae
1230 479 1464 530 civitatis.
1509 481 1603 530 erit
1635 498 1894 545 argumen-

203 557 310 602 tum
341 555 688 617 prosperitatis
719 555 867 603 istius
899 555 958 601 ut
995 554 1207 603 videatis
1245 554 1447 603 reduces
1487 558 1688 604 onustos
1722 556 1893 618 spoliis

203 631 252 676 et
296 631 499 691 peracta
545 629 692 677 caede
738 630 965 678 victores.
1042 628 1208 691 potuit
1245 628 1345 676 dici
1390 629 1638 691 quomodo
1678 631 1894 693 pergetis
1949 647 1968 680 5

203 703 290 764 qui
328 704 464 751 viam
501 719 600 751 non
638 701 829 752 nostis?
883 703 1000 750 111110
1045 703 1182 766 parti
1219 704 1434 752 occurrit
1479 703 1644 752 dicens
1682 718 1769 752 nec
1805 718 1895 752 nos

200 777 285 824 via
320 777 454 837 fallit
491 778 662 824 euntis,
723 793 830 825 ecce
871 776 1078 825 accessit
1106 776 1256 825 huius
1293 777 1368 824 rei
1407 777 1644 826 adsertio:
1682 778 1895 826 vidimus

98 858 184 898 245
201 851 418 898 obscuris
463 851 683 910 primam
735 852 824 899 sub
878 851 1091 899 vallibus
1138 852 1307 899 urbem
1359 855 1539 899 venatu
1592 852 1798 900 adsiduo
1853 855 1897 900 et

167 927 350 972 totwm
388 925 695 985 coynovimus
727 939 932 973 amnem.
1000 924 1082 973 hic
1118 940 1218 973 non
1258 926 1542 987 quaerenda
1573 927 1649 974 est
1685 927 1893 988 veritas3

201 999 350 1045 eundi
400 999 531 1046 enim
581 999 752 1062 cupidi
799 1001 1071 1062 potuerunt
1117 999 1172 1047 in
1221 1014 1314 1047 sua
1364 999 1642 1048 adsertione
1679 1000 1892 1048 mentiri.
1926 1019 1968 1050 10

200 1072 487 1136 adsignavit
517 1072 781 1122 dictionem
814 1075 963 1136 poeta
992 1073 1249 1121 hominum
1279 1073 1705 1136 perturbatorum3
1741 1090 1893 1137 supra

199 1146 331 1194 enim
382 1146 508 1195 dixit
556 1146 743 1210 primus
790 1148 930 1196 Iulus
982 1148 1174 1210 accepit
1220 1147 1456 1210 trepidos.
1547 1148 1680 1196 hunc
1728 1148 1894 1196 locum

200 1221 420 1270 dicamus
473 1222 716 1284 apertius:
773 1222 942 1270 audite
997 1238 1024 1270 ο
1078 1221 1326 1270 mentibus
1382 1221 1576 1284 aequis,
1614 1222 1892 1284 Aeneadae,

198 1311 320 1343 neve
349 1296 471 1344 haec
501 1295 684 1344 nostris
717 1298 1002 1358 spectentur
1033 1295 1095 1344 ab
1127 1295 1270 1344 annis
1303 1312 1433 1358 quae
1471 1295 1690 1345 ferimus.
1757 1298 1892 1359 prin-

199 1370 441 1432 cipiorum
488 1385 658 1418 cursus
704 1369 856 1418 habet
894 1371 1318 1419 continuationem
1357 1386 1522 1431 suam,
1569 1371 1655 1419 sed
1693 1371 1892 1432 quando
1926 1387 1967 1420 15

198 1446 273 1491 est
312 1443 376 1491 ad
407 1443 508 1491 alia
539 1446 743 1493 ventum
781 1448 952 1493 exorta
980 1444 1280 1508 interruptio
1313 1446 1408 1507 est3
1447 1444 1535 1492 ubi
1567 1446 1693 1492 enim
1730 1446 1894 1508 coepit

198 1518 358 1566 dicere
413 1517 536 1580 quid
588 1519 754 1567 hostes
802 1521 1007 1582 agerent
1054 1535 1155 1567 non
1201 1519 1459 1567 coniunxit
1503 1518 1756 1580 universa,
1808 1519 1893 1567 sed

195 1591 397 1641 miscuit
434 1608 562 1654 quae
600 1593 664 1641 ad
711 1595 851 1642 actus
889 1594 1190 1641 Rutulorum
1237 1609 1335 1641 non
1384 1593 1689 1655 pertinerent
1733 1594 1784 1640 et
1829 1593 1893 1641 ad

196 1682 254 1715 ea
291 1681 490 1715 rursum
527 1667 782 1715 revolutus
822 1669 897 1715 est
935 1669 986 1715 et
1023 1668 1092 1716 sic
1131 1666 1382 1730 conplevit
1417 1666 1730 1729 interposita.
1806 1667 1892 1716 sed

196 1741 318 1789 haec
357 1741 581 1789 confusio
613 1740 748 1789 facta
789 1741 1099 1789 ordinatione
1129 1740 1492 1790 monstrabitur
1522 1743 1573 1789 et
1609 1741 1892 1790 invenietur
1923 1757 1966 1790 zo

194 1814 477 1863 intellectus
515 1815 817 1863 instructior.
905 1815 1084 1863 Rutuli
1121 1831 1291 1864 somno
1331 1814 1546 1877 vinoque
1585 1815 1739 1863 soluti
1777 1831 1891 1864 con-

195 1889 399 1950 ticuere,
429 1889 702 1952 interrupti
739 1889 877 1952 ignes
917 1891 1120 1952 aterque
1161 1890 1224 1938 ad
1263 1890 1424 1938 sidera
1463 1889 1632 1937 fumus
1666 1890 1890 1954 erigitur,

194 1964 288 2011 hoc
317 1964 535 2024 pertinet
573 1963 637 2011 ad
668 1965 808 2011 actus
841 1963 1156 2013 Rutulorum.
1218 1963 1401 2012 dicitur
1432 1964 1556 2026 quid
1587 1966 1638 2011 et
1675 1980 1777 2026 (1113
1806 1964 1890 2013 via

195 2037 488 2085 faciundum
527 2036 613 2085 sit:
659 2037 825 2085 locum
863 2038 1059 2087 insidiis
1106 2037 1448 2100 conspeximus
1486 2038 1584 2100 ipsi
1623 2038 1712 2100 qui
1749 2040 1890 2101 patet

194 2111 246 2159 in
277 2110 412 2159 bivio
451 2113 626 2174 portae
667 2127 794 2173 quae
824 2112 1051 2174 proxima
1080 2114 1258 2174 ponto,
1292 2113 1334 2160 si
1365 2112 1567 2160 fortuna
1596 2112 1887 2175 permittitis
1919 2128 1961 2161 25

193 2186 269 2233 uti
300 2184 583 2247 quaesitum
613 2184 816 2233 Aenean
856 2187 906 2233 et
942 2186 1138 2235 moenia
1182 2186 1465 2247 Pallantea,
1504 2202 1619 2234 mox
1655 2186 1735 2234 hic
1774 2202 1887 2234 cum

196 2259 367 2322 spoliis
406 2258 601 2323 ingenti
639 2259 787 2307 caede
825 2262 1028 2322 peracta
1068 2260 1236 2309 adfore
1277 2261 1509 2322 cernetis,
1546 2275 1637 2308 nec
1675 2275 1763 2308 nos
1803 2261 1887 2309 via

194 2333 328 2381 fallit
366 2334 550 2395 euntis3
588 2332 803 2381 vidimus
836 2333 1056 2382 obscuris
1094 2335 1307 2397 primam
1338 2333 1427 2383 sub
1459 2334 1674 2382 vallibus
1713 2334 1887 2383 urbem

194 2409 381 2456 venatu
420 2406 649 2468 adsidu0‚
688 2410 738 2454 et
775 2409 940 2456 totum
979 2410 1298 2472 cognovimus
1339 2424 1546 2456 amnem.

312 2481 413 2529 Hic
451 2482 598 2529 annis
631 2482 801 2542 yravis
840 2485 980 2541 atque
1012 2483 1167 2530 animi
1203 2486 1428 2530 maturus
1466 2481 1653 2530 Aletes:
1698 2485 1885 2531 maturi
1915 2497 1958 2529 30

193 2556 406 2604 hominis
432 2558 482 2603 et
503 2557 698 2603 tantam
722 2555 1106 2604 sollicitudinem
1131 2556 1345 2620 gerentis
1371 2556 1530 2618 qualis
1555 2571 1658 2605 esse
1682 2572 1882 2619 respon-

194 2631 266 2677 sio
293 2629 470 2677 debeat
491 2629 762 2677 videamus.
824 2629 895 2677 dii
908 2631 1080 2689 patrii,
1115 2645 1318 2690 quorum
1347 2644 1534 2690 semper
1563 2631 1652 2678 sub
1683 2632 1883 2679 numine

196 2704 346 2751 Troia
386 2707 473 2759 est,
512 2718 611 2750 non
649 2707 810 2750 tamen
847 2705 1041 2751 omnino
1083 2705 1292 2752 Teucros
1330 2703 1484 2751 delere
1515 2705 1732 2763 param,
1773 2719 1882 2752 cum

313 2834 337 2872 3
371 2830 432 2873 ad
463 2831 753 2874 Pallanteam
782 2830 1007 2874 civitatem
1039 2831 1109 2874 ed.
1210 2835 1237 2873 4
1267 2830 1449 2875 reduces
1472 2830 1514 2874 V
1543 2831 1776 2875 redeuntes
1807 2832 1877 2875 ed.

195 2892 248 2930 16
282 2889 345 2931 ad
376 2902 462 2931 om.
489 2888 531 2931 V
556 2902 669 2932 corr.
695 2888 766 2932 ed.
869 2893 923 2931 21
957 2891 1140 2934 rutulus
1162 2889 1216 2933 V.
1322 2894 1376 2932 23
1410 2894 1559 2934 aestus
1582 2889 1624 2931 V
1648 2890 1718 2933 ed.
1752 2896 1881 2935 actus

193 2947 561 3051 {igsmzezpqpedixilm
594 2961 734 3003 supra
766 2947 906 2991 dicta.
1008 2953 1062 2992 26
1095 2949 1364 3037 adrmoenia
1395 2948 1465 2993 ed.
1559 2953 1615 2992 30
1647 2949 1800 2993 aleltes
1823 2949 1877 2994 V.
