2078 3260
199 173 306 226 588
673 171 905 216 DONATI
935 171 1214 218 INTERPR.
1239 171 1420 217 VERG.

197 310 454 374 Messapus
487 310 746 373 Aulesten,
783 328 951 376 regem
989 312 1420 374 Tyrrhenumque,
1458 311 1722 361 habentem
1759 313 1890 377 regis

196 385 413 449 insignia
460 402 585 448 equo
636 386 808 434 obvius
859 385 1192 447 proterrebat3
1242 385 1476 447 cupiebat
1525 387 1655 435 enim
1703 387 1892 436 firmari

196 459 417 521 foedera,
457 475 583 522 quae
622 461 827 507 fuerunt
872 459 1090 508 confusa.
1150 460 1252 506 ruit
1286 459 1368 506 ille
1403 460 1627 508 recedens
1665 464 1708 508 et
1743 461 1892 509 miser

197 535 427 593 oppositis
458 549 491 582 a
520 539 647 595 teryo
677 534 941 581 involvitur
971 533 1076 581 aris
1104 533 1159 580 in
1190 535 1338 594 caput
1364 534 1509 593 inque
1530 548 1746 582 wmeros:
1777 551 1890 583 cum

195 609 466 656 retrorsum
510 608 738 656 Aulestes
789 607 984 655 cederet
1028 607 1256 669 Messapo
1305 609 1635 670 proterrente,
1689 625 1785 656 non
1839 624 1890 658 se
1944 621 1966 655 5

197 683 439 743 avertens,
470 697 530 729 ne
561 684 703 745 terga
733 681 867 730 hosti
896 681 1122 742 nudaret,
1152 680 1294 743 peius
1320 681 1552 744 deceptus
1584 684 1660 731 est
1690 698 1890 731 ararum

197 755 394 804 obiectu
431 770 528 803 non
568 757 696 818 viso;
746 755 851 804 illic
889 755 1074 819 quippe
1111 756 1163 803 in
1203 758 1355 818 caput
1390 756 1543 817 inque
1580 772 1777 805 umeros
1815 758 1890 804 in·

195 828 397 878 volutus
430 829 657 878 concidit.
711 833 764 877 at
790 830 1012 889 fervidus
1043 829 1240 877 advolat
1264 830 1408 877 hasta
1429 830 1696 892 Messapus
1705 848 1723 890 ,·
1752 831 1888 880 festi·

195 904 416 952 nandum
455 905 587 951 enim
624 904 744 965 fuit,
793 921 854 951 ne
893 904 979 951 ille
1027 919 1131 952 sese
1179 903 1436 967 colligeret
1481 905 1531 951 et
1571 905 1700 953 tanti
1747 920 1889 954 casus

93 985 179 1026 295
195 978 381 1040 periret
411 978 617 1026 occasio.
673 979 853 1038 teloque
883 981 1101 1026 orantem
1129 978 1285 1025 multa
1314 978 1497 1025 trabali
1526 979 1731 1039 desuper
1762 979 1892 1027 altus
1923 993 1965 1026 ιο

196 1066 310 1112 equo
331 1053 547 1112 oraviter
568 1053 706 1112 ferit:
737 1052 896 1100 multa
928 1054 1152 1100 orantem
1181 1051 1367 1100 trabali
1396 1052 1498 1100 telo
1531 1052 1751 1116 graviter
1779 1069 1888 1116 per-

196 1127 362 1174 cussit.
437 1126 630 1177 trabale
669 1127 826 1174 telum
866 1128 941 1174 est
978 1127 1105 1175 forte
1151 1127 1211 1174 ut
1249 1128 1368 1175 sunt
1404 1126 1595 1189 trabes,
1642 1127 1890 1190 quomodo

117 1247 120 1250 ,
195 1202 362 1248 autem
393 1200 613 1263 graviter
642 1200 835 1248 ferierit
863 1201 970 1263 ipse
1001 1202 1150 1263 poeta
1181 1200 1462 1262 descripsit:
1502 1217 1673 1264 grave,
1708 1201 1891 1263 inquit,

195 1275 244 1322 et
274 1274 402 1322 forte
434 1274 556 1323 satis
587 1274 766 1323 habuit
794 1275 978 1335 telum,
1018 1274 1153 1338 quod
1183 1274 1332 1322 facile
1362 1276 1531 1337 potuit
1562 1274 1748 1323 dimitti
1780 1291 1891 1323 cum

193 1348 422 1410 pondere,
448 1349 569 1412 quia
593 1365 650 1396 ex
674 1364 865 1397 summo
889 1349 1156 1409 descendit,
1187 1364 1298 1396 eum
1323 1349 1409 1396 ille
1441 1364 1567 1412 equo
1591 1351 1891 1411 portaretur.
1922 1361 1965 1396 15

195 1426 336 1481 atque
372 1424 444 1470 ita
480 1425 646 1482 fatum
692 1423 776 1485 qui
816 1423 948 1471 enim
983 1423 1192 1471 infestus
1239 1426 1443 1472 venerat
1489 1425 1539 1470 et
1576 1423 1755 1471 habuit
1792 1424 1890 1472 for-

192 1498 344 1545 tunae
375 1497 668 1561 suffragium
698 1498 1052 1561 gratulationis
1088 1513 1205 1545 suae
1244 1512 1415 1545 vocem
1452 1498 1611 1558 misit,
1652 1498 1787 1560 quod
1816 1497 1890 1546 in-

194 1571 406 1619 sultaret
451 1571 677 1619 exanimi.
740 1572 826 1619 hoc
866 1572 1026 1628 habet,
1078 1571 1130 1619 id
1177 1573 1252 1619 est
1296 1571 1419 1618 bene
1470 1586 1520 1619 se
1566 1571 1753 1620 habent
1797 1587 1889 1620 reS.

192 1645 310 1692 haec
345 1645 514 1694 melior
550 1646 745 1706 maynis
775 1646 895 1694 data
927 1646 1124 1693 victima
1154 1645 1305 1693 divis:
1343 1644 1585 1707 numquid
1621 1645 1890 1708 interrupti

194 1721 310 1767 sunt
348 1722 488 1767 actus
526 1718 718 1768 nostri?
779 1719 1156 1768 sacrificandum
1200 1718 1490 1766 numinibus
1540 1719 1641 1766 fuit
1685 1719 1888 1767 meliore
1920 1733 1963 1766 20

192 1794 420 1854 victima,
465 1796 582 1842 vota
620 1794 961 1856 persolvimus.
1024 1809 1135 1841 cum
1180 1794 1289 1841 ioco
1335 1792 1587 1840 meliorem
1633 1793 1889 1841 victimam

194 1866 341 1928 dixit,
382 1868 503 1929 quia
540 1869 592 1914 in
633 1883 771 1916 aram
803 1868 981 1916 cecidit
1012 1869 1062 1916 et
1097 1866 1200 1915 illic
1232 1866 1422 1915 occisus
1454 1869 1541 1914 est.
1598 1871 1891 1915 concurrunt

192 1941 315 1988 Itali
352 1941 654 2000 spoliantque
692 1942 901 1990 calentia
929 1942 1170 1990 membra:
1209 1940 1503 1990 aviditatem
1532 1940 1614 1988 hio
1643 1940 1890 1990 Italorum

194 2015 435 2077 expressit
485 2018 535 2062 et
579 2016 797 2063 nobilem
847 2016 1135 2077 avaritiam,
1184 2017 1244 2062 ut
1297 2017 1411 2063 ante
1467 2014 1531 2062 ad
1586 2015 1889 2064 detrahenda

194 2088 354 2150 spolia
393 2090 739 2138 convolassent
777 2106 926 2152 quam
964 2091 1114 2138 funus
1161 2088 1460 2153 obriguisset
1505 2088 1662 2137 occisi.
1719 2091 1889 2137 obvius
1918 2102 1961 2136 25

195 2163 470 2210 ambustum
494 2166 667 2210 torrem
694 2162 976 2225 Corynaeus
1000 2165 1061 2212 ab
1087 2178 1181 2211 ara
1205 2163 1403 2222 corripit
1425 2166 1468 2210 et
1488 2163 1696 2211 venienti
1717 2163 1887 2211 Ebuso

91 2243 177 2283 300
187 2237 481 2297 playanique
503 2238 677 2296 ferenti
707 2242 907 2298 occupat
936 2252 989 2285 os
1011 2238 1249 2296 flammis:
1288 2236 1569 2298 Corynaeus
1594 2237 1760 2286 Ebuso
1785 2237 1886 2286 iam

193 2311 440 2374 infligenti
478 2326 645 2358 necem
683 2312 984 2374 plagamque
1026 2311 1206 2359 ferenti
1245 2310 1419 2359 obvius
1460 2311 1645 2371 factus,
1684 2326 1796 2359 cum
1835 2326 1886 2359 se

195 2384 473 2433 adverteret
509 2399 685 2432 manus
717 2385 874 2433 hostis
909 2385 1173 2447 perniciosi
1202 2384 1456 2446 incidisse,
1493 2384 1666 2447 rapuit
1702 2401 1759 2432 ex
1799 2400 1886 2433 ara

194 2458 375 2506 fustem
416 2458 670 2507 ardentem
708 2475 917 2522 eumque
949 2459 1023 2506 ori
1061 2458 1305 2508 venientis
1335 2460 1525 2522 primus
1565 2458 1778 2507 obiecit‘
1811 2459 1886 2506 illi
1915 2470 1958 2503 3ο

314 2575 336 2612 1
389 2571 671 2628 Tyrrhenum
716 2570 787 2615 ed.
911 2574 935 2613 6
978 2571 1111 2625 peius
1153 2584 1240 2614 om.
1282 2570 1352 2614 ed.
1476 2574 1502 2614 8
1546 2576 1596 2615 at
1628 2569 1671 2614 V
1713 2584 1767 2614 ac
1811 2569 1880 2612 ed.

195 2633 219 2671 9
252 2643 308 2673 ne
333 2629 373 2672 V
404 2635 456 2674 ut
486 2629 557 2673 ed.
653 2634 705 2672 17
739 2629 858 2685 quod
881 2628 923 2671 V
947 2629 1017 2672 ed.
1051 2634 1174 2685 qua?
1267 2633 1322 2673 18
1353 2630 1404 2674 id
1434 2635 1498 2674 est
1521 2628 1563 2673 V
1593 2631 1675 2674 hoe
1705 2643 1739 2673 e.
1773 2628 1843 2671 ed.
1873 2628 1878 2686 Ι

192 2689 324 2732 habet
353 2702 423 2732 res
455 2689 525 2732 ed.
620 2693 675 2732 24
705 2694 759 2732 ut
781 2687 822 2731 V
853 2689 931 2744 qui
962 2688 1032 2732 ed.
1127 2693 1181 2732 25
1213 2689 1433 2733 obruisset
1454 2687 1496 2731 V
1520 2689 1772 2733 obruissent
1794 2687 1882 2740 ed,

195 2747 274 2790 sed
300 2746 493 2791 obruere
516 2747 664 2791 hostis
687 2747 826 2790 funus
851 2747 900 2790 in
924 2746 1064 2790 Italos
1089 2761 1182 2790 non
1206 2747 1425 2801 cadebat,
1451 2761 1595 2803 quare
1619 2747 1884 2802 obriyuisset

194 2806 458 2861 emendavi,
503 2820 593 2862 quo
636 2807 834 2851 calentia
876 2805 1098 2861 explicari
1141 2808 1351 2863 apparet.
1484 2811 1540 2850 26
1579 2818 1792 2862 coryneos
1828 2804 1879 2848 V.

194 2869 249 2907 28
282 2867 507 2933 infliyenti
535 2879 686 2910 necem
708 2865 751 2908 V
780 2867 954 2909 temere
985 2866 1098 2908 mut.
1128 2865 1199 2909 ed.
1323 2869 1378 2908 29
1418 2865 1662 2910 adverterit
1692 2863 1733 2906 V
1766 2876 1877 2906 corr.

195 2923 264 2967 ed.
312 2924 315 2981 Ι
362 2925 414 2968 in
444 2938 608 2968 manus
639 2925 709 2969 ed.
740 2926 858 2980 post.
903 2924 908 2982 Ι
950 2925 1194 2979 pernitiose
1217 2923 1259 2967 V
1283 2924 1353 2969 ed.
1386 2925 1456 2968 -si
1485 2938 1567 2968 nos
1601 2922 1753 2976 cf.10‚
1780 2927 1878 2966 880.

196 2986 250 3025 30
274 2985 455 3038 primus
487 2997 573 3026 om.
601 2983 671 3027 ed.
