2050 3226
255 186 364 239 436
732 184 965 229 DONATI
993 185 1274 230 INTERPR.
1298 185 1479 230 VERG.

150 333 236 374 200
254 329 356 373 tum
395 325 531 374 litore
575 328 667 373 toto
714 325 931 373 ardentis
969 328 1186 384 spectant
1221 325 1410 373 socios:
1441 326 1673 388 perfectis
1717 326 1813 374 rite
1851 326 1946 374 sol·

253 399 498 448 lemnibus
530 399 732 448 stabant
763 400 1041 461 spectantes
1074 399 1232 446 socios
1267 415 1357 461 per
1387 414 1529 447 omne
1560 401 1680 448 litus
1714 400 1946 449 ardentis.

252 477 557 533 semustaque
594 477 793 521 servant
831 474 996 520 busta:
1040 472 1191 520 busta
1229 475 1348 522 sunt
1384 473 1494 522 loca
1531 473 1585 522 in
1625 473 1806 536 quibus
1845 473 1947 522 iam

253 563 463 611 corpora
501 548 741 596 arserunt.
795 546 956 608 primo
990 547 1122 594 enim
1152 562 1306 609 pyrae
1342 547 1574 596 dicuntur
1613 551 1663 595 et
1691 547 1823 612 rogi,
1860 547 1949 596 ubi

252 638 369 670 vero
419 623 667 682 arserunt,
714 620 862 668 busta
906 621 1204 669 vocitantur.
1266 622 1558 683 spectabant
1607 638 1747 686 erg0,
1794 622 1948 671 donec
2000 636 2020 669 5

251 698 472 745 semusta
508 696 601 743 hoc
641 696 716 743 est
749 710 849 742 non
887 695 1031 757 plene
1068 696 1184 743 usta
1214 695 1498 757 plenissime
1531 698 1947 747 consumerentur.

250 785 402 830 neque
448 769 592 818 avelli
629 772 859 828 possunt,
907 769 961 816 id
1007 770 1082 818 est
1124 768 1349 817 recedere
1394 769 1508 818 inde
1554 786 1652 819 non
1699 772 1946 833 poterant,

160 836 164 839 ’
251 844 405 893 donec
442 843 573 906 ignis
611 843 769 905 partis
810 843 1040 905 expleret.
1101 857 1199 891 nox
1226 844 1398 892 umida
1428 844 1576 892 donec
1611 845 1807 892 invertit
1843 859 1948 893 cae-

252 919 354 966 lum
397 917 548 966 stellis
602 917 886 965 ardentibus
932 920 1125 977 aptum:
1177 932 1333 980 usque
1385 933 1440 966 eo
1499 917 1724 966 ardentia
1769 920 1948 967 funera

251 993 623 1056 spectaverunt,
663 991 817 1039 donec
856 990 935 1039 die
975 993 1265 1053 consumpto
1305 1007 1412 1059 nox‘
1439 991 1646 1040 veniret.
1978 1007 2021 1039 ιο

368 1066 426 1114 N
423 1080 473 1114 ec
508 1067 674 1113 minus
723 1069 766 1112 et
808 1066 976 1113 miseri
1014 1066 1210 1113 diversa
1247 1066 1303 1112 in
1330 1058 1476 1126 parte
1514 1066 1716 1114 Latini:
1761 1065 1946 1128 ubique

249 1140 453 1189 miseros
494 1140 617 1188 dicit
654 1138 860 1188 Latinos
901 1140 951 1187 et
987 1139 1069 1188 hic
1107 1140 1187 1188 vel
1223 1140 1458 1202 maxime,
1503 1140 1739 1202 quoniam
1775 1155 1947 1188 eorum

251 1214 495 1263 curabant
532 1212 762 1277 exequias
795 1213 883 1276 qui
912 1213 966 1261 in
998 1213 1159 1262 aliena
1191 1229 1343 1262 causa
1376 1215 1662 1263 innocentes
1694 1214 1947 1277 perierant

248 1289 345 1352 ipsi
384 1304 582 1351 quoque
622 1287 852 1336 similiter
888 1288 1113 1350 perituri.
1175 1287 1370 1338 diversa
1407 1287 1460 1335 in
1498 1290 1664 1350 parte,
1711 1289 1765 1336 in
1802 1290 1945 1351 parte

249 1363 439 1412 scilicet
477 1364 732 1425 separata,
769 1363 1057 1410 innumeras
1091 1365 1309 1410 struxere
1335 1377 1516 1423 pyras:
1555 1362 1762 1410 dicendo
1800 1363 1945 1410 innu-
1977 1375 2018 1408 15

247 1452 408 1486 meras
434 1436 652 1486 ostendit
675 1451 758 1485 eos
781 1436 942 1484 multo
979 1436 1196 1484 maxima
1220 1435 1358 1484 clade
1383 1451 1488 1485 esse
1512 1451 1768 1500 percussos
1792 1453 1945 1499 quam

145 1517 231 1557 205
248 1512 446 1560 fuerant
471 1511 673 1559 alterius
694 1510 853 1573 partis
878 1509 1080 1559 adflicti.
1112 1513 1156 1558 et
1177 1525 1381 1570 corpora
1395 1511 1584 1571 partim
1607 1512 1762 1559 multa
1784 1512 1945 1559 virwm

247 1589 405 1634 terrae
442 1585 692 1645 infodiunt
728 1587 986 1644 avectaque
1016 1585 1205 1644 partim
1229 1585 1464 1644 finitimos
1501 1585 1673 1633 tollunt
1708 1586 1763 1632 in
1802 1599 1945 1646 ayros

246 1661 450 1719 urbique
487 1660 754 1715 remittunt,
784 1662 950 1708 cetera
989 1659 1310 1719 confusaeque
1347 1659 1585 1719 ingentem
1620 1659 1781 1707 caedis
1813 1673 1944 1707 acer-

247 1749 362 1783 vwm
408 1748 495 1782 nec
540 1747 741 1781 numero
786 1746 873 1781 nec
909 1733 1087 1780 honore
1126 1735 1362 1780 cremant:
1407 1735 1521 1780 tunc
1564 1733 1779 1793 undique
1815 1734 1944 1781 vasti
1974 1746 2017 1780 20

248 1809 465 1856 certatim
514 1808 694 1855 crebris
745 1807 992 1855 conlucent
1035 1807 1231 1867 iynibus
1279 1807 1411 1867 acri:
1463 1808 1682 1871 stragem
1728 1807 1787 1854 de
1833 1807 1942 1856 istis

248 1882 435 1930 factam
475 1897 626 1944 quam
650 1880 773 1930 'late
814 1880 1094 1943 descripsit!
1148 1881 1319 1942 posuit
1365 1881 1649 1930 innumeras
1688 1896 1839 1944 pyras
1879 1883 1942 1942 et,

249 1972 362 2005 cum
407 1971 507 2003 non
553 1957 723 2018 posset
766 1955 968 2003 flamma
1014 1954 1173 2003 omnis
1221 1970 1443 2016 exurere,
1496 1955 1705 2016 multos,
1757 1955 1941 2017 inquit,

248 2031 484 2093 congesta
508 2045 772 2093 corporum
804 2030 934 2078 mole
957 2030 1118 2077 terrae
1148 2029 1478 2091 mandabant,
1518 2029 1641 2077 alios
1673 2029 1943 2091 portabant

249 2104 313 2152 ad
364 2104 601 2151 finitimos
659 2119 827 2167 agros,
882 2103 1006 2152 alios
1062 2103 1127 2151 ad
1171 2102 1347 2151 urbem
1392 2103 1712 2151 dimittebant
1754 2102 1943 2151 imitati
1973 2115 2015 2151 2⁵

249 2178 526 2240 exemplum
564 2176 761 2225 Aeneae
799 2177 853 2225 in
891 2177 1137 2226 Pallantis
1190 2192 1355 2226 causa.
1434 2179 1622 2239 quanta
1659 2177 1760 2225 fuit
1798 2178 1941 2240 copia

247 2267 523 2314 corporum,
555 2253 615 2300 ut
643 2252 764 2299 haec
796 2252 933 2300 locus
965 2252 1094 2300 ferre
1124 2267 1222 2299 non
1251 2252 1439 2314 posset!
1480 2253 1680 2313 ceterOS,
1705 2253 1941 2313 quoniam

245 2325 394 2375 multi
415 2326 618 2373 fuerunt
640 2341 728 2373 nec
752 2325 890 2373 facili
914 2326 1169 2389 agnitione
1193 2325 1406 2374 discerni
1427 2326 1675 2388 poterant,
1691 2351 1763 2357 —
1781 2352 1852 2357 -—
1869 2352 1941 2358 ——-

245 2401 339 2450 hoc
384 2400 517 2449 facto
557 2399 689 2447 vasti
735 2400 844 2462 agri
890 2400 982 2447 hoc
1029 2402 1103 2447 est
1148 2399 1384 2448 latissimi
1428 2399 1648 2462 undique
1695 2399 1844 2461 atque
1883 2415 1941 2447 ex

367 2531 391 2570 3
423 2527 723 2582 semiustaque
754 2526 804 2568 at
834 2525 884 2568 in
915 2525 1106 2580 interpr.
1139 2531 1335 2570 semusta
1365 2524 1420 2568 V.
1542 2528 1567 2568 5
1606 2529 1828 2569 vocantur
1866 2525 1936 2568 ed.

249 2592 272 2629 7
305 2600 445 2642 neque
469 2585 511 2628 V
541 2599 622 2629 nec
653 2584 724 2628 ed.
777 2584 781 2643 Ι
831 2585 912 2628 hoc
950 2590 1014 2628 est
1052 2584 1123 2627 ed.
1246 2589 1302 2628 10
1341 2589 1688 2641 expectaverunt
1717 2583 1759 2627 V
1789 2598 1938 2628 serva-

246 2651 406 2690 verunt
445 2645 515 2689 ed.
638 2649 692 2688 12
724 2644 940 2700 quoniam
964 2643 1006 2686 V
1037 2658 1175 2699 quum
1207 2643 1277 2688 ed.
1409 2647 1463 2686 13
1499 2643 1725 2698 perierent
1756 2642 1798 2686 V
1829 2657 1938 2699 per-

246 2706 365 2749 irent
407 2704 477 2747 ed.
609 2708 664 2746 16
703 2703 907 2747 maxima
938 2701 980 2745 V
1014 2704 1182 2747 maiori
1220 2702 1306 2757 ed.‚
1347 2702 1428 2746 sed
1467 2701 1524 2745 cf.
1559 2706 1597 2755 6,
1625 2705 1723 2745 540.
1777 2701 1781 2759 Ι
1832 2715 1937 2757 per-

246 2777 398 2808 cussos
420 2763 462 2807 V
493 2763 676 2817 affectos
707 2762 777 2806 ed.
872 2766 926 2804 22
960 2762 1195 2806 describsit
1217 2761 1260 2806 V
1290 2761 1502 2806 describit
1525 2760 1595 2804 ed.
1682 2764 1736 2802 23
1770 2774 1871 2805 cum
1895 2760 1937 2803 V

247 2836 361 2878 quas
392 2822 463 2866 ed.
588 2826 643 2865 24
674 2834 863 2877 corpora
898 2819 968 2863 ed.
1003 2834 1115 2864 corr.
1149 2821 1219 2865 ed.
1253 2822 1372 2877 post.
1495 2824 1550 2862 25
1581 2819 1873 2864 demittebant
1893 2819 1937 2863 V

246 2895 351 2925 rem.
386 2881 503 2925 edF.
625 2885 679 2924 27
712 2885 943 2925 ceteros—
962 2883 1017 2922 28
1043 2885 1260 2935 poterant
1289 2879 1331 2923 V
1367 2881 1541 2923 temere
1579 2878 1804 2922 mutando
1844 2892 1937 2922 non

248 2939 431 2984 sanavit
463 2940 534 2983 ed.
558 2939 777 2983 lacunam
802 2937 947 2982 statui
970 2938 1138 2982 incerti
1162 2939 1325 2994 spatii,
1351 2951 1491 2994 quam
1516 2937 1582 2981 sic
1606 2937 1702 2980 fere
1727 2937 1933 2993 expleas:

243 3000 465 3055 promisce
497 3004 538 3044 et
567 3000 665 3043 sine
695 3000 860 3043 honore
890 3003 1213 3043 cremaverunt.
