2050 3226
793 156 1097 202 AENEIDos
1128 156 1191 200 1x
1731 159 1839 213 235

146 298 323 346 iuvant
358 298 529 346 ictum.
591 300 634 345 et
665 297 821 345 multa
851 300 1000 345 morte
1029 297 1206 357 recepit
1229 310 1536 356 purpureum
1544 314 1559 344 .·
1596 296 1683 345 ubi
1713 297 1842 346 vidit

146 372 397 420 hominem
434 371 584 434 plena
620 373 779 420 morte
812 371 1113 432 confectum,
1150 370 1406 420 revocavit
1436 370 1681 435 gladium,
1722 371 1841 433 quia

146 448 351 510 propter
399 446 612 494 aliorum
662 461 831 493 necem
879 445 1067 494 diutius
1117 445 1172 492 in
1224 445 1370 493 unius
1425 447 1584 493 morte
1636 444 1841 493 retineri

145 536 245 568 non
295 519 488 581 debuit,
543 535 689 582 quem
741 520 845 567 iam
895 518 1157 568 constabat
1205 520 1492 567 extinctum.
1576 520 1743 581 potest
1793 522 1842 567 et

95 608 115 642 5
139 608 446 655 purpuream
467 594 615 642 vomit
635 593 717 641 ille
740 594 984 642 animam:
1008 594 1246 657 quoniam
1269 592 1472 657 sanguis
1498 593 1602 642 eius
1628 593 1843 642 colorem

145 670 356 717 naturae
403 683 600 717 servare
646 684 746 716 non
792 667 982 730 potuit,
1027 668 1080 715 in
1125 667 1367 730 purpurei
1412 667 1591 716 coloris
1630 666 1844 730 speciem

145 741 469 804 fundebatur3
499 757 723 805 purpura
754 741 938 805 quippe
962 742 1106 806 nigra
1130 743 1207 791 est
1238 757 1351 790 cum
1382 741 1575 790 rubore.
1638 741 1842 806 sanguis

143 816 300 880 igitur
324 833 383 864 ex
398 815 504 865 vini
528 815 832 864 admixtione
857 818 1123 879 corruptus
1148 818 1198 864 et
1222 816 1375 865 colori
1399 831 1488 864 suo
1511 814 1844 878 respondebat

144 891 195 939 et
239 890 359 940 vini.
434 891 566 939 hunc
609 889 919 939 intellectum
964 893 1113 953 poeta
1157 892 1265 953 ipse
1319 889 1621 939 monstravit
1674 890 1842 938 dicens

72 979 115 1012 ιο
145 968 188 1012 et
244 979 353 1012 cwm
405 965 647 1026 sanquine
697 965 852 1013 mixta
904 966 1025 1013 viria
1080 965 1230 1024 refert
1280 966 1506 1013 moriens.
1598 967 1844 1028 quantum
1861 969 1946 1010 350

143 1040 336 1087 interea
374 1038 589 1087 bibitum
627 1038 747 1100 fuit,
797 1041 858 1088 ut
905 1039 1011 1088 vini
1061 1039 1367 1102 superfluens
1419 1038 1594 1087 modus
1646 1038 1843 1102 copiam

145 1112 455 1176 superaverit
486 1114 767 1177 sanguinis!
821 1114 899 1162 hie
942 1116 1074 1174 furto
1112 1114 1334 1174 fervidus
1370 1114 1544 1162 instat:
1582 1113 1662 1162 hic
1699 1115 1842 1162 tanto

144 1187 304 1251 magis
349 1187 659 1251 perficiendis
699 1187 933 1236 caedibus
973 1203 1176 1250 operam
1214 1187 1368 1236 dabat
1414 1189 1601 1250 quanto
1641 1187 1845 1237 videbat

145 1261 451 1310 occasionem
513 1261 843 1325 multiplicem
904 1262 1189 1326 suffragari,
1251 1264 1493 1326 tantoque
1553 1261 1844 1324 proficiebat

6 1352 8 1354 ·
71 1350 112 1382 15
143 1335 332 1384 furtiva
377 1335 589 1385 victoria
636 1337 825 1399 quanto
872 1336 1067 1384 animus
1114 1335 1212 1386 viri
1255 1336 1402 1384 fortis
1451 1336 1741 1399 rapiebatur
1779 1335 1840 1384 ad

144 1409 370 1474 gloriam.
446 1411 641 1470 iamque
679 1411 746 1459 ad
783 1411 1010 1470 Messapi
1048 1411 1201 1458 socios
1239 1411 1485 1459 tendebat:
1522 1410 1630 1473 ipse
1669 1413 1744 1458 est
1784 1411 1842 1459 de

144 1500 244 1547 quo
284 1499 435 1547 supra
473 1483 602 1533 dixit
640 1477 799 1552 (159)
847 1485 1073 1546 „interea
1111 1485 1324 1549 vigilum
1362 1484 1577 1533 excubiis
1619 1480 1842 1533 obsidere

143 1560 312 1621 portas
353 1573 471 1607 cura
509 1558 658 1608 datur
695 1557 972 1622 Messapo“.
1041 1559 1152 1607 vult
1190 1575 1307 1623 ergo
1346 1558 1603 1608 ostendere
1643 1559 1843 1622 qualem

141 1632 236 1682 iste
269 1633 479 1696 gesserit
509 1633 797 1697 vigiliarum
829 1633 926 1682 sibi
956 1634 1332 1682 commissarum
1364 1649 1557 1695 curam,
1580 1635 1639 1681 ut
1665 1633 1844 1697 probet

70 1722 113 1754 πο
142 1707 192 1754 in
241 1709 382 1770 parte
431 1707 734 1756 Rutulorum
784 1709 834 1756 et
881 1707 1040 1770 ipsius
1086 1709 1220 1772 regis
1267 1711 1316 1756 et
1363 1709 1545 1756 ducum
1591 1710 1642 1756 et
1685 1707 1842 1757 totius

142 1780 385 1830 exercitus
424 1797 669 1830 summam
707 1782 860 1831 fuisse
897 1781 1144 1830 inertiam.
1206 1783 1276 1831 ibi
1313 1783 1473 1844 iynem
1503 1781 1734 1844 [deficere
1765 1796 1841 1830 ex-

143 1854 399 1917 tremumJ:
444 1855 534 1918 ibi,
578 1856 765 1920 inquit,
805 1857 972 1905 videre
1011 1856 1174 1919 coepit
1211 1857 1378 1921 ignem
1415 1856 1469 1904 in
1507 1857 1726 1905 extrema
1763 1856 1842 1904 sui

144 1929 472 1991 deficientem,
520 1931 614 1979 hoc
664 1933 742 1980 est
788 1930 918 1994 ignis
970 1930 1194 1979 consumi
1243 1930 1506 1994 reliquias,
1558 1930 1693 1994 quod
1743 1930 1842 1978 fuit

144 2004 478 2052 dormientum
531 2006 581 2052 et
636 2005 1024 2053 temulentorum
1086 2006 1306 2070 signum3
1368 2005 1457 2053 ubi
1517 2005 1647 2053 enim
1708 2004 1839 2069 ignis

70 2091 112 2125 25
143 2078 363 2126 fomenta
415 2094 515 2127 non
577 2079 845 2143 sumpserit
907 2080 1218 2143 suggerentis
1271 2079 1542 2141 industria,
1605 2079 1840 2128 continuo

142 2151 422 2216 languescit
452 2155 502 2201 et
532 2154 674 2215 perit.
737 2157 781 2202 et
807 2154 1036 2214 reliyatos
1066 2154 1157 2202 rite
1187 2154 1382 2202 videbat
1412 2167 1609 2214 carpere
1636 2168 1840 2215 yrameri

143 2240 310 2285 equos:
359 2228 409 2275 et
455 2227 570 2289 equi
616 2227 843 2276 omnibus
889 2227 1032 2276 liberi
1081 2228 1289 2276 nexibus
1339 2244 1440 2276 non
1486 2230 1709 2276 errarent
1753 2244 1841 2291 per

142 2300 391 2364 gramina,
423 2302 466 2349 si
490 2303 688 2363 praesto
714 2303 843 2350 esset
866 2302 956 2364 qui
979 2301 1268 2351 alimoniam
1293 2318 1351 2350 ex
1381 2318 1516 2351 more
1540 2304 1839 2366 suggereret.

145 2376 348 2423 breviter
397 2390 506 2423 eum
550 2376 674 2424 talia
717 2376 875 2424 Nisus
920 2375 1093 2436 (sensit
1137 2378 1264 2424 enim
1309 2377 1467 2425 nimia
1513 2377 1656 2425 caede
1701 2379 1841 2435 atque

70 2464 113 2496 30
144 2449 368 2509 cupidine
405 2450 572 2510 ferri).·
611 2449 737 2498 dixit
775 2451 964 2498 factum
1004 2452 1054 2498 et
1093 2450 1242 2499 simul
1282 2466 1483 2499 causam
1522 2450 1644 2500 facti
1681 2451 1839 2512 ipsius

265 2624 288 2663 1
315 2635 602 2678 purpureum
632 2621 867 2665 lemmatis
899 2621 1004 2665 finis
1027 2621 1078 2665 in
1101 2621 1143 2664 V
1169 2635 1453 2678 purpuream
1476 2622 1614 2665 vomit
1637 2621 1712 2664 ille
1736 2621 1839 2664 aui-

144 2694 264 2723 mam
288 2681 390 2723 edF
422 2680 581 2737 inepte
613 2682 805 2737 propter
832 2681 1089 2735 sequentia.
1182 2686 1209 2724 4
1233 2687 1383 2737 potest
1413 2686 1454 2724 et
1476 2680 1518 2723 V
1548 2682 1614 2724 sic
1644 2681 1842 2736 intelliyi

145 2738 252 2781 add.
286 2739 359 2783 ed.
481 2745 506 2784 5
539 2754 825 2796 purpuream
863 2754 956 2783 non
994 2754 1078 2795 pro
1117 2739 1352 2784 lemmatis
1391 2741 1524 2794 parte
1564 2739 1752 2794 scripsit
1781 2738 1837 2782 V.

146 2802 170 2840 7
198 2811 415 2854 purpura
437 2798 479 2841 V
512 2813 620 2844 -rea
650 2799 721 2844 ed.
828 2804 880 2843 11
913 2805 967 2844 ut
987 2798 1030 2842 V
1061 2801 1104 2844 si
1133 2799 1249 2843 edF.
1354 2803 1405 2842 12
1439 2803 1734 2855 superaverat
1766 2798 1836 2843 ed.

147 2861 201 2900 13
228 2859 559 2914 perspiciendis
580 2858 622 2902 V
645 2859 778 2915 perf·
813 2858 884 2902 ed.
990 2863 1044 2902 14
1073 2859 1336 2914 perficiebat
1357 2857 1399 2901 V
1422 2857 1492 2900 ed.
1594 2861 1650 2900 20
1682 2862 1724 2902 et
1754 2858 1838 2901 du-

145 2929 246 2960 eum
281 2915 350 3019 VV
364 2922 406 2962 et
447 2931 534 2961 om.
577 2918 647 2962 ed.
783 2923 835 2961 21
886 2917 1069 2973 deficere
1115 2923 1358 2962 extremum
1406 2931 1494 2960 om.
1535 2915 1577 2959 V
1617 2916 1723 2959 add.
1765 2917 1836 2961 ed.

147 2979 201 3017 22
233 2976 286 3019 iu
381 2981 433 3020 ut
463 2976 534 3020 ed.
