2050 3226
130 1417 216 1457 490

232 157 342 210 354
704 153 937 199 DONATI
965 153 1247 198 INTERPR.
1271 154 1450 199 VERG.

232 294 405 343 evictis
444 294 670 343 omnibus
708 295 882 358 ingens
921 295 1094 356 pectus
1125 294 1272 342 hasta
1303 295 1505 344 veniens
1536 293 1785 358 patefecit.
1840 295 1921 343 ille

230 369 364 428 rapit
401 369 614 417 calidam
650 369 842 429 frastra
879 368 938 415 de
974 367 1172 415 vnlnere
1210 367 1376 425 telum,
1415 383 1521 417 una
1551 369 1809 428 eademwe
1837 369 1922 417 via

230 443 435 503 sanquis
488 444 775 502 animasque
826 444 1076 490 secantur:
1137 441 1423 490 existimans
1484 442 1652 492 Pallas
1714 457 1765 491 se
1827 442 1923 491 sibi

233 516 419 565 auxilio
475 517 580 565 fore
635 515 805 578 rapuit
849 515 1058 562 infixum
1105 515 1263 563 telum
1308 515 1502 578 corpori
1547 532 1637 565 suo
1683 517 1824 566 ratus
1868 516 1923 564 id

231 592 397 654 ipsum
446 591 602 639 saluti
650 589 937 638 retinendae
983 589 1324 652 profuturum,
1374 590 1460 639 sed
1508 590 1560 638 id
1609 592 1798 639 factum
1847 593 1924 638 est

231 665 438 726 frustra3
476 681 594 712 nam
631 663 819 712 educto·
845 664 947 712 telo
985 679 1100 712 mox
1139 664 1306 712 anima
1343 672 1459 713 'cum
1496 664 1736 729 sanguine
1767 664 1923 713 effusa.

233 740 321 787 est.
385 739 573 786 conruit
608 738 664 786 in
707 738 912 786 valnas:
949 753 1050 785 non
1087 738 1340 786 revolutus
1371 740 1448 787 est
1476 740 1714 800 moriens,
1753 739 1840 787 sed
1869 739 1923 786 in

233 811 411 861 faciem
461 811 690 860 concidit.
775 812 988 859 sonitum
1036 826 1183 871 saper
1232 826 1375 860 arma
1427 813 1621 861 dedere:
1674 828 1787 861 cum
1837 813 1923 861 ille

159 901 163 903 ·
233 888 512 948 conrueret,
566 901 666 934 non
716 886 877 934 solum
929 884 1101 934 eadem
1154 901 1332 948 corpus
1387 887 1490 935 eius
1543 902 1718 935 verum
1771 886 1924 935 etiam

233 963 430 1010 scutum
468 960 737 1008 maximum
774 969 952 1008 sonum
982 959 1132 1008 dedit.
1186 963 1230 1007 et
1258 963 1439 1008 terram
1467 960 1684 1008 hostilem
1712 962 1923 1009 moriens

223 1035 347 1094 petil
383 1048 463 1082 ore
502 1038 719 1082 cruento:
757 1049 866 1082 ecce
903 1033 991 1081 ubi
1029 1034 1251 1096 apertius
1291 1034 1658 1083 demonstratus
1698 1036 1774 1083 est
1804 1036 1923 1097 quia

231 1109 285 1156 in
316 1108 495 1157 faciem
526 1108 756 1157 concidit.
812 1107 999 1157 occisus
1031 1110 1161 1156 enim
1192 1107 1448 1170 premebat
1469 1108 1702 1157 hostilem
1725 1110 1923 1170 terram,

233 1198 383 1245 quam
421 1182 812 1245 persequebatur
848 1181 1125 1231 incolumis.
1193 1185 1395 1231 cruento
1435 1198 1540 1244 ore,
1577 1182 1765 1244 inquit,
1805 1183 1924 1245 quia

231 1257 578 1320 unusquisque
616 1257 818 1306 vulnere
855 1256 997 1305 letali
1034 1272 1293 1319 percussus
1334 1257 1487 1305 etiam
1520 1272 1609 1319 per
1639 1272 1692 1306 os
1724 1257 1923 1320 sangui-

234 1348 349 1378 nem
386 1330 566 1379 fundit.

356 1404 507 1466 Quem
554 1405 755 1453 Turnus
803 1418 950 1464 super
999 1404 1263 1461 adsistenS,
1317 1405 1410 1453 hoc-
1453 1407 1528 1453 est
1578 1420 1727 1468 super
1775 1420 1924 1467 quem

233 1479 428 1527 Turnus
485 1478 748 1540 adsistenS,
805 1477 1047 1534 AreadeS,
1103 1479 1239 1535 haee,
1294 1479 1470 1539 inquil,
1527 1493 1759 1527 memores
1815 1493 1924 1527 mea

233 1554 363 1602 dieta
414 1555 587 1613 referte
638 1552 906 1601 Euandro:
963 1552 1154 1612 qualem
1204 1553 1380 1600 meruit
1430 1553 1665 1601 Pallanta
1715 1553 1926 1601 remitto:

232 1627 481 1676 insultans
533 1627 729 1675 Turnus
781 1628 831 1673 et
879 1626 1119 1675 victoriae
1170 1641 1401 1675 successu
1454 1626 1712 1688 superbior
1762 1627 1924 1675 factus

233 1704 420 1759 tenete,
465 1700 653 1764 inquit,
701 1700 943 1762 Arcades,
989 1701 1229 1749 memoria
1273 1696 1438 1749 verba
1477 1716 1589 1748 mea
1638 1702 1688 1749 et
1732 1702 1926 1749 retenta

235 1777 299 1823 ad
349 1774 641 1823 Euandrum
690 1775 838 1823 ferte:
886 1789 1062 1824 revoco
1114 1775 1159 1822 ei
1206 1774 1368 1822 filium
1407 1790 1550 1823 suum
1588 1791 1688 1823 non
1727 1775 1926 1837 qualem

236 1851 452 1911 optavit,
492 1849 577 1898 sed
617 1850 818 1910 qualem
855 1849 1051 1896 meruit.
1120 1849 1338 1910 quisquis
1374 1849 1524 1897 honos
1562 1849 1756 1906 tumuli,
1798 1850 1926 1909 quie-

235 1925 352 1983 quid
382 1924 598 1971 solamen
627 1923 866 1972 humandi
889 1926 958 1971 est
980 1923 1187 1983 laryior:
1216 1923 1323 1970 fieri
1352 1939 1453 1971 non
1483 1923 1651 1986 potuit
1681 1925 1739 1971 ut
1767 1923 1926 1972 hostis

236 2000 287 2045 et
326 1997 559 2045 Euandro
614 1999 664 2044 et
707 1996 930 2045 Pallanti
980 1996 1204 2045 infensus
1259 2012 1349 2059 pro
1399 1997 1677 2046 malefactis
1727 1997 1925 2046 benivo-

236 2071 443 2119 lentiam
494 2070 742 2130 redderet‚
796 2071 928 2119 unde
983 2071 1072 2119 sub
1125 2070 1343 2135 imagine
1402 2070 1753 2132 humanitatis,
1807 2071 1926 2118 dum

237 2147 413 2207 sponte
451 2146 586 2207 patri
623 2145 787 2194 reddit
819 2145 1058 2207 occisum,
1098 2146 1251 2193 etiam
1281 2146 1471 2208 patrias
1502 2160 1686 2207 poenas
1720 2147 1928 2193 conatur

237 2219 444 2283 exigere.
531 2235 681 2280 supra
732 2220 863 2267 enim
912 2219 1163 2282 professus
1214 2221 1290 2268 est
1331 2218 1455 2281 quid
1504 2219 1660 2267 animi
1711 2221 1926 2282 gereret3

237 2310 355 2341 nam
394 2293 519 2341 dixit
558 2293 731 2354 „solus
770 2310 861 2357 ego
900 2293 953 2340 in
991 2293 1226 2342 Pallanta
1264 2293 1417 2354 feror,
1464 2294 1559 2341 soli
1596 2293 1721 2340 mihi
1758 2292 1926 2341 Pallas

238 2367 463 2427 debetur,
514 2383 743 2429 cuperem
791 2369 896 2429 ipse
947 2383 1126 2430 parens
1180 2369 1431 2430 spectator
1469 2365 1715 2415 adesset“.
1793 2366 1927 2429 quod

357 2498 381 2536 2
415 2494 591 2538 alidum
620 2493 717 2536 VR.
767 2493 771 2551 Ι
822 2494 875 2538 de
915 2508 1000 2538 om.
1035 2493 1089 2538 V.
1214 2498 1239 2536 3
1269 2494 1543 2550 sanquisque
1573 2493 1644 2537 ed.
1693 2492 1698 2549 Ι
1748 2493 1927 2537 anima-

238 2567 320 2609 que
343 2553 439 2596 VR.
487 2552 492 2611 Ι
543 2554 845 2597 exaestimans
868 2552 965 2596 VR.
1068 2558 1095 2596 4
1127 2566 1310 2608 corpore
1342 2552 1413 2596 ed.
1515 2556 1538 2595 7
1571 2553 1623 2595 in
1653 2553 1820 2596 vulnus
1842 2551 1926 2594 VR·

238 2614 290 2656 in
330 2613 482 2656 vultus
524 2611 616 2655 ed:
660 2611 748 2655 hoe
791 2611 906 2656 Don.
948 2611 1117 2669 legisse
1156 2611 1541 2668 interpretatione
1580 2625 1674 2654 non
1712 2610 1925 2664 efficitur,

240 2671 350 2726 quia
388 2670 553 2714 vulnus
597 2670 839 2714 adversum
882 2670 985 2715 fuit.
1108 2675 1133 2714 9
1173 2671 1327 2715 eadem
1357 2670 1441 2713 VR
1479 2669 1567 2713 cdl
1604 2670 1771 2714 cadens
1802 2670 1924 2713 edF:

239 2731 394 2774 eadem
424 2731 531 2784 post
559 2735 736 2774 scutum
768 2732 1002 2785 expectes,
1029 2730 1294 2774 emendatio
1318 2728 1453 2772 Fabr.
1480 2729 1732 2773 admodum
1755 2728 1924 2784 placet.

243 2795 294 2832 11
339 2789 669 2833 demonstratus
702 2788 786 2831 VR
829 2789 900 2832 ed.
946 2794 1100 2833 -tum‘?
1237 2793 1289 2831 13
1337 2789 1795 2844 quam—incolumis
1839 2789 1925 2843 (in-

240 2849 431 2892 columes
455 2847 555 2904 VR)
589 2862 676 2891 om.
703 2847 774 2891 ed.
899 2852 951 2890 14
983 2849 1252 2903 sanquinem
1283 2861 1369 2891 om.
1396 2847 1449 2890 R.
1573 2852 1625 2890 21
1658 2860 1812 2892 revoco
1843 2846 1926 2889 VR

239 2908 414 2951 remitto
458 2907 527 2950 cd.
582 2918 584 2963 ς
635 2907 811 2962 qualem
849 2909 1022 2962 optavit
1051 2907 1135 2950 VR
1174 2921 1246 2963 qu.
1278 2907 1374 2962 ipse
1408 2919 1447 2950 ο.
1480 2905 1550 2949 ed.
1673 2910 1728 2949 22
1771 2906 1925 2950 hones-

241 2967 406 3010 tumuli
429 2965 525 3010 VR.
649 2970 703 3008 28
735 2966 862 3019 ferar
894 2968 1052 3022 (supra
1084 2970 1168 3009 442
1200 2967 1337 3021 feror)
1363 2964 1458 3008 VR.

1956 975 1998 1008 10

1957 1344 1998 1376 15

1957 1715 2012 1748 20

1957 2083 2014 2119 25.
