2050 3226
39 994 83 1027 10

42 1364 85 1397 15

44 1739 88 1772 20

47 2110 89 2142 25

50 2479 93 2511 30

749 138 1055 215 AENEIDos
1085 169 1171 213 ΧΠ
1697 174 1806 228 575

111 312 400 378 praesentiS,
426 312 645 373 Terram,
668 311 721 360 in
754 327 854 374 qua
885 310 1068 372 stabat,
1091 312 1143 359 et
1172 309 1411 359 orientem
1436 308 1613 359 Solem.
1661 326 1809 371 quam

104 390 318 449 propter,
350 387 444 435 hoc
475 388 551 435 est
580 387 785 449 propter
815 401 983 449 quam,
1015 387 1173 433 tantos
1196 384 1338 445 potui
1359 387 1582 444 perferre
1606 386 1807 442 labores,

113 465 157 510 et
187 464 331 522 pater
374 462 674 521 omnipotens
718 463 760 508 et
797 463 870 516 tu,
917 458 1157 507 Saturnia
1201 458 1433 515 coniunx,
1479 459 1583 508 iam
1626 461 1808 516 melior,

111 537 229 592 iam,
255 536 385 592 diva,
405 549 601 596 precor.-
631 535 683 582 in
716 535 882 582 animo
921 533 1100 582 habuit
1129 534 1396 596 praecepta.
1424 532 1605 582 Heleni
1632 534 1811 596 quibus

114 610 241 658 dixit
264 602 339 676 (3,
357 609 425 657 43
435 603 488 677 7)
521 609 758 671 „Iunonis
789 623 1001 673 magnae
1028 607 1247 671 primum
1269 622 1412 670 prece
1434 623 1620 655 numen
1644 608 1812 669 adora,

112 683 296 732 Iunoni
335 699 455 732 cane
494 686 614 732 vota
651 683 809 732 libens
842 683 1206 744 dominamque
1222 682 1477 745 potentem
1506 682 1813 746 supplicibus

114 772 294 822 supera
333 758 464 807 votis
473 756 515 805 “.
593 758 668 806 ait
705 772 823 822 ergo
860 756 963 806 iam
1001 756 1198 805 melior:
1248 771 1347 804 non
1385 757 1462 805 est
1502 756 1679 805 melior
1716 756 1815 806 nisi

114 832 203 896 qui
225 832 384 896 primo
409 832 562 880 fuerit
583 832 764 881 bonus:
797 831 931 895 quod
959 830 1118 895 igitur
1147 846 1341 893 semper
1362 830 1549 878 malam
1570 831 1815 880 Iunonem

114 906 271 956 sensit
285 921 374 955 nec
392 906 661 969 aliquando
677 906 858 954 habuit
872 905 1069 966 bonam,
1083 905 1331 967 quomodo
1349 903 1474 953 dixit
1487 904 1591 954 iam
1606 904 1815 954 melior?

115 981 356 1030 satiatum
393 979 558 1029 voluit
596 996 700 1030 esse
732 979 867 1043 quod
897 979 1103 1043 petebat
1136 995 1227 1027 nec
1257 979 1417 1028 voluit
1447 978 1608 1028 dicere
1639 979 1815 1028 exhibe

113 1057 163 1104 te
194 1055 337 1103 nobis
369 1071 427 1103 ex
458 1055 592 1103 mala
622 1054 827 1116 bonam,
866 1053 951 1103 sed
982 1054 1137 1102 talem
1169 1053 1334 1117 qualis
1365 1055 1507 1116 potes
1539 1069 1672 1116 esse,
1705 1070 1816 1102 cum

114 1129 215 1177 iam
246 1129 378 1178 bona
415 1129 670 1178 meliorem
709 1131 759 1178 te
791 1128 1048 1177 ostendere
1084 1128 1301 1177 volueris
1333 1130 1383 1176 et
1412 1127 1636 1191 probare.
1698 1129 1816 1190 iam,

116 1203 253 1265 diva,
307 1219 502 1267 precor,
553 1204 706 1252 talem
754 1205 805 1252 te
851 1202 1082 1251 exhibeas
1121 1204 1260 1265 pete,
1311 1202 1511 1264 qualem
1558 1217 1663 1251 esse
1703 1218 1815 1251 con-

115 1278 254 1326 venit
285 1277 451 1339 deam,
490 1280 548 1326 ut
586 1277 653 1326 sit
683 1277 962 1326 misericors
996 1278 1046 1325 et
1079 1275 1207 1324 nulli
1237 1277 1498 1325 contraria.
1550 1277 1654 1325 iam
1685 1276 1817 1340 quod

117 1352 265 1413 dixit,
301 1352 431 1400 hunc
462 1351 661 1400 videtur
689 1352 869 1400 habere
901 1351 1231 1400 intellectum:
1270 1350 1416 1399 debes
1446 1350 1548 1399 iam
1580 1366 1680 1400 non
1712 1367 1816 1401 esse

117 1442 142 1474 e
166 1425 362 1475 diverso
384 1426 504 1488 quia
523 1428 748 1474 tenemus
765 1426 984 1474 Italiam.
1023 1429 1180 1485 tuque,
1204 1425 1382 1473 inclute
1397 1426 1621 1482 Mavors,
1646 1429 1819 1474 cuncta
1836 1433 1920 1475 180

117 1504 196 1548 tuo
228 1500 312 1561 qui
343 1500 488 1557 bella,
518 1504 672 1561 pater,
706 1501 796 1548 sub
826 1500 1027 1548 numine
1057 1502 1270 1560 torques:
1307 1515 1396 1547 nec
1426 1498 1571 1547 illum
1599 1501 1817 1562 praeter·

118 1574 257 1623 misit
295 1589 441 1636 quem
472 1577 676 1638 propter
704 1577 1017 1637 praesentem
1055 1574 1401 1622 necessitatem
1431 1573 1603 1622 debuit
1637 1574 1819 1623 habere

118 1649 394 1711 propitium
433 1651 484 1697 et
523 1649 659 1711 quod
698 1665 841 1697 omne
879 1648 1123 1698 bellorum
1162 1663 1317 1711 genus
1355 1647 1561 1696 haberet
1596 1648 1650 1696 in
1680 1650 1819 1712 pote-

118 1724 262 1771 state.
316 1723 582 1782 Fontisque
608 1723 907 1784 deviosque
937 1737 1074 1771 voco:
1105 1738 1222 1771 usus
1255 1724 1332 1770 est
1361 1721 1546 1784 quippe
1576 1722 1677 1784 his,
1709 1738 1819 1771 cum

117 1796 292 1846 relicto
330 1797 459 1845 mari
498 1797 778 1847 deflexisset
817 1797 880 1846 ad
919 1797 1157 1857 Tiberim,
1205 1812 1326 1844 usus
1372 1797 1548 1857 etiam,
1598 1812 1710 1845 cum
1757 1795 1820 1845 ad

118 1870 407 1919 Euandrum
454 1873 695 1936 pergeret.
772 1885 987 1932 quaeque
1025 1871 1230 1919 aetheris
1275 1871 1363 1919 alti
1411 1871 1578 1931 reliyio
1618 1874 1662 1919 et
1698 1885 1821 1931 quae

120 1945 338 1993 caeruleo
362 1949 478 1992 sunt
499 1948 708 1994 nwmina
724 1949 899 2007 ponto:
929 1947 1058 1994 recte
1090 1945 1391 2007 interposuit
1420 1945 1820 2009 generalitatem3

121 2019 376 2082 amplexus
417 2021 492 2068 est
523 2021 708 2084 quippe
746 2019 799 2067 in
831 2036 890 2068 ea
922 2019 1080 2068 omnis
1120 2019 1407 2083 religiones,
1444 2036 1506 2067 ne
1550 2036 1700 2082 quam
1738 2035 1820 2067 ne-

121 2094 252 2141 scius
293 2093 601 2155 praeteriret.
677 2095 802 2142 caeli
839 2094 997 2158 igitur
1035 2093 1172 2155 deos,
1218 2094 1380 2142 terrae
1420 2108 1479 2142 ac
1523 2093 1674 2142 maris
1721 2110 1822 2143 una

123 2167 468 2230 deprecatione
508 2169 741 2217 conexuit
778 2184 868 2216 nec
900 2169 1070 2216 omisit
1101 2167 1323 2231 aliquem
1353 2167 1444 2230 qui
1475 2169 1694 2216 omnium
1724 2168 1823 2216 fuit

123 2241 333 2290 antistes
373 2244 423 2290 et
461 2243 632 2291 cultor.
687 2242 868 2305 incipit
904 2242 1006 2290 iam
1046 2242 1206 2290 dicere
1245 2242 1557 2291 condiciones
1596 2242 1821 2303 foederis,

123 2331 246 2379 quas
286 2316 416 2363 nulli
454 2316 531 2365 fas
578 2319 707 2365 esset
752 2316 941 2365 violare
984 2317 1065 2365 vel
1103 2315 1313 2373 solvere,
1370 2318 1563 2365 cesserit
1599 2315 1821 2364 Ausonio

122 2391 166 2437 si
195 2390 301 2450 fors
331 2391 532 2439 victoria
567 2391 755 2447 Turne,
797 2391 1015 2438 convenit
1042 2390 1278 2439 Euandri
1307 2391 1454 2439 victos
1485 2390 1726 2438 discedere
1756 2390 1824 2438 ad

121 2465 304 2520 urbem,
331 2464 457 2512 cedet
480 2464 627 2512 Iulus
650 2465 785 2526 ayris
807 2478 894 2512 nee
916 2468 1030 2524 post
1052 2479 1195 2513 arma
1216 2465 1323 2513 ulla
1345 2465 1541 2513 rebelles
1559 2463 1823 2512 Aeneadae
1841 2472 1924 2512 185

122 2539 333 2598 referent
346 2540 536 2597 ferrove
551 2539 668 2587 haec
682 2553 835 2599 regma
851 2538 1106 2587 lacessent:
1127 2538 1298 2601 posuit
1320 2539 1481 2602 primo
1506 2554 1604 2587 non
1629 2540 1823 2600 partem

125 2612 305 2672 Turni,
345 2611 430 2660 sed
463 2612 596 2675 quod
635 2627 750 2661 suos
792 2628 987 2661 servare
1027 2615 1332 2678 congrueret.
1388 2613 1473 2675 qui
1512 2612 1643 2660 enim
1681 2613 1824 2675 paria

245 2758 272 2797 2
314 2755 615 2809 hoc—quam
659 2767 747 2797 om.
786 2753 857 2798 ed.
991 2759 1017 2798 5
1059 2768 1222 2799 nomen
1257 2753 1299 2796 V
1342 2754 1405 2810 (in
1442 2753 1583 2805 tertio
1622 2755 1821 2808 numen).

40 2862 43 2863 ⁷
128 2816 153 2855 8
186 2813 306 2868 quod
335 2814 506 2857 dicitur
528 2812 571 2856 V
594 2812 666 2856 ed.
691 2826 764 2869 qu.
789 2813 933 2870 ἐρίων
962 2827 1046 2857 nos
1077 2815 1131 2856 ut
1164 2817 1233 2866 10,
1260 2816 1359 2856 120.
1462 2816 1517 2855 10
1550 2813 1743 2857 exhibite
1766 2811 1821 2856 V.

129 2876 183 2914 11
208 2873 344 2917 talem
368 2886 456 2916 om.
476 2872 548 2916 ed.
629 2876 683 2915 15
708 2885 798 2916 esse
821 2872 996 2918 diverso
1011 2872 1054 2915 V
1077 2886 1167 2917 esse
1190 2872 1384 2916 adversa
1408 2871 1479 2915 ed.
1504 2885 1594 2916 esse
1610 2885 1631 2915 e
1648 2872 1824 2916 diverso

128 2943 212 2973 nos
244 2931 317 2987 (cf.
348 2933 463 2986 230).
559 2935 612 2974 17
645 2932 828 2976 ‘nomine
854 2930 910 2975 V.
1003 2936 1058 2975 19
1091 2932 1210 2987 quod
1233 2930 1275 2973 V
1305 2932 1385 2987 qui
1416 2930 1487 2974 ed.
1535 2932 1539 2988 Ι
1591 2931 1752 2975 habere
1782 2930 1824 2972 V

130 3002 242 3032 corr.
263 2990 334 3034 ed.
406 2995 459 3034 32
484 2990 562 3034 sed
585 2990 705 3046 quod
727 3004 833 3035 suos
854 3004 1033 3036 servare
1056 2995 1317 3048 conyrueret
1332 2989 1373 3033 V
1391 2990 1461 3034 ed.
1481 2991 1594 3034 mut.
1613 2990 1682 3033 ed.
1703 2992 1821 3045 post.
