2050 3226
199 195 309 248 440
675 191 908 237 DONATI
937 191 1218 238 INTERPR.
1243 192 1422 237 VERG.

201 332 263 381 ab
301 332 422 380 urbe
460 333 617 397 legati
660 347 900 396 responsa
940 333 1131 380 ferunt:
1179 331 1301 394 quid
1345 334 1452 381 tam
1495 332 1893 381 infelicissimum

201 423 354 469 quam
393 406 454 455 ab
494 423 551 456 eo
591 409 641 455 et
671 423 731 454 ex
761 422 820 455 ea
849 407 970 454 urbe
1014 407 1330 468 expectatum
1368 406 1554 469 perisse
1587 405 1894 470 praesidium

200 481 329 529 unde
366 481 515 544 plena
551 481 733 530 fiducia
771 480 1065 543 sperabatur
1102 494 1207 529 esse
1244 480 1541 529 venturum?
1585 483 1738 545 negat
1773 480 1892 529 Dio·

199 555 363 603 medes
403 555 667 616 auxilium,
705 556 846 603 vetus
887 556 938 602 et
975 553 1206 616 pertinax
1235 553 1438 603 Troiani
1475 554 1689 604 nominis
1727 553 1893 603 inimi·

199 644 306 691 cus,
345 631 498 692 negat
526 644 709 693 magna
739 629 898 676 fultus
931 628 1189 691 opulentia
1219 628 1521 692 veniuntque
1547 629 1892 678 laborantibus

199 706 248 751 et
285 703 337 751 in
368 705 511 751 tanto
542 703 765 750 tumultu
796 702 1078 750 constitutis
1109 717 1200 764 pro
1232 718 1482 751 armorum
1513 703 1712 752 auxiliis
1742 702 1895 752 verba

199 779 251 825 et
286 778 472 840 legatio
510 776 740 825 inefficax
770 776 901 824 redit
929 775 1050 824 belli
1072 777 1293 839 tempore
1325 792 1425 825 non
1454 777 1588 826 viros
1628 778 1893 839 adducens,

155 841 159 844 ³
199 851 285 900 sed
315 851 478 899 inanis
509 850 707 899 fabulas
737 851 958 913 portans,
988 851 1149 898 tristis
1176 852 1447 913 praeterea,
1470 853 1528 898 ut
1558 852 1709 899 etiam
1737 851 1894 900 tacita

199 925 319 988 quid
365 925 484 972 mali
523 926 676 972 ferret
722 924 977 975 evidenter
1020 925 1192 973 vultus
1240 926 1321 973 sui
1363 926 1647 974 testimonio
1695 925 1892 974 demon-

198 1001 391 1047 straret.
453 997 606 1060 [nihil
642 1000 866 1047 omnibus
911 1002 1072 1047 actwm
1109 1001 1355 1046 tantorwm
1394 999 1614 1059 inpensis
1651 998 1892 1061 operumJ,

197 1074 269 1120 nil
307 1073 437 1121 dona
467 1087 555 1120 nec
586 1088 765 1121 aurusm
795 1087 882 1121 nec
910 1087 1120 1133 maynas
1149 1073 1364 1121 vamissc
1388 1087 1579 1133 preces:
1614 1073 1895 1122 referebant

197 1147 352 1210 legati
391 1148 559 1195 omnia
598 1163 724 1210 quae
754 1148 1066 1195 humanitate
1105 1148 1186 1195 vel
1217 1146 1472 1196 commodo
1503 1147 1699 1195 flectere
1735 1148 1893 1195 homi-

196 1237 283 1270 nes
338 1221 488 1269 solita
548 1223 713 1269 essent
773 1237 877 1269 esse
938 1223 1246 1284 contempta,
1298 1222 1515 1284 primum
1561 1221 1713 1283 dona,
1763 1237 1893 1284 quae

196 1295 429 1343 meritum
470 1310 733 1358 procurare
773 1295 1058 1343 debuissent
1096 1297 1147 1343 et
1185 1295 1433 1344 offerentis
1473 1297 1641 1358 gratos
1687 1295 1894 1358 efficere,

198 1369 373 1418 dehinc
406 1386 606 1431 aurum,
646 1370 782 1432 quod
811 1369 1085 1417 humanum
1111 1369 1370 1434 ingenium
1401 1370 1553 1418 etiam
1576 1370 1718 1418 nulla
1740 1370 1893 1418 inter-

197 1445 424 1493 veniente
466 1445 568 1492 odii
618 1452 770 1492 causa
808 1459 954 1506 saepe
992 1443 1288 1492 transducit.
1363 1445 1467 1492 vim
1506 1444 1628 1492 dicti
1664 1443 1810 1492 huius
1850 1445 1894 1492 si

198 1519 310 1580 quis
349 1518 485 1566 volet
523 1517 800 1579 advertere,
851 1518 1127 1567 consideret
1162 1518 1357 1566 hostem
1394 1519 1611 1566 veterem
1649 1533 1748 1566 non
1787 1533 1892 1566 esse

195 1594 477 1655 permotum
520 1592 650 1640 unde
697 1591 918 1654 corrupti
963 1608 1113 1654 quam
1151 1591 1358 1654 plurimi
1394 1592 1584 1653 patrias
1625 1607 1740 1640 suas
1781 1608 1892 1640 cum

198 1666 387 1714 civibus
437 1665 787 1727 vendiderunt,
836 1665 967 1714 unde
1012 1666 1131 1715 fides
1180 1666 1427 1714 castitatis
1479 1666 1714 1729 abrupta,
1759 1666 1892 1714 unde

198 1741 364 1788 soluta
406 1740 650 1801 amicitia,
699 1740 831 1788 unde
877 1740 1149 1789 adfinitatis
1195 1740 1309 1787 iura
1354 1739 1566 1801 violata,
1611 1739 1743 1787 unde
1781 1756 1894 1803 pro-

199 1815 306 1862 dita
343 1814 575 1877 imperia,
613 1815 723 1876 ipso
762 1815 815 1862 in
852 1815 1080 1877 plurimis
1119 1816 1429 1877 protestante
1460 1814 1697 1878 Vergilio.
1767 1815 1894 1863 dixit

198 1888 380 1950 quippe
420 1882 493 1955 (6,
521 1882 651 1955 621)
691 1888 946 1950 „vendidit
993 1889 1074 1936 hic
1121 1904 1241 1936 auro
1287 1887 1556 1951 patriam“‚
1595 1890 1646 1936 et
1683 1904 1795 1936 cum
1833 1888 1893 1937 de

196 1961 444 2024 Polydoro
483 1963 791 2024 loqueretur,
835 1963 958 2011 haec
995 1962 1166 2024 posuit
1205 1956 1278 2029 (3,
1306 1955 1422 2029 55):
1472 1963 1586 2023 „fas
1626 1978 1768 2011 omne
1810 1962 1892 2010 ab·

196 2035 406 2098 rumpit,
444 2035 750 2097 Polydorum
774 2036 1040 2086 obtruncat
1074 2039 1124 2084 et
1148 2052 1269 2085 auro
1300 2039 1352 2085 vi
1381 2035 1624 2100 potitur“.
1679 2037 1731 2084 in
1762 2036 1892 2100 Pyg-

197 2109 429 2158 malionis
461 2112 511 2158 et
536 2110 745 2172 Sychaei
775 2111 947 2159 fabula
977 2112 1070 2159 hoc
1099 2110 1246 2158 modo
1272 2110 1492 2158 adseruit
1527 2126 1706 2158 aurum
1737 2110 1892 2159 fuisse

198 2199 399 2232 causam
422 2184 619 2232 sceleris
643 2184 964 2247 perpetrandi
987 2179 1063 2250 (1,
1081 2177 1234 2252 348):
1271 2184 1392 2246 „ille
1419 2184 1697 2247 Sychaeum
1722 2184 1891 2246 inpius

199 2260 314 2305 ante
356 2273 466 2306 aras
510 2261 661 2320 atque
710 2261 818 2307 auri
857 2274 1029 2308 caecus
1077 2274 1242 2307 amore
1290 2259 1418 2306 clam
1457 2259 1586 2307 ferro
1632 2259 1892 2306 incautum

198 2330 452 2394 superat“,
491 2334 762 2394 postremo,
793 2335 853 2380 ut
884 2350 1059 2382 aurum
1090 2333 1340 2381 adsereret
1370 2348 1474 2380 esse
1506 2332 1745 2381 scelerum
1776 2348 1890 2380 cau-

197 2421 318 2467 sam,
341 2408 415 2454 ita
439 2407 678 2455 conclusit
703 2401 775 2471 (3,
795 2400 912 2472 56):
952 2406 1111 2469 „quid
1134 2423 1234 2455 non
1258 2407 1492 2455 mortalia
1515 2408 1716 2468 pectora
1740 2406 1890 2469 cogis,

198 2481 307 2528 auri
347 2495 488 2528 sacra
526 2479 740 2527 fames!“
783 2483 838 2527 ut
877 2481 1158 2529 ostenderet
1194 2483 1452 2530 universas
1492 2479 1753 2528 criminum
1790 2481 1889 2528 for-

196 2570 302 2602 mas
343 2553 583 2602 aviditate
624 2554 734 2601 auri
765 2569 868 2602 esse
901 2558 1153 2617 susceptas
1186 2557 1236 2603 et
1265 2555 1466 2603 incitari
1496 2569 1660 2616 posse,
1701 2554 1743 2602 si
1781 2554 1891 2602 auri

196 2630 527 2690 provocentur
558 2628 744 2676 ardore.
798 2629 920 2677 haec
944 2629 1141 2676 Aeneae
1173 2630 1373 2677 laudem
1404 2630 1650 2692 spectant,
1681 2629 1740 2675 ut
1769 2628 1888 2676 Dio-

317 2773 339 2811 1
373 2769 546 2813 adurbe
569 2769 624 2814 V.
662 2770 665 2827 J
702 2770 822 2826 quod
850 2783 934 2825 pro
966 2770 1077 2824 quid
1108 2769 1179 2814 ed.
1280 2774 1305 2812 2
1334 2770 1504 2825 perisse
1527 2767 1570 2811 V
1592 2769 1786 2824 perisset
1816 2769 1886 2812 ed.

198 2832 223 2871 3
248 2828 383 2883 plene
407 2827 447 2870 V
471 2830 615 2884 plena
646 2829 718 2873 ed.
815 2833 839 2872 5
872 2830 1145 2884 veniuntque
1167 2827 1211 2871 V
1242 2828 1449 2883 corrupit
1480 2827 1550 2871 ed.
1645 2832 1669 2870 7
1702 2829 1823 2871 viros
1846 2827 1888 2870 V

195 2888 313 2931 vires
344 2887 415 2930 ed.
510 2892 563 2930 10
595 2889 979 2943 nihil—operum
1011 2887 1140 2931 deest
1171 2888 1221 2931 in
1248 2887 1301 2940 V,
1333 2887 1414 2930 sed
1443 2885 1667 2942 explicari
1689 2886 1886 2930 videtur.

199 2950 251 2988 21
286 2951 474 2991 testante
505 2947 575 2990 ed.
663 2950 717 2990 23
751 2948 937 3003 abrupit
958 2945 1013 3001 V,
1040 2947 1194 2990 sedin
1217 2946 1356 2990 tertio
1381 2946 1623 3001 abrumpit.
1710 2949 1765 2989 28
1798 2959 1888 2990 esse

201 3018 289 3048 om.
324 3005 395 3049 ed.

1925 1018 1968 1051 10

1924 1387 1967 1420 16

1924 1756 1968 1790 20

1923 2125 1966 2159 25

1921 2494 1964 2527 30
