2050 3226
762 214 1067 260 AENmDos
1097 214 1162 259 1x
1700 219 1807 274 259

118 355 334 405 faciebat
377 357 529 404 timor
574 358 624 404 et
668 356 818 418 plena
862 355 1065 404 virtutis
1111 354 1369 404 instantia.
1443 357 1678 416 princeps
1728 373 1807 405 ar·
1825 368 1910 409 535

117 430 302 478 dentem
334 431 529 479 coniecit
567 430 803 490 lampada
835 430 1036 477 Turnus
1075 433 1118 477 et
1153 430 1407 488 flammam
1446 430 1622 489 adfixit
1652 430 1806 488 lateri,

116 518 240 563 quae
255 505 478 565 plurima
503 507 641 552 vento
666 504 899 564 corripuit
921 503 1116 552 tabulas
1141 506 1184 551 et
1198 505 1422 564 postibus
1443 504 1598 552 haesit
1622 503 1808 553 adesis:

114 579 389 642 principem
438 577 564 626 dixit
613 578 837 626 Turnum
886 580 975 626 aut
1024 577 1252 626 omnibus
1299 577 1544 640 potiorem
1591 581 1680 626 aut
1719 580 1807 641 qui

57 642 83 697 ἱ
115 654 230 701 ante
276 652 435 701 omnis
481 652 640 700 facem
684 651 905 700 misisset
949 651 1218 700 aimdentem
1294 652 1381 700 sed
1427 667 1542 700 cnm
1580 655 1807 701 secutum

112 727 188 775 est
234 721 373 792 [ante
413 723 595 789 omnis]
644 726 879 787 coniecit,
927 725 1087 790 magis
1137 727 1192 774 in
1242 741 1299 774 eo
1350 726 1692 789 accipiendum
1731 731 1807 776 est

111 801 401 864 principem,
433 801 553 864 quia
582 800 742 849 facem
772 799 962 863 primus
992 801 1281 849 coniecerat.
1342 801 1463 849 haec
1493 800 1651 865 igitur
1682 817 1802 864 quo·

110 875 246 923 niam
292 876 429 923 venti
475 874 711 939 suffragio
757 874 1046 936 iuvabatur,
1094 890 1193 938 quo
1231 874 1462 923 incendia
1498 875 1805 937 nutriuntur,

27 987 31 1004 ὁ
62 1012 67 1014 Π
108 949 272 997 haesit
301 949 528 1012 postibus
560 951 610 998 et
643 950 737 997 hos.
765 948 930 1011 coepit
961 949 1241 1011 absumere3
1281 949 1429 997 facile
1461 949 1593 997 enim
1633 949 1804 998 ardere

35 1017 278 1085 1b'potuit
308 1023 443 1087 quod
474 1023 679 1072 adesum
710 1024 878 1072 fuerat
914 1025 1178 1072 vetustate.
1241 1024 1424 1071 turbati
1454 1023 1700 1083 trepidare
1728 1024 1804 1072 in—

26 1123 30 1141 ».
108 1100 186 1145 tus
206 1098 491 1157 frustraque
512 1098 756 1146 malorwm
778 1093 897 1146 v'elle
925 1099 1123 1159 fuyam:
1153 1113 1266 1146 cum
1287 1097 1502 1146 inimicis
1526 1097 1726 1162 ignibus
1753 1113 1803 1147 se

108 1187 304 1220 arsuros
330 1171 658 1234 adverterent,
680 1171 867 1234 trepidi
891 1171 1012 1234 quid
1034 1172 1257 1220 facerent
1281 1172 1584 1235 cogitabant,
1602 1171 1803 1234 quando

106 1245 456 1310 fugiendorum
487 1247 735 1295 malorum
766 1262 876 1310 spes
907 1245 1097 1307 deerat,
1130 1245 1368 1309 quoniam
1393 1262 1482 1309 per
1512 1247 1680 1294 omnia
1710 1246 1803 1310 gli-

106 1319 275 1368 scebat
303 1319 586 1369 incendium
617 1323 668 1368 et
697 1320 855 1369 hostis
879 1320 1082 1368 tenebat
1114 1336 1214 1384 qua
1237 1320 1381 1370 evadi
1411 1322 1660 1382 potuerat,
1690 1336 1803 1384 pro-

104 1393 219 1442 inde
243 1396 332 1443 aut
350 1395 562 1444 flammis
582 1394 891 1458 pereundum
908 1395 1007 1442 fuit
1030 1396 1118 1442 aut
1141 1394 1287 1443 ferr0.
1326 1395 1444 1442 dum
1463 1409 1513 1443 se
1533 1395 1804 1455 ylomerant

103 1471 319 1530 retroque
340 1470 564 1518 residunt
590 1470 646 1517 in
661 1472 855 1530 partem
886 1483 1010 1529 quae
1023 1472 1161 1529 peste
1192 1473 1334 1526 earet,
1368 1468 1486 1517 dum
1517 1483 1591 1524 se,
1621 1468 1801 1531 inquit,
1819 1478 1904 1518 540

102 1542 154 1590 in
189 1558 298 1590 eam
335 1546 530 1606 partem
568 1545 845 1608 congerunt
884 1558 1052 1592 omnes
1092 1559 1220 1606 quae
1254 1543 1456 1591 interim
1488 1543 1690 1592 carebat
1726 1543 1801 1591 in-

103 1617 299 1679 cendio,
337 1621 439 1666 tum
462 1618 679 1678 pondere
709 1619 861 1666 turris
890 1619 1153 1678 procubuit
1188 1619 1345 1666 subito
1377 1621 1421 1665 et
1450 1618 1637 1666 caelum
1667 1621 1802 1666 tonat

102 1705 240 1739 omne
282 1692 503 1753 frayore:
553 1692 676 1740 bene
724 1691 918 1741 addidit
963 1691 1150 1755 subito,
1202 1691 1461 1755 quoniam,
1511 1691 1555 1740 si
1602 1693 1800 1755 signum

103 1765 340 1828 dedisset,
386 1766 588 1815 liberari
637 1767 847 1815 forsitan
896 1770 1111 1828 possent.
1196 1767 1453 1814 semineces
1502 1766 1570 1814 ad
1618 1770 1799 1814 terram

105 1839 293 1888 inmani
340 1841 463 1889 mole
510 1844 674 1889 secuta
723 1841 991 1900 confixique
1039 1841 1145 1888 suis
1194 1841 1300 1888 telis
1350 1844 1393 1888 et
1427 1844 1629 1900 pectora
1674 1841 1798 1888 duro

102 1915 363 1974 transfossi
394 1915 522 1976 liyno
553 1916 776 1963 veniunt:
815 1914 1081 1977 descriptio
1117 1914 1451 1963 accidentium
1482 1916 1597 1977 post
1628 1929 1798 1963 casum

100 1988 275 2037 turris:
314 1992 709 2052 praecesserunt,
746 1988 935 2052 inquit,
972 1989 1194 2038 homines
1228 1990 1278 2037 et
1307 2005 1422 2038 mox
1451 1990 1599 2037 ruina
1631 2004 1796 2038 conse·

102 2063 219 2110 cuta
256 2065 353 2124 est,
391 2063 582 2112 invenit
621 2063 886 2112 semineces
926 2064 1149 2127 aliquOS,
1189 2063 1315 2112 alios
1354 2064 1455 2112 suis
1494 2062 1631 2126 telis,
1671 2063 1796 2112 alios

39 2140 45 2143 ’
99 2136 350 2201 lignorum
395 2137 688 2202 fragmentis
733 2138 924 2187 infixos.
999 2139 1083 2186 vix
1126 2152 1258 2186 unus
1295 2138 1512 2186 Helenor
1550 2141 1594 2185 et
1628 2137 1796 2199 Isyeus
1814 2144 1898 2183 545

101 2211 269 2270 elapsi,
302 2211 401 2260 duo
434 2211 493 2260 de
523 2211 694 2261 tantis.
755 2226 960 2273 quorum
986 2213 1270 2272 primaevus
1300 2212 1529 2268 Helenor,
1561 2212 1795 2260 Maeonio

99 2286 201 2346 reyi
246 2299 384 2344 quem
429 2300 572 2334 serva
617 2286 880 2347 Licymnia
923 2286 1098 2345 furtim
1142 2286 1406 2334 sustulerat
1442 2287 1690 2345 vetitisque
1728 2286 1795 2334 acl

103 2358 303 2407 Troiam
340 2360 542 2408 miserat
571 2360 746 2416 armiS,
788 2374 898 2408 ense
937 2360 1054 2408 levis
1084 2360 1215 2408 nudo
1239 2374 1517 2420 parmaque
1554 2360 1792 2421 inqlorius

101 2433 239 2481 alba:
277 2433 576 2497 superfluam
615 2435 858 2498 originem
898 2433 1155 2483 Helenoris
1194 2434 1370 2482 refert:
1416 2433 1572 2495 filius,
1611 2432 1791 2496 inquit,

34 2555 38 2558 .
67 2510 72 2519 ⁴
99 2506 199 2554 fuit
227 2507 381 2572 regis,
420 2511 568 2557 natus
598 2511 767 2557 tamen
800 2525 858 2556 ex
887 2523 1051 2570 serva,
1089 2509 1307 2557 nutritus
1339 2509 1514 2556 furtim
1547 2510 1618 2568 et,
1657 2507 1790 2569 quod

28 2607 30 2610 ·
99 2596 198 2629 non
237 2581 440 2644 licebat,
480 2598 650 2632 servus
688 2583 742 2630 in
779 2582 1014 2631 militiam
1054 2583 1323 2631 Troianam
1360 2582 1507 2630 datus
1548 2585 1634 2631 est.
1711 2580 1791 2628 hic

30 2646 38 2692 ἶ
98 2655 255 2719 igitur
294 2657 363 2704 sic
410 2657 586 2721 effugit
624 2672 793 2706 casum
830 2656 983 2705 turris
1024 2657 1254 2705 strictum
1300 2672 1466 2705 ensem
1505 2658 1555 2704 et
1593 2657 1788 2703 scutum

218 2803 244 2841 6
276 2803 381 2842 ante
413 2800 559 2843 omnis
588 2799 779 2843 coniecit
801 2797 843 2840 V
867 2797 939 2842 ed.
972 2803 1078 2842 ante
1107 2799 1254 2842 omnis
1282 2797 1416 2840 uncis
1446 2796 1635 2847 inclusi,
1677 2795 1788 2851 quia

100 2856 227 2912 apud
249 2856 509 2914 Vergilium
541 2871 632 2902 non
658 2859 808 2909 extat,
834 2871 890 2901 ex
914 2856 1301 2901 antecedentibus
1325 2855 1565 2911 irrepsisse
1589 2854 1786 2898 videtur.

101 2920 156 2958 12
187 2930 373 2961 arswros
394 2916 436 2960 V
462 2918 622 2973 peruri
652 2916 723 2961 ed.
847 2920 900 2959 13
933 2916 1133 2961 discebat
1162 2918 1263 2972 (pro
1294 2915 1504 2960 eliscebat
1534 2914 1591 2958 cf.
1618 2916 1721 2971 306)
1746 2914 1788 2957 V

98 2975 380 3021 discurrebat
416 2976 486 3020 ed.
610 2981 665 3019 22
704 2977 920 3031 transfixi
957 2975 1027 3020 ed.
1088 2977 1092 3033 1
1157 2975 1461 3020 accedentium
1493 2973 1535 3017 V
1567 2987 1681 3017 corr.
1714 2973 1786 3018 ed.

101 3038 154 3076 27
189 3035 420 3093 lycymnia
443 3035 498 3078 V.

1431 3123 1516 3167 17*
