2050 3226
222 181 330 235 428
695 180 929 225 DONATI
957 179 1245 226 INTERPR.·
1262 180 1442 226 VERG.

225 335 342 382 que,
388 321 448 368 ut
478 320 563 382 fit,
609 320 779 368 feralis
818 321 1026 369 nuntius
1067 320 1131 367 ad
1170 320 1304 369 auris
1343 320 1568 369 Euandri
1605 320 1765 382 primo
1803 337 1913 382 per-

222 393 381 455 venit,
414 394 588 442 dehinc
619 394 682 442 ad
707 395 877 442 domos
909 395 1033 455 eius,
1064 396 1312 456 postremo
1339 394 1401 442 ad
1426 410 1620 443 omnem
1645 394 1913 443 civitatem,

222 465 443 516 Arcades
482 469 548 516 ad
576 472 751 528 portas
788 482 953 515 ruere:
997 469 1197 530 proprie
1237 467 1364 516 dixit
1400 485 1562 531 ruere3
1608 467 1915 517 festinabant

223 543 355 589 enim
405 542 639 590 commoti
687 543 941 604 insperato
990 542 1146 603 malo,
1199 545 1256 590 ut
1303 542 1434 591 irent
1483 542 1681 592 obviam
1733 542 1913 602 funeri,
1952 602 1958 604 p

221 631 310 664 nec
372 616 624 664 ambulare
684 615 808 675 iam,
877 615 962 664 sed
1022 617 1077 663 in
1136 615 1338 665 modum
1398 617 1654 664 ruentium
1714 616 1915 680 congeri
1956 610 1986 663 ³5

222 690 521 739 videbantur
567 689 630 737 ad
676 692 861 751 portas,
939 693 983 737 et
1024 704 1156 737 more
1199 693 1380 738 vetusto
1425 692 1657 751 funereas
1705 696 1914 751 rapuere

219 767 376 823 faces:
421 780 560 811 ruere
609 765 659 811 et
703 779 912 826 rapuere
959 764 1159 826 plenam
1205 764 1489 828 significant
1526 765 1912 813 festinationem.

157 839 161 842 ’
220 838 449 886 funereas
489 838 620 886 faces
659 837 844 886 idcirco
884 837 1031 899 dixit⁷
1076 838 1194 900 quia
1232 841 1351 887 sunt
1390 841 1440 887 et
1476 840 1723 888 votorum.
1793 840 1915 886 lucet

219 913 302 960 via
357 913 493 972 Zonyo
547 912 716 959 ordine
768 913 1084 970 flammarum
1138 916 1182 960 et
1234 913 1327 960 late
1379 913 1685 961 discriminat
1745 927 1913 974 ayros:

221 985 560 1034 discriminare
607 987 682 1034 est
728 988 941 1048 speciem
980 1002 1010 1033 a
1049 988 1210 1048 specie
1257 987 1480 1035 inmensa
1527 986 1628 1035 alia
1666 1002 1911 1050 separare.
1943 997 1987 1032 10

221 1076 328 1108 ecce
382 1076 486 1107 una
538 1059 639 1108 fuit
699 1059 850 1109 facies
913 1062 1096 1121 terrae,
1157 1060 1429 1109 interiectis
1491 1062 1660 1109 tamen
1721 1061 1912 1110 facibus

119 1143 201 1182 145
221 1134 482 1182 videbatur
530 1135 583 1182 in
636 1135 793 1197 partis
846 1150 950 1183 esse
1000 1135 1174 1184 divisa.
1252 1138 1420 1183 contra
1469 1136 1613 1183 turba
1665 1135 1913 1196 Phryqum

217 1209 438 1256 veniens:
481 1208 771 1269 planyentia
807 1210 1016 1270 iunyunt
1054 1210 1279 1269 aymina:
1329 1225 1440 1257 cum
1485 1208 1693 1258 dicimus
1740 1211 1913 1258 contra

218 1283 366 1331 turba
411 1282 667 1346 Phrygum
713 1283 937 1344 veniens,
987 1298 1180 1331 moram
1226 1283 1458 1331 debemus
1505 1284 1816 1346 interponere
1864 1285 1913 1332 et

220 1357 290 1405 sic
323 1356 482 1405 dicere
513 1357 806 1420 plangentia
836 1358 1052 1421 iungunt
1084 1357 1305 1421 agmina,
1335 1360 1394 1406 ut
1423 1373 1524 1405 non
1556 1358 1650 1406 soli
1673 1357 1909 1421 Phryges,
1943 1354 1985 1408 1⁵

220 1431 303 1479 sed
337 1432 387 1478 et
417 1431 634 1479 Arcades
667 1431 948 1494 Phrygibus
980 1431 1125 1479 mixti
1157 1433 1358 1496 agmina
1387 1431 1605 1480 iunxisse
1634 1432 1910 1494 videantur,

220 1507 439 1553 ceterum
484 1505 631 1554 turba
676 1506 896 1569 iungunt
953 1505 1154 1569 agmina
1207 1506 1360 1554 faciet
1410 1507 1546 1554 mala
1593 1505 1910 1554 distinetione

218 1579 418 1640 vitium,
481 1580 616 1642 quod
669 1582 818 1642 poeta
871 1596 970 1627 non
1024 1580 1155 1628 fecit.
1249 1594 1372 1639 quae
1399 1571 1402 1574 ’
1417 1584 1679 1640 postquam
1731 1583 1910 1628 matres

218 1654 466 1701 succedere
505 1654 636 1701 tectis·
673 1654 919 1711 viderunt,
970 1670 1095 1716 quae
1136 1654 1336 1718 agmina
1373 1656 1640 1716 postquam
1679 1653 1911 1702 viderunt

217 1729 399 1776 matres
446 1730 618 1790 portas
665 1729 876 1789 intrare,
921 1732 1158 1776 maestam
1195 1729 1461 1776 incendunt
1498 1729 1790 1776 clamoribus
1827 1743 1909 1775 ur-
1941 1725 1987 1776 26·

220 1803 347 1849 bern:
377 1804 595 1850 matrum
619 1801 981 1865 significatione
1005 1803 1086 1850 vel
1108 1802 1340 1851 mulieres
1366 1802 1665 1865 generaliter
1689 1803 1908 1864 accipere

217 1891 479 1936 possumus
530 1877 609 1924 vel
659 1891 740 1924 eas
793 1893 1007 1939 quarum
1055 1875 1146 1923 filii
1195 1891 1309 1924 cum
1357 1876 1526 1924 Aenea
1577 1877 1909 1938 perrexerant,

217 1952 276 1997 ut
327 1949 651 1997 similitudine
703 1965 845 1999 casus
897 1951 1170 1998 commotae
1221 1952 1272 1998 et
1319 1952 1522 2013 propter
1569 1951 1701 2014 regis
1750 1949 1911 1997 filium

218 2023 383 2071 dolere
414 2024 702 2072 viderentur
733 2026 783 2071 et
813 2040 1015 2072 suorum
1044 2024 1321 2086 periculum
1344 2026 1560 2073 tractare
1586 2041 1697 2072 cum
1729 2024 1908 2072 animo.

219 2101 270 2145 at
313 2111 412 2144 non
449 2098 750 2145 Euandrum
789 2100 919 2159 potis
966 2102 1036 2146 est
1078 2099 1152 2146 vis
1198 2099 1304 2146 ulla
1342 2102 1518 2155 tenere,
1567 2099 1652 2146 sed
1688 2099 1818 2146 venit
1854 2099 1909 2145 in
1940 2113 1982 2146 25

216 2171 421 2218 medios:
460 2187 573 2219 cum
612 2173 777 2234 gravis
819 2174 947 2221 esset
986 2172 1119 2234 apud
1151 2174 1336 2221 ceteros
1376 2173 1560 2232 luctus,
1600 2175 1711 2220 tum
1746 2172 1907 2234 magis

219 2246 442 2293 animum
471 2245 628 2308 patris
660 2248 974 2308 mentemque
1005 2250 1328 2310 percusserat.
1391 2247 1604 2309 denique
1634 2262 1734 2294 non
1763 2245 1908 2293 illum

216 2319 440 2368 tardavit
485 2319 670 2367 doloris
716 2321 977 2382 violentia,
1023 2337 1122 2368 non
1162 2323 1297 2370 aetas
1339 2321 1562 2370 cohibuit
1601 2322 1689 2367 aut
1728 2334 1905 2381 corpus

217 2395 468 2441 senectute
507 2394 753 2442 defessum
792 2410 881 2442 nec
920 2395 1200 2457 expectavit
1231 2395 1384 2443 donec
1414 2395 1486 2442 fili
1517 2409 1693 2457 corpus
1724 2393 1906 2442 baiulis

218 2467 504 2515 curantibus
543 2470 843 2530 perveniret,
884 2469 970 2516 sed
1008 2470 1113 2531 ipse
1150 2484 1406 2517 occurrens
1445 2469 1496 2516 in
1535 2468 1727 2516 medios
1754 2469 1904 2516 venit.
1938 2482 1982 2515 30

337 2644 361 2682 6
395 2645 437 2683 et
465 2652 584 2682 more
606 2637 649 2681 V
673 2638 744 2681 ed.
778 2644 819 2682 et
849 2638 903 2681 de
933 2653 988 2682 m.
1026 2638 1163 2695 Verg.
1197 2638 1326 2683 libri:
1359 2639 1475 2682 Don.
1507 2643 1640 2682 ruere
1671 2638 1906 2683 scandisse

215 2696 412 2741 videtur.
454 2698 458 2756 Ι
501 2711 660 2754 rapere
690 2698 739 2740 in
770 2697 990 2741 lemmate
1021 2712 1213 2753 rapuere
1243 2699 1293 2741 in
1322 2698 1514 2753 interpr.
1540 2696 1582 2739 V
1611 2697 1802 2741 invertit
1834 2698 1904 2742 ed.

219 2761 244 2798 8
278 2762 319 2800 et
350 2770 436 2801 om.
463 2757 534 2801 ed.
659 2761 713 2800 10
746 2757 842 2801 alia
874 2770 961 2800 om.
992 2757 1062 2799 ed.
1188 2762 1239 2801 11
1276 2757 1523 2811 interfectis
1552 2761 1703 2800 tamen
1732 2757 1907 2810 fatibus

216 2816 488 2860 videbantur
511 2815 553 2859 V
578 2829 691 2859 corr.
716 2816 787 2859 ed.
878 2819 931 2858 16
963 2817 1234 2861 videbantur
1256 2815 1299 2859 V
1324 2830 1436 2859 corr.
1462 2815 1532 2859 ed.
1619 2819 1673 2858 17
1704 2816 1843 2869 faciet
1867 2815 1907 2858 V

219 2880 336 2918 -eret
366 2875 437 2918 ed.
485 2875 489 2932 l
535 2875 766 2919 distinctio
789 2874 832 2918 V
857 2875 926 2918 ed.
960 2888 1069 2918 -one
1099 2889 1182 2919 nos
1215 2875 1272 2919 cf.
1304 2889 1344 2918 v.
1372 2879 1440 2917 12.
1564 2877 1618 2916 20
1643 2879 1805 2930 portas
1835 2876 1906 2918 in-

218 2938 338 2977 trare
368 2933 410 2977 V
447 2935 573 2978 intra
606 2948 653 2989 p.
696 2934 766 2978 ed.
901 2937 955 2977 25
995 2940 1141 2989 potest
1174 2934 1216 2978 V
1251 2935 1375 2990 potis
1416 2938 1481 2977 est
1521 2946 1603 2976 nos
1637 2935 1792 2989 potuit
1834 2934 1904 2977 ed.

219 2996 274 3034 28
306 2998 387 3036 aut
419 3006 506 3036 om.
533 2992 603 3036 ed.
727 2997 782 3036 30
815 2993 1032 3037 curandis
1064 2993 1135 3036 ed.
1533 3031 1535 3035 ,
