2050 3226
784 151 1092 197 AENEIDOS
1115 151 1224 197 VIII
1751 154 1857 209 155

163 308 275 342 cum
305 293 441 341 laeta
471 295 591 340 sunt
621 292 803 354 omnia,
826 287 865 357 †
887 293 947 340 ut
975 303 1054 340 res
1085 292 1302 340 secunda
1326 329 1857 341 ...............

164 403 324 416 .....
350 365 436 415 8οᾱ
458 382 697 429 prospera
721 368 838 414 sunt
860 367 912 415 et
935 402 947 414 .
972 403 983 413 .
1010 404 1020 413 .
1047 403 1058 414 .
1084 402 1096 413 .
1121 404 1132 414 .
1155 365 1285 414 hanc
1307 365 1464 430 igitur
1485 366 1711 414 laetitiae
1734 383 1858 414 nun·

161 441 287 489 tiam
324 439 378 488 in
417 439 669 503 speciebus
708 440 939 502 plurimis
978 439 1206 488 ferebant
1243 455 1512 488 sacrorum.
1589 441 1859 488 cumulant-

162 528 252 576 que
289 515 502 563 oneratis
542 515 765 563 lancibus
804 529 948 563 aras:
987 513 1157 562 debuit
1194 513 1327 562 enim
1371 514 1583 577 repetito
1631 514 1859 563 convivio

111 604 132 638 s
160 587 420 636 hominum
472 587 623 636 etiam
676 588 871 636 numini
916 588 1185 637 secundum
1233 588 1454 636 officium
1498 589 1862 651 repraesentari

46 661 49 667 '
160 662 564 712 honorificentiae
615 662 884 711 sollemnis.
961 665 1064 710 twm
1108 663 1225 711 salii
1271 663 1339 711 ad
1377 665 1573 711 cantus:
1622 663 1862 712 saliorum
1878 671 1964 712 285

160 752 341 784 nomen
401 752 557 801 genus
619 736 964 786 ministrorum
1023 737 1287 801 significat.
1387 737 1613 797 populeis
1682 737 1865 785 adsunt

162 811 335 859 evincti
384 814 602 872 tempora
649 812 831 859 ramis:
880 811 1008 859 dixit
1054 812 1142 874 qui
1191 810 1495 872 dicerentur,
1546 811 1667 859 dicit
1711 811 1864 858 etiam

20 935 22 946 ι
162 885 580 948 quemadmodum
619 885 844 934 coronati
880 886 1155 935 venissent:
1194 887 1349 947 tecta,
1387 884 1575 948 inquit,
1613 884 1865 934 habebant

18 1013 19 1016 Ἴ
88 975 133 1008 ιο
160 962 389 1022 tempora
426 960 655 1022 populeis
693 959 861 1008 ramis,
937 961 1014 1008 hic
1051 960 1284 1008 iuvenwm
1322 960 1516 1016 chorm,
1555 959 1638 1008 ille
1668 974 1864 1008 senam:

20 1035 34 1050 ·’
161 1023 246 1094 q'ai
295 1035 513 1082 carmine
563 1034 735 1082 laudes
782 1034 1056 1082 Herculeas
1107 1037 1151 1082 et
1186 1036 1322 1094 faeta
1362 1035 1551 1094 ferant:
1600 1034 1758 1097 partis
1800 1034 1864 1081 ad

162 1110 337 1156 cantus
379 1110 628 1170 quaerunt
665 1124 765 1156 non
802 1109 967 1171 turpis
1007 1110 1096 1156 aut
1135 1107 1197 1156 ab
1228 1107 1352 1171 ipsis
1384 1123 1637 1157 sacrorum
1667 1109 1863 1157 sollem-

161 1181 403 1230 nitatibus
455 1182 644 1231 alienos
694 1197 784 1230 nec
833 1181 1013 1230 humili
1063 1184 1154 1230 aut
1201 1183 1419 1244 inperito
1473 1197 1696 1230 sermone
1750 1197 1864 1230 con-

161 1257 375 1319 positOS,
422 1257 509 1305 sed
555 1257 773 1320 digestos
821 1271 936 1304 cum
981 1255 1258 1305 doctissimi
1303 1257 1538 1304 carminis
1586 1256 1864 1319 disciplina,

89 1343 132 1377 ιε
161 1331 474 1378 honestatem
525 1346 722 1393 quoque
773 1346 886 1379 cum
935 1330 1015 1379 dei
1064 1329 1382 1380 veneratione
1435 1330 1684 1379 testantis.
1768 1330 1864 1391 1110,

163 1404 250 1466 ait,
286 1404 523 1454 iuvenum
562 1395 764 1466 chorus,
802 1405 889 1452 ille
929 1419 1123 1453 senum:
1162 1421 1318 1467 usque
1357 1404 1480 1453 adeo
1519 1404 1751 1468 religiose
1791 1420 1863 1453 se-

161 1478 490 1542 parabantur,
530 1481 589 1527 ut
627 1494 764 1528 senes
805 1479 1132 1528 consisterent
1169 1495 1228 1527 ex
1264 1495 1366 1528 una
1404 1480 1569 1542 parte,
1610 1494 1733 1542 quos
1764 1495 1867 1527 non

163 1552 358 1601 deceret
401 1553 498 1602 nisi
543 1568 685 1602 sacra
731 1554 956 1616 cantare,
1004 1555 1054 1602 et
1098 1554 1302 1603 iuvenes
1351 1570 1411 1601 ex
1458 1553 1580 1614 alia,
1622 1553 1712 1616 qui
1750 1568 1864 1602 suos

161 1628 375 1675 maiores
424 1628 757 1676 imitarentur.
851 1627 938 1691 qui
992 1627 1208 1677 carmine
1262 1628 1436 1676 laudes
1490 1627 1760 1676 Herculeas
1817 1629 1868 1676 et

90 1715 134 1748 πο
162 1701 298 1750 facta
336 1702 527 1750 ferunt:
565 1703 670 1750 iam
708 1702 898 1750 dictum
938 1704 1014 1750 est
1050 1702 1208 1765 ipsius
1249 1702 1330 1751 dei
1367 1702 1522 1750 fuisse
1562 1702 1696 1764 quod
1727 1716 1866 1750 senes

164 1777 468 1840 iuvenesque
508 1777 795 1825 cantabant.
851 1777 987 1839 quod
1025 1776 1325 1841 generaliter
1362 1777 1536 1839 posuit
1572 1775 1762 1838 laudes,
1793 1777 1867 1823 in-

165 1849 289 1912 cipit
327 1850 610 1913 specialiter
649 1851 831 1900 dicere:
870 1855 926 1898 at
955 1852 1126 1911 prima
1170 1865 1405 1899 novercae
1449 1854 1669 1899 monstra
1712 1865 1868 1898 mana

161 1925 469 1985 yeminosque
522 1939 752 1985 premens
812 1925 993 1973 eliserit
1052 1926 1245 1986 anquis,
1343 1925 1458 1986 hoc,
1518 1925 1708 1986 inquit,
1769 1924 1870 1972 fuit

164 1999 384 2060 primum
421 1999 475 2045 in
514 2015 670 2061 puero
709 1999 912 2048 virtutis
959 1998 1224 2061 indicium,
1272 1998 1407 2061 quod
1452 2000 1704 2062 serpentes
1743 1998 1868 2046 duos

91 2084 135 2118 25
166 2072 388 2136 singulos
428 2073 639 2136 singulis
678 2073 906 2122 manibus
946 2073 1227 2122 constrictis
1266 2073 1496 2122 faucibus
1526 2072 1738 2122 necavit.
1789 2073 1870 2120 hic

165 2146 490 2195 multiformis
546 2150 623 2196 est
675 2148 807 2210 laus3
861 2161 1102 2212 magnum
1154 2147 1288 2196 enim
1340 2146 1638 2196 miraculum
1693 2148 1768 2195 est
1816 2146 1869 2193 in

165 2236 321 2283 puero
376 2221 571 2269 nullum
624 2237 862 2284 pavorem
915 2222 1089 2282 fuisse,
1143 2238 1243 2270 non
1296 2221 1523 2270 timuisse
1571 2221 1627 2269 in
1676 2220 1868 2269 duobus

166 2295 414 2359 anguibus
454 2295 695 2343 maiorem
734 2296 1050 2358 violentiam,
1087 2296 1262 2344 rudem
1302 2295 1493 2344 scilicet
1531 2298 1582 2344 et
1618 2296 1870 2344 insuetum

289 2442 311 2479 1
345 2436 488 2480 verba
518 2442 572 2481 ut
594 2463 648 2469 —
675 2441 700 2480 2
734 2442 776 2481 et
810 2438 1030 2493 corrupta
1062 2438 1110 2481 et
1139 2436 1310 2481 mutila
1341 2450 1442 2480 0880
1472 2437 1627 2493 patet:
1671 2435 1869 2480 fortasse

165 2501 218 2540 ut
259 2510 331 2540 res
372 2496 597 2541 secumdae
634 2509 730 2540 non
762 2501 867 2552 post
904 2497 1026 2541 alias
1061 2497 1286 2541 secundae
1314 2497 1394 2541 sed
1419 2509 1662 2552 prosperae
1691 2499 1800 2539 sunt
1829 2499 1872 2539 et

168 2556 325 2599 laetae.
412 2561 438 2599 6
462 2556 832 2610 honorificentiae
854 2556 1084 2600 sollemnis
1099 2555 1142 2600 V
1164 2561 1217 2600 ut
1239 2556 1281 2599 h.
1307 2569 1450 2599 causa
1472 2569 1507 2599 s.
1534 2555 1606 2599 ed.
1686 2559 1740 2597 10
1763 2554 1871 2597 huic

167 2628 251 2669 pro
283 2615 356 2659 hic
379 2613 435 2658 V.
523 2619 577 2657 11
603 2616 736 2670 parti
758 2613 800 2656 V
823 2615 979 2670 partis
1002 2628 1086 2659 nos
1110 2620 1271 2671 patres
1294 2614 1366 2658 ed.
1454 2618 1508 2657 13
1536 2614 1731 2658 humilia
1754 2617 1808 2657 ut
1829 2611 1871 2654 V

166 2674 358 2718 humiles
388 2678 471 2718 aut
510 2673 581 2717 ed.
625 2674 791 2718 humili
821 2678 904 2718 aut
941 2687 1038 2718 nos.
1170 2678 1225 2718 16
1267 2674 1505 2730 reliyiosas
1536 2673 1799 2729 parabatwr
1828 2670 1871 2714 V

167 2733 382 2789 reliyiosa
405 2734 703 2788 parabantur
735 2732 807 2776 ed.
839 2733 1047 2790 reliyiose
1076 2733 1413 2789 separabantur
1443 2746 1539 2775 noe.
1656 2735 1712 2774 20
1742 2731 1871 2785 facta

166 2792 355 2846 fuerant
385 2791 429 2835 V
465 2793 499 2846 f.
531 2792 686 2846 ferant
725 2791 796 2836 ed.
857 2791 861 2849 Ι
920 2792 1119 2847 defuisse
1142 2792 1183 2836 V
1216 2793 1291 2836 dei
1319 2792 1463 2846 fuisse
1494 2804 1577 2834 nos
1609 2790 1682 2834 dei
1713 2790 1872 2834 laudes

168 2850 202 2904 f.
237 2850 307 2895 ed.
432 2855 486 2894 21
526 2852 686 2907 posuit
725 2851 884 2895 laudes
914 2850 958 2895 V
995 2852 1077 2896 hoc
1108 2856 1173 2896 est
1210 2851 1432 2906 interpos.
1466 2849 1537 2894 ed.
1661 2853 1717 2892 24
1756 2849 1871 2894 duos

2 2939 10 2947 .
170 2922 258 2953 om.
292 2909 364 2954 ed.
470 2913 525 2953 25
556 2911 741 2967 neyavit
763 2909 806 2954 V
837 2911 1048 2955 contrivit
1079 2910 1150 2954 ed.
1256 2915 1311 2954 26
1343 2913 1707 2966 magnum—est
1727 2907 1771 2952 V
1802 2910 1870 2953 te-

3 2974 34 3023 1,
169 2980 295 3012 mere
326 2969 441 3013 mut.
474 2968 546 3013 ed.

2 2481 16 2566 3
