2050 3226
241 166 351 220 274
716 163 949 209 DONATI
978 163 1044 208 IN
1045 163 1259 209 TERPR.
1283 163 1462 210 VERG.

238 304 482 353 montibus
520 317 722 364 aequos:
768 303 889 367 quia
933 305 1058 353 istos
1104 303 1232 352 dixit
1269 304 1320 352 in
1358 304 1471 354 luco
1510 305 1669 354 editos
1707 305 1760 354 in
1798 306 1931 356 luco-

240 394 335 441 que
373 378 611 440 nutritoS,
649 378 810 443 longi,
847 379 1035 441 inquit,
1074 378 1277 426 fuerunt
1312 380 1372 427 ut
1409 377 1608 429 arbores
1647 381 1698 428 et
1735 380 1847 428 duri
1875 383 1934 430 ut

138 466 222 507 675
239 454 446 501 montes.
501 455 719 514 portam,
760 466 884 512 quae
921 452 1059 500 ducis
1095 453 1299 512 imperio
1338 454 1615 511 commissa,
1654 454 1933 503 recludunt:

240 526 553 576 commissam
598 525 695 575 sibi
740 527 878 575 iussu
925 525 1061 574 ducis
1100 528 1320 588 portam,
1369 528 1428 575 ut
1471 530 1712 591 perpetuo
1763 528 1933 578 clausa

238 604 510 662 teneretur,
548 601 888 663 patefecerant
923 601 1024 662 ipsi
1063 599 1270 649 arbitrio
1309 615 1413 650 suo.
1473 602 1588 662 freti
1625 602 1800 659 armis,
1839 603 1932 651 hoc
1986 613 2006 647 5

240 677 316 724 est
362 675 595 723 fiduciam
645 676 868 738 gerentes
919 673 1052 737 quod
1101 675 1155 722 in
1205 674 1354 723 armis
1400 675 1670 737 plurimum
1714 678 1931 739 possent.

238 749 457 808 ultroque
493 749 705 797 invitant
739 748 990 796 moenibus
1027 748 1229 797 hostem:
1273 750 1332 797 ut
1367 749 1525 798 hostis
1564 751 1820 799 occasione
1858 751 1932 798 in-

238 814 503 886 rumpendi
557 821 718 885 decipi
770 823 960 885 posset,
1016 822 1056 870 si
1110 823 1314 872 auderet
1361 824 1563 872 intrare.
1650 825 1747 884 ipsi
1799 825 1934 873 intus

158 945 162 948 ,
239 897 410 946 deutra
449 911 507 945 ac
539 897 679 945 laeva
709 911 804 956 pro
835 897 1054 945 turribus
1085 897 1285 945 adstant
1314 898 1495 946 armati
1522 899 1654 958 ferro
1694 902 1738 946 et
1774 899 1933 947 cristis

240 972 401 1031 capita
441 971 544 1019 alta
583 971 792 1019 corusci:
832 970 1035 1019 stabant
1070 970 1158 1020 isti
1195 986 1285 1034 pro
1316 972 1562 1034 turribuS,
1600 972 1695 1021 hoc
1727 974 1803 1021 est
1833 987 1932 1020 non
1964 985 2008 1018 10

241 1048 355 1094 ante
393 1045 548 1094 turris
589 1046 679 1094 aut
715 1060 806 1107 pro
845 1046 1067 1107 ipsarum
1108 1044 1390 1094 defensione
1429 1046 1799 1108 tantummodo,
1846 1045 1932 1095 sed

239 1118 304 1167 ad
342 1119 499 1167 vicem
537 1120 774 1180 turrium,
815 1118 1052 1182 quoniam
1099 1122 1149 1168 et
1194 1119 1373 1169 excelsi
1421 1119 1625 1168 fuerunt
1670 1122 1721 1169 et
1764 1121 1933 1182 fortes,

238 1195 298 1242 ut
334 1192 433 1242 iam
474 1209 574 1242 non
611 1194 835 1242 homines
883 1192 1057 1242 dextra
1104 1209 1160 1242 ac
1198 1193 1365 1255 laeva,
1411 1193 1496 1242 sed
1533 1195 1695 1244 turres
1736 1194 1932 1244 adstare

238 1267 539 1317 viderentur.
622 1266 879 1315 inducitur
929 1269 1219 1330 conparatio
1270 1268 1511 1316 stantium
1562 1270 1613 1316 et
1661 1268 1932 1332 proceritas

237 1343 462 1404 ipsorum
491 1343 819 1389 monstratur:
851 1342 1019 1401 quales
1050 1342 1214 1390 aeriae
1237 1342 1470 1403 liquentia
1498 1343 1708 1401 flumina
1738 1344 1932 1400 circum,
1965 1354 2007 1388 ιε

137 1426 222 1468 680
238 1417 339 1465 sive
376 1416 505 1464 Padi
541 1416 666 1476 ripis
703 1413 924 1464 Athesim
960 1430 1047 1464 seu
1083 1419 1285 1476 propter
1323 1430 1599 1473 amoenum,
1639 1420 1936 1478 consuryunt

235 1490 456 1552 qeminae
494 1503 696 1549 quercus
733 1490 1021 1549 intonsaque
1052 1490 1180 1538 caelo
1213 1490 1435 1538 attollunt
1465 1491 1628 1550 capita
1667 1494 1710 1539 et
1737 1491 1935 1539 sublimi

238 1565 410 1612 vertice
440 1567 639 1612 nutant:
678 1564 748 1612 sic
778 1564 855 1612 illi
877 1564 1080 1612 stabant
1102 1566 1372 1613 reseratam
1395 1567 1594 1626 portam
1617 1565 1933 1614 observantes

238 1640 538 1700 tantumque
587 1637 791 1686 fuerunt
839 1637 1020 1701 prolixi
1067 1638 1120 1685 in
1167 1637 1484 1687 altitudinem
1526 1638 1825 1700 inmensam,
1875 1641 1935 1686 ut

240 1714 359 1761 sunt
390 1712 586 1761 arbores
620 1728 746 1774 quae
779 1711 1038 1761 crescendo
1068 1712 1360 1775 relinquunt
1389 1712 1595 1761 flumina
1626 1715 1676 1761 et
1697 1712 1751 1761 in
1775 1713 1934 1762 altum
1964 1725 2009 1758 eo

240 1786 464 1850 geminae
514 1786 855 1848 producuntur
905 1788 1054 1849 atque
1103 1786 1313 1835 intonsis
1364 1786 1609 1849 capitibus
1664 1788 1933 1852 agitantur.

238 1862 548 1920 inrumpunt,
597 1860 761 1908 aditus
799 1861 974 1908 Rutuli
1021 1863 1076 1908 ut
1123 1861 1286 1908 videre
1331 1861 1567 1920 patentis:
1608 1877 1717 1910 non
1769 1861 1934 1910 aditus

241 1935 557 1997 inrumpunt,
590 1935 677 1996 qui
706 1934 808 1982 iam
838 1934 1100 1997 patebant,
1133 1934 1218 1983 sed
1248 1934 1455 1983 inruunt
1484 1934 1682 1996 Rutuli,
1713 1938 1770 1984 ut
1800 1934 1933 1984 vide-

239 2011 359 2056 runt
397 2008 564 2056 aditus
602 2009 749 2070 porta
788 2008 1054 2072 patefacta.
1118 2009 1341 2057 continuo
1380 2008 1620 2070 Quercens
1660 2012 1703 2057 et
1729 2009 1935 2069 pulcher

138 2092 222 2133 685
239 2080 513 2142 Aquiculus
551 2082 705 2130 armis
744 2085 787 2130 et
816 2097 1052 2143 praeceps
1091 2083 1247 2131 animi
1278 2083 1512 2140 TmaruS,
1552 2084 1646 2132 hoc
1677 2086 1752 2132 est
1782 2086 1932 2131 teme·
1965 2094 2007 2128 85

239 2157 425 2217 rarius,
484 2159 526 2204 et
573 2157 854 2204 Mavortius
904 2157 1133 2205 Haemon
1183 2157 1460 2218 cyminibus
1510 2157 1618 2206 totis
1668 2161 1755 2206 aut
1805 2158 1933 2205 versi

240 2234 374 2291 terqa
419 2230 590 2278 dedere
637 2233 724 2278 aut
767 2231 872 2290 ipso
912 2234 1085 2291 portae
1114 2245 1324 2291 posuere
1361 2232 1416 2279 in
1454 2231 1620 2279 limine
1655 2232 1831 2279 vitam:
1879 2230 1933 2278 hi

240 2305 401 2367 primo
440 2306 701 2364 venerant,
747 2306 804 2351 ut
841 2308 1112 2353 reseratam
1157 2307 1355 2368 portam
1393 2305 1637 2354 violenter
1672 2305 1932 2366 intrarent,

241 2379 326 2427 sed
375 2381 465 2427 aut
514 2380 644 2427 versi
694 2381 811 2426 sunt
860 2380 1151 2427 trudentum
1201 2379 1484 2443 agminibus
1531 2381 1620 2427 aut
1664 2378 1834 2427 limine
1878 2378 1931 2427 in

239 2454 349 2515 ipso
388 2453 606 2500 mactati.
669 2468 768 2500 non
801 2468 968 2501 omnes
999 2453 1323 2517 intellegendi
1355 2455 1473 2502 sunt
1503 2452 1602 2502 fusi
1633 2456 1723 2502 aut
1755 2453 1931 2514 aversi,
1963 2463 2006 2518 39

360 2567 385 2607 3
410 2563 690 2619 percludunt
712 2563 753 2606 V
779 2563 836 2607 cf.
863 2568 962 2610 391.
1047 2570 1076 2608 4
1099 2570 1283 2621 portam
1306 2563 1349 2607 V
1363 2578 1414 2621 p.
1431 2565 1582 2620 inquit
1605 2564 1675 2608 ed.
1718 2607 1721 2610 ,
1763 2568 1788 2607 6
1813 2564 1932 2620 quod

239 2624 290 2667 in
313 2624 457 2667 armis
478 2622 521 2666 V
543 2623 596 2666 in
618 2637 660 2667 a.
686 2624 849 2678 quibus
872 2623 943 2667 ed.
1029 2628 1055 2667 8
1087 2625 1129 2668 si
1151 2623 1194 2667 V
1224 2628 1267 2669 et
1296 2623 1367 2667 ed.
1455 2627 1509 2666 10
1541 2624 1621 2668 isti
1642 2623 1684 2666 V
1706 2624 1798 2679 ipsi
1821 2623 1892 2667 ed.
1923 2622 1928 2680 Ι

239 2683 443 2726 turribus
477 2681 519 2725 V
556 2687 587 2726 t.
623 2687 779 2727 astant
816 2682 887 2726 ed.
1012 2688 1065 2726 12
1105 2684 1146 2727 ei
1183 2683 1348 2728 excelsi
1376 2682 1418 2725 V
1457 2687 1500 2727 et
1535 2696 1618 2726 nos
1658 2681 1714 2725 cf.
1750 2686 1819 2736 11,
1845 2685 1930 2725 572

239 2742 278 2784 ii
315 2741 387 2785 ed.
512 2745 565 2784 13
604 2743 746 2786 tumis
783 2740 826 2784 V
857 2742 928 2786 ed.
1061 2747 1114 2786 14
1160 2742 1389 2787 videretur
1430 2741 1501 2785 ed.
1633 2745 1687 2784 15
1729 2742 1932 2796 ipsorum

241 2813 328 2843 om.
355 2799 427 2844 ed.
466 2801 469 2837 l
506 2799 620 2844 Don.
646 2801 895 2856 linquentes
916 2800 1086 2856 legisse
1109 2801 1307 2845 videtur.
1400 2804 1456 2844 20
1487 2799 1651 2845 swntV
1674 2800 1933 2844 viderentur

240 2859 311 2902 ed.
432 2863 488 2902 23
526 2861 607 2915 qui
643 2872 727 2915 per
765 2860 1091 2915 compendium
1131 2859 1318 2916 scripsit
1348 2859 1389 2903 V
1429 2859 1486 2903 cf.
1514 2863 1599 2903 392
1639 2857 1774 2915 (alibi
1805 2859 1930 2903 idem

240 2917 567 3020 compendiuim
612 2932 697 2974 pro
742 2919 988 2975 quoniam).
1091 2924 1147 2964 25
1195 2920 1448 2976 Equicolus
1493 2918 1564 2962 ed.
1623 2918 1628 2976 Ι
1680 2931 1836 2963 marus
1875 2917 1928 2960 V.

242 2981 297 3020 30
327 2978 447 3022 versi
477 2990 501 3020 e
540 3013 547 3020 .
