2050 3226
204 173 314 226 446
680 170 913 217 ΒΟΝΑΤΙ
941 171 1234 216 INTERPR..
1247 171 1428 216 VERG.

204 310 372 359 labore
403 314 698 375 perventum
729 313 824 373 est,
863 312 971 373 ille,
1010 327 1158 373 quem
1187 310 1460 361 fidebamus
1491 311 1770 362 desiderata
1792 313 1894 361 fac-

202 387 392 447 turum,
430 386 538 447 ille,
571 387 658 448 qui
688 401 777 434 nec
806 385 1090 434 muneribus
1121 400 1210 432 nec
1240 385 1406 449 gratia
1434 402 1524 434 nec
1555 386 1896 449 deprecatione

205 461 480 509 commotus
519 461 615 522 est3
661 461 806 519 haec,
843 460 938 508 hoc
977 461 1054 507 est
1089 458 1404 522 inexpectata
1443 462 1595 523 atque
1624 460 1898 522 contraria,

205 533 369 582 aliena
407 550 438 582 a
474 549 687 597 persona
727 549 817 581 sua
856 536 906 581 et
950 533 1164 581 inimicis
1203 532 1307 581 suis
1352 533 1518 596 potius
1560 551 1711 597 quam
1754 533 1897 583 nobis
1931 552 1933 555 ·

203 606 358 672 largis
402 610 453 656 et
501 607 812 670 supplicibus
857 599 1133 669 profutura.
1203 607 1400 667 placido
1439 609 1510 656 sic
1544 609 1758 656 reddidit
1794 622 1900 656 ore:
1955 610 1981 657 5³

204 697 316 730 cum
361 681 560 745 placida
606 684 681 730 est
728 696 866 729 mens
917 697 1006 730 nec
1053 681 1226 743 aliqua
1275 682 1602 731 commotione
1651 682 1899 744 turbatur,

204 756 368 818 qualis
393 771 552 804 sermo
576 755 788 817 proferri
814 756 975 817 possit
1004 771 1104 803 non
1129 754 1409 819 dubitatur3
1440 772 1540 804 non
1571 758 1738 819 potest
1769 756 1899 804 enim

152 844 157 847 ’
205 831 264 878 de
301 829 499 892 placido
540 829 734 891 aliquid
773 830 980 877 existere
1013 829 1374 880 turbulentum.
1436 831 1570 892 quod
1605 832 1766 895 magis
1805 846 1897 893 pro

203 903 392 967 negotii
438 903 684 966 qualitate
730 903 896 952 fuerat
939 904 1271 953 necessarium
1316 919 1374 952 ac
1418 922 1508 968 per
1551 905 1644 953 hoc
1690 904 1896 953 dicendo

202 977 397 1040 placido
438 993 520 1026 ore
559 978 761 1026 nuntiat
798 977 1074 1026 Diomeden
1111 978 1259 1042 longe
1307 978 1407 1027 alia
1457 979 1707 1027 dicturum
1745 995 1896 1042 quam
1933 992 1977 1026 ιο
1996 981 2007 1003 ¹

204 1052 388 1116 legatio
428 1053 786 1114 postulaverat.
856 1067 882 1100 o
920 1054 1201 1112 fortunatae
1235 1056 1418 1113 yeuteS,
1457 1052 1697 1101 Saturnia
1733 1067 1899 1114 requa,

203 1126 394 1186 antiqui
411 1127 643 1184 Ausonii,
677 1140 799 1187 quae
829 1141 914 1174 vos
942 1129 1146 1186 fortuna
1176 1127 1357 1186 quietos
1386 1127 1612 1175 sollicitat
1640 1127 1902 1187 suadetque

203 1201 368 1260 iyuota
407 1201 639 1248 lacessere
683 1201 840 1248 bella?
917 1200 1038 1262 quia
1084 1202 1206 1250 satis
1254 1200 1435 1248 durum
1480 1203 1531 1249 et
1575 1201 1902 1249 inhumanum

203 1275 371 1322 fuerat
419 1290 623 1322 manum
672 1291 773 1323 non
818 1275 1070 1339 porrigere
1120 1275 1438 1339 pugnaturis,
1494 1291 1696 1324 causam
1739 1275 1902 1338 ipsam

204 1349 366 1396 voluit
403 1349 578 1397 tollere
616 1350 821 1412 propter
858 1365 1008 1411 quam
1038 1349 1306 1412 petebatur
1337 1349 1589 1398 auxilium.
1645 1365 1732 1398 cur
1770 1350 1902 1397 enim
1934 1363 1976 1396 15

204 1422 346 1470 daret
385 1423 471 1485 qui
518 1438 752 1471 suasurus
801 1423 966 1470 fuerat
1011 1439 1111 1471 non
1150 1439 1254 1472 esse
1292 1422 1650 1487 pugnandum?
1710 1424 1763 1471 in
1804 1440 1901 1486 quo

203 1512 256 1544 se
293 1496 580 1546 benivolum
619 1497 784 1558 docet,
831 1512 942 1545 cum
980 1499 1167 1546 tutiore
1207 1498 1413 1546 consilio
1454 1498 1664 1546 errantis
1702 1500 1903 1546 revocat

206 1570 270 1618 ad
310 1571 523 1619 salutem
560 1571 672 1633 plus
713 1571 997 1620 conlaturus
1037 1588 1187 1635 quam
1224 1572 1499 1636 rogabatur
1536 1571 1741 1619 efficere.
1802 1587 1902 1619 non

202 1643 362 1708 igitur
390 1647 449 1693 ut
478 1646 778 1694 inhumanus
810 1648 962 1710 negat
990 1646 1269 1708 postulata,
1302 1645 1388 1694 sed
1418 1645 1708 1708 petitionem
1738 1644 1902 1708 ipsam

203 1719 411 1767 consilio
449 1720 580 1783 regit
618 1721 766 1782 atque
805 1720 880 1767 ita
920 1719 1143 1775 certandi
1182 1719 1430 1768 adfectum
1466 1719 1662 1768 diversa
1699 1735 1900 1782 persua·
1933 1735 1976 1767 20

205 1792 342 1841 sione
381 1793 655 1857 frangendo
702 1809 790 1842 nec
830 1794 918 1842 dat
960 1793 1202 1842 auxilium
1239 1810 1329 1842 nec
1367 1794 1552 1856 decipit
1591 1794 1900 1856 deprecantis

203 1868 462 1930 magisque
506 1868 611 1916 fore
658 1867 970 1916 commodum
1017 1870 1283 1930 monstrat,
1334 1869 1378 1916 si
1422 1868 1581 1932 legati
1625 1869 1901 1917 remeantes

205 1940 270 1988 ad
309 1957 422 1989 suos
455 1942 737 2003 quaerenda
767 1942 936 2005 potius
977 1942 1209 1991 adserant
1245 1942 1447 1990 foedera
1478 1959 1629 2004 quam
1666 1944 1904 2005 putarent

204 2015 510 2063 lacessendos
551 2032 673 2078 quos
714 2032 946 2078 superare
985 2032 1085 2064 non
1115 2019 1331 2079 possent.
1386 2017 1550 2079 coepit
1588 2033 1705 2080 ergo
1747 2033 1776 2065 a
1806 2015 1900 2065 La-

205 2089 427 2136 tinarum
451 2090 674 2152 gentium
697 2091 844 2139 laude
867 2090 1096 2154 partibus
1121 2090 1457 2139 miserationis
1490 2090 1747 2152 admixtis3
1785 2107 1902 2138 nam
1934 2104 1976 2137 25

204 2163 425 2224 praefert
460 2163 683 2225 ipsarum
721 2165 1013 2213 felicitatem
1059 2167 1110 2213 et
1148 2165 1283 2213 dolet
1329 2164 1573 2213 erroribus
1613 2165 1900 2227 perituram.

206 2237 354 2297 solet,
403 2238 590 2300 inquit,
629 2238 783 2286 bonos
824 2254 993 2287 cursus
1032 2240 1244 2287 retinere
1283 2239 1496 2287 felicitas
1535 2241 1722 2287 vestra:
1769 2239 1901 2286 hunc

206 2311 371 2359 locum
403 2310 473 2359 sic
506 2311 739 2360 debemus
773 2313 993 2375 accipere
1017 2313 1290 2362 Diomeden
1319 2314 1620 2377 ingressum,
1658 2314 1718 2360 ut
1748 2311 1900 2360 felici-

204 2387 362 2433 tatem
397 2385 560 2447 ipsam
598 2401 695 2433 non
737 2387 988 2448 aliquibus
1020 2387 1302 2435 hominibus
1334 2388 1412 2436 vel
1450 2385 1774 2448 temporibus,
1815 2386 1902 2434 sed

204 2460 326 2521 ipsis
367 2460 594 2523 gentibus
634 2460 852 2508 fatorum
889 2463 1005 2510 voto
1045 2463 1098 2509 in
1137 2463 1431 2524 perpetuum
1462 2460 1632 2509 datam
1668 2460 1901 2508 videatur
1932 2473 1976 2505 30

206 2533 445 2582 adserere.
497 2534 706 2596 denique
738 2534 814 2582 his
847 2551 874 2581 a
899 2534 1098 2583 Saturni
1125 2552 1277 2599 regno
1310 2551 1466 2599 usque
1498 2533 1561 2582 ad
1591 2536 1901 2596 praesentem

205 2606 336 2654 diem
379 2609 591 2670 replicat
635 2610 776 2671 gesta
822 2609 1044 2670 nihilque
1090 2610 1151 2658 iis
1193 2609 1381 2657 dudum
1419 2607 1636 2657 ostendit
1674 2608 1895 2656 extitisse

205 2683 529 2743 contrarium,
562 2682 780 2730 consiliis
814 2682 1000 2730 scilicet
1029 2683 1226 2747 integra
1252 2684 1389 2746 pacis
1423 2682 1766 2731 observatione
1791 2697 1897 2730 cur·

327 2871 351 2910 3
376 2869 631 2924 inspectata
646 2868 688 2912 V
711 2870 945 2924 insperata
969 2868 1039 2911 ed.
1125 2873 1153 2911 4
1177 2869 1330 2913 aliena
1354 2882 1442 2912 om.
1461 2867 1531 2911 ed.
1625 2871 1650 2909 5
1675 2867 1827 2911 reddit
1841 2866 1896 2910 V.

207 2930 264 2967 24
297 2941 326 2970 a
357 2940 445 2970 om.
471 2927 524 2970 V.
641 2933 694 2971 31
728 2929 798 2972 his
821 2927 863 2971 V
893 2929 934 2972 is
966 2928 1036 2971 ed.
1150 2932 1204 2971 32
1236 2928 1462 2972 indudum
1485 2926 1528 2970 V
1558 2927 1619 2970 iis
1648 2927 1691 2970 d.
1724 2939 1807 2969 nos
1840 2926 1897 2969 cf.

207 2999 247 3027 v.
275 2989 328 3027 12
361 2987 631 3031 iamdudum
663 2987 732 3031 ed.
857 2991 911 3030 33
945 2988 1227 3031 contrarium
1257 3001 1343 3031 om.
1372 2986 1442 3030 ed.
