2020 3232
681 160 976 206 NOMINUM
1007 161 1085 207 Ac
1114 161 1332 206 RERUM

162 293 342 337 Tabum
374 293 489 349 quid
522 294 585 338 sit
613 294 657 349 3,
683 298 751 339 29.

162 352 351 397 tacendi
382 366 456 396 ars
488 353 559 407 10,
587 358 639 397 71
684 358 751 397 76.

159 411 352 456 tandem
384 412 499 467 quid
530 413 763 469 significet
791 412 834 467 3,
862 418 960 459 131.

222 475 320 515 718.
368 470 410 525 4,
436 475 535 515 304.
580 472 748 526 5,178.
791 473 834 526 6,
859 478 959 516 415.

221 534 320 574 687.
357 530 395 585 7,
414 535 512 574 259.
547 531 618 585 ll,
638 535 736 575 783.
770 532 959 584 12,497.

161 589 375 692 Talrizhon
407 589 627 634 laudatur
658 591 729 646 10,
763 595 848 634 290
860 606 958 647 sqq.

158 709 347 752 taureus
422 708 712 764 splendidius
783 709 960 753 dictum

219 780 361 823 quam
392 768 607 811 taurinus
638 767 690 821 9,
710 772 807 812 706.

158 826 255 871 tela
287 826 400 882 quid
433 827 527 870 sint
558 827 599 882 2,
624 832 724 871 410.

158 886 438 942 temperatio
463 886 682 930 dictionis
707 887 749 942 1,
768 891 836 930 35.
862 891 961 931 197.

219 950 318 989 254.
353 949 452 988 304.
487 950 586 989 312.
625 951 724 990 574.
762 951 861 990 582.
917 946 959 1000 2,

220 1009 356 1060 3sqq.
385 1009 483 1048 789.
516 1003 557 1059 4,
585 1010 669 1049 305
681 1020 780 1061 sqq.
820 1005 862 1059 5,
889 1010 959 1050 64.

221 1064 259 1117 7,
286 1069 386 1107 222.
413 1069 512 1107 231.
554 1064 624 1119 10,
650 1070 750 1108 512.
791 1065 862 1119 11,
890 1070 958 1109 66.

218 1127 318 1166 502.
345 1127 430 1166 515
457 1123 531 1179 (cf.
552 1126 669 1179 521).
702 1124 773 1177 12,
800 1128 884 1167 229

157 1182 385 1238 templum
417 1182 459 1237 2,
488 1187 570 1226 165
606 1185 728 1239 (post
755 1186 870 1239 175).
920 1184 959 1238 7,

159 1301 383 1356 temporis
429 1301 549 1344 ratio
596 1315 799 1357 prooem.
839 1317 885 1358 p.
920 1307 958 1346 6.

218 1360 258 1414 l,
278 1364 347 1403 80.
369 1363 466 1403 197.
487 1364 586 1403 313.
613 1365 711 1404 350.
740 1365 838 1404 357.
858 1365 958 1405 520.

218 1423 317 1463 525.
344 1423 445 1463 597.
471 1424 571 1464 661.
599 1425 696 1463 663.
726 1425 824 1464 676.
858 1420 899 1474 2,
919 1425 957 1464 3.

220 1483 287 1522 13.
325 1483 395 1522 44.
435 1483 532 1522 135.
576 1483 674 1522 322.
718 1484 816 1522 324.
858 1483 957 1523 459.

216 1537 258 1591 3,
277 1542 347 1581 41.
375 1542 444 1581 53.
474 1543 572 1582 121.
604 1538 764 1591 4,165.
798 1538 839 1593 5,
860 1543 958 1582 636.

217 1601 317 1640 650.
358 1597 399 1651 6,
432 1603 533 1641 461.
567 1602 666 1641 512.
701 1602 800 1641 521.
846 1599 884 1651 7,
919 1603 958 1642 3.

218 1661 317 1700 274.
355 1661 453 1700 511.
500 1656 542 1709 8,
582 1661 679 1700 157.
718 1661 817 1700 372.
859 1661 960 1701 387.

216 1716 354 1769 9,80.
382 1720 481 1760 138.
508 1721 607 1760 378.
648 1716 720 1770 10,
745 1721 846 1760 498.
888 1716 958 1770 11,

216 1779 317 1818 483.
355 1779 454 1818 511.
503 1775 575 1829 12,
613 1779 682 1819 34.
723 1781 820 1820 142.
859 1781 958 1819 224.

156 1895 388 1949 temptare
421 1893 535 1949 quid
568 1894 630 1937 sit
662 1894 732 1946 11,
759 1899 859 1938 350.

155 1951 378 1997 tenebrae
395 1953 558 1996 mortis
578 1953 862 2009 principium
887 1953 958 2007 11,

157 2070 401 2114 Terentius
427 2070 467 2125 1,
489 2075 586 2114 197.
606 2075 705 2115 260.
734 2075 834 2115 313.
858 2075 957 2115 686.

215 2130 257 2184 2,
292 2135 360 2173 62.
405 2130 446 2183 4,
481 2135 550 2174 54.
591 2135 691 2173 193.
724 2135 824 2174 211.
858 2135 957 2174 295.

217 2193 316 2233 373.
357 2189 399 2243 5,
419 2194 489 2233 22.
510 2194 596 2233 344
614 2192 747 2245 (343).
777 2194 875 2233 710.
915 2190 957 2243 6,

218 2253 316 2291 199.
350 2253 450 2292 805.
502 2249 541 2303 7,
575 2254 660 2292 268
697 2252 800 2305 (359
834 2249 958 2292 idem

215 2308 438 2363 respicit).
462 2307 504 2362 8,
526 2312 623 2351 130.
643 2313 741 2351 387.
768 2308 838 2362 11,
859 2313 956 2352 108.

218 2371 316 2411 180.
335 2366 599 2420 12,41.229.
617 2367 852 2411 Donatum
865 2381 958 2411 non

215 2425 453 2470 nominato
509 2429 698 2470 auctore
753 2427 958 2470 Terentii

215 2498 465 2529 memorem
498 2499 597 2529 esse
633 2486 674 2539 5,
709 2490 763 2529 23
798 2486 956 2542 (Andr.

216 2549 258 2598 4,
292 2549 332 2598 5,
367 2548 454 2599 10).
501 2545 544 2598 9,
578 2549 663 2588 205
713 2546 768 2588 ef.
810 2545 851 2597 2,
886 2550 955 2588 62.

217 2603 390 2658 (heaut.
424 2609 464 2657 2,
499 2608 539 2657 3,
574 2607 645 2660 73)
678 2606 814 2659 putat
845 2619 885 2647 v,
913 2604 955 2646 d.

217 2661 405 2705 Hoeven
435 2677 479 2718 p.
507 2668 560 2705 41
574 2677 673 2718 sqq.

156 2722 332 2764 tessera
364 2721 478 2776 quid
510 2722 572 2765 sit
606 2723 644 2775 7,
671 2727 769 2765 637.

156 2780 343 2823 testudo
362 2780 476 2834 quid
494 2781 556 2824 sit
572 2782 613 2835 1,
628 2786 785 2825 505.—
798 2780 839 2833 9,
857 2784 955 2823 505.

157 2838 334 2882 Teucer
370 2839 413 2892 3,
447 2843 546 2883 180.
579 2866 633 2874 -
667 2840 843 2883 Teucro
877 2840 957 2882 ad-

217 2897 437 2941 scribitur
475 2900 600 2954 quod
640 2899 848 2942 Dardani
888 2901 957 2941 est

218 2956 292 3012 (cf.
319 2956 459 3013 Serv.)
493 2957 534 3012 1,
560 2963 659 3002 235.

1741 165 1850 218 683

1050 295 1466 340 teutra=scutum
1498 294 1569 349 10,
1594 299 1694 340 402.

1050 355 1287 399 theatrum
1319 353 1434 410 quid
1465 354 1527 398 sit
1557 354 1599 408 5,
1625 358 1725 398 288.

1050 414 1211 458 thema
1228 436 1262 449 =
1277 413 1407 457 locus
1424 414 1680 457 communis
1697 414 1738 468 2,
1750 418 1851 458 403.

1111 498 1167 506 -
1192 473 1424 518 Aeneidos
1454 487 1494 516 v.
1513 473 1695 517 Aeneis.

1050 531 1208 576 tholus
1241 532 1355 588 quid
1388 532 1451 576 sit
1480 531 1523 587 9,
1549 536 1650 576 408.

1050 591 1219 635 thorax
1235 591 1348 648 quid
1366 591 1428 635 sit
1447 590 1518 645 10,
1537 595 1636 635 337.
1662 590 1733 645 11,
1750 595 1850 635 487.

1051 650 1252 707 Thybris
1270 651 1475 695 omnium
1489 649 1733 694 fluminum
1749 663 1852 707 reg-

1110 712 1248 754 nator
1278 709 1320 764 8,
1347 715 1416 753 77.

1051 769 1198 813 tiaras
1231 769 1345 825 quid
1377 768 1439 812 sit
1471 769 1511 822 7,
1536 773 1636 812 247.

1052 828 1306 884 Tisiphone
1338 842 1420 872 cur
1441 828 1623 884 pallida
1653 827 1725 882 10,
1752 832 1851 871 761.

1051 887 1223 944 Tityon
1253 889 1560 943 monoptoton
1590 887 1633 942 6,
1659 891 1758 931 595.

1051 947 1314 1003 Torquatus
1354 961 1436 991 cur
1474 960 1637 990 saevus
1675 947 1718 1002 6,
1751 950 1850 990 825.

1050 1009 1208 1050 torvus
1241 1007 1354 1062 quid
1386 1006 1449 1050 sit
1479 1006 1677 1060 10,170.

1050 1066 1250 1110 transire
1282 1068 1329 1109 et
1360 1079 1578 1133 superare
1610 1066 1651 1119 1,
1677 1069 1778 1109 244.

1050 1125 1277 1169 transitus
1305 1125 1440 1180 quasi
1471 1125 1662 1168 alterius
1694 1137 1853 1168 narra-

1110 1184 1252 1227 tionis
1300 1186 1442 1240 caput
1490 1185 1529 1238 7,
1572 1188 1655 1227 733
1704 1183 1762 1227 cf.
1809 1183 1852 1238 2,

1111 1248 1196 1286 437
1231 1245 1278 1287 et
1317 1243 1358 1297 8,
1392 1243 1658 1297 337.cf.8,
1693 1247 1761 1286 18.
1796 1269 1850 1274 -

1110 1302 1335 1346 librorum
1381 1302 1431 1346 in
1473 1303 1680 1346 Aeneide
1720 1301 1850 1356 12,1

1111 1362 1186 1418 (cf.
1210 1362 1474 1418 Aeneidos).
1500 1388 1554 1394 —
1588 1361 1737 1405 taedii
1761 1362 1851 1405 evi-

1109 1421 1244 1464 tandi
1275 1435 1414 1464 causa
1452 1421 1494 1475 6,
1527 1425 1627 1465 854.
1674 1421 1717 1475 8,
1751 1424 1850 1464 337.

1110 1480 1181 1534 10,
1198 1485 1295 1523 185.
1315 1485 1414 1524 575.
1441 1480 1512 1534 11,
1528 1485 1610 1524 647
1623 1480 1852 1536 (ofiinter-

1110 1540 1297 1595 ruptio).
1332 1565 1387 1571 —
1431 1553 1516 1595 per
1554 1540 1851 1583 omissionem

1111 1601 1171 1654 (=
1187 1599 1584 1654 praeteritionem)
1618 1599 1660 1653 6,
1686 1604 1787 1643 601.

1050 1658 1296 1702 translatio
1330 1658 1582 1701 adnotatur
1612 1658 1654 1711 1,
1676 1663 1775 1702 672.
1808 1657 1852 1712 5,

1112 1722 1210 1760 142.
1237 1722 1336 1761 662.
1380 1718 1418 1770 7,
1444 1721 1544 1760 594.
1570 1721 1669 1761 598.
1710 1717 1850 1770 8,19.

1110 1802 1165 1808 ——
1212 1776 1568 1820 translationem
1615 1776 1851 1833 Vergilius

1109 1838 1216 1891 post
1260 1835 1536 1891 parabolam
1590 1836 1762 1880 retinet
1811 1836 1850 1890 7,

1110 1899 1210 1939 594.
1237 1899 1335 1939 598.
1370 1894 1441 1949 10,
1467 1899 1566 1939 809.

1049 1955 1257 1998 tremunt
1289 1967 1409 2010 quae
1448 1953 1591 2011 longa
1627 1954 1735 1997 sunt
1765 1966 1852 1997 nec

1108 2013 1265 2056 valida
1297 2013 1367 2067 12,
1394 2018 1463 2056 94.

1049 2073 1261 2128 trepidus
1287 2071 1401 2128 quid
1426 2071 1658 2129 significet
1681 2071 1723 2126 9,
1751 2075 1849 2115 169.

1048 2131 1255 2175 triclinia
1294 2132 1525 2187 quomodo
1566 2131 1851 2187 adparentur

1048 2249 1236 2305 tripoda
1267 2249 1382 2306 quid
1414 2250 1475 2293 sit
1505 2249 1547 2303 3,
1574 2254 1673 2293 360.

1049 2309 1232 2353 Triviae
1262 2309 1392 2352 lacus
1424 2309 1631 2353 Avernus
1674 2309 1712 2361 7,
1746 2312 1847 2352 516.

1049 2367 1450 2412 Troia=tro-i-a
1492 2368 1534 2421 5,
1561 2372 1630 2411 38.
1677 2368 1715 2421 7,
1748 2370 1848 2411 521.

1110 2427 1180 2481 11,
1196 2431 1294 2470 350.
1311 2453 1366 2459 -
1381 2427 1546 2470 Troiae
1562 2427 1700 2470 ludus
1715 2429 1848 2481 quot-

1109 2487 1243 2529 annis
1285 2486 1538 2541 replicatur
1576 2486 1618 2540 5,
1652 2490 1750 2529 602.
1792 2511 1848 2516 —

1107 2545 1290 2589 moenia
1345 2545 1389 2587 vi
1452 2544 1739 2588 flammarum
1800 2544 1849 2587 in

1109 2604 1284 2648 calcem
1317 2617 1536 2647 conversa
1567 2603 1608 2658 9,
1637 2609 1734 2647 145.

1048 2663 1236 2706 Troiani
1254 2677 1358 2706 cum
1372 2663 1558 2706 Rutulis
1576 2675 1847 2718 comparan-

1108 2725 1185 2766 tur
1215 2737 1254 2766 v.
1281 2722 1456 2765 Rutuli.
1488 2748 1541 2754 —-
1569 2724 1849 2765 excusantur

1108 2781 1150 2833 2,
1177 2786 1244 2824 21.
1275 2785 1371 2824 195.
1400 2785 1498 2823 197.
1525 2785 1623 2824 200.
1658 2785 1756 2824 366.
1808 2781 1847 2834 7,

1110 2844 1178 2883 38.
1211 2840 1253 2893 9,
1273 2844 1341 2882 39.
1373 2839 1443 2893 ll,
1464 2845 1561 2883 110.
1577 2866 1631 2872 --
1650 2839 1845 2882 laudan-

1107 2901 1185 2942 tur
1216 2899 1257 2951 1,
1284 2903 1352 2941 33.
1385 2899 1427 2952 3,
1448 2903 1533 2942 360
1549 2901 1682 2955 (359).
1716 2899 1757 2953 5,
1775 2903 1845 2942 45.

1110 2962 1208 3001 108.
1252 2958 1295 3011 6,
1330 2962 1427 3001 179.
1461 2962 1561 3001 493.
1608 2959 1645 3012 7,
1672 2963 1741 3001 21.
1776 2962 1844 3000 38.
