2078 3260
81 672 100 705 5

58 1045 100 1077 10

57 1415 99 1448 15

57 1787 99 1819 20

56 2156 99 2190 25

57 2528 100 2560 30

769 220 896 265 AEN
897 220 1074 266 EIDOS
1104 219 1191 265 XII
1717 223 1824 278 597

132 362 254 424 quid
284 363 414 411 esset
442 377 723 424 procursus.
779 362 1071 421 Turnusque
1096 365 1287 410 secutus
1308 361 1460 409 imam
1481 361 1607 409 inter
1634 363 1828 423 qaleam

130 437 310 484 summi
346 436 555 484 thoracis
594 439 636 483 et
673 450 788 484 oras
827 437 1027 484 abstulit
1056 450 1166 484 ense
1197 438 1343 496 eaput
1371 438 1687 495 trum-umque
1716 438 1828 484 reli-

131 511 234 570 quit
261 511 498 558 harenae:
550 526 685 572 mox,
722 510 911 572 inquit,
950 513 1010 558 ut
1034 509 1120 558 ille
1151 510 1446 573 provolutus
1475 510 1653 572 iacuit,
1690 510 1826 559 illico

131 587 328 632 secutus
367 586 442 632 est
480 584 675 633 Turnus
722 587 773 632 et
816 585 948 632 inter
985 585 1167 632 loricae
1205 584 1318 633 finis
1365 586 1416 632 et
1460 584 1631 648 galeae
1678 588 1829 647 caput

131 659 234 707 eius
274 657 444 722 gladio
490 658 703 707 abscidit
746 658 1031 721 relinquens
1069 659 1284 707 harenae
1322 660 1555 707 truncum
1593 660 1826 721 corporis.

247 731 407 793 Atque
438 747 497 780 ea
527 733 644 780 dum
675 733 861 793 eampis
890 733 1041 780 victor
1071 733 1158 780 dat
1183 735 1366 792 funera
1390 732 1612 790 Turnus,
1643 733 1829 781 interea

129 804 336 854 Aenean
358 807 644 855 Mnestheus
675 811 718 855 et
745 807 877 866 fidus
900 805 1110 855 Achates
1133 804 1475 866 Ascaniusque
1495 821 1625 868 puer
1655 808 1830 856 eastris
1845 817 1931 857 385

129 883 339 928 statuere
378 884 648 937 cruentum,
690 881 901 929 alternos
940 881 1084 942 lonqa
1120 882 1347 929 nitentem
1384 879 1582 941 cuspide
1608 896 1831 942 qressus:

131 955 251 1002 dum
298 954 422 1003 haec
468 957 638 1019 ageret
683 955 878 1003 Turnus
929 957 980 1003 et
1031 957 1111 1003 tot
1158 955 1336 1003 funera
1384 954 1545 1004 victor
1590 955 1732 1004 daret
1775 957 1830 1004 in

131 1044 329 1091 campo,
376 1029 568 1078 Aeneas
608 1030 687 1078 vel
726 1029 932 1078 Troiani
977 1045 1090 1077 cum
1131 1045 1187 1077 eo
1229 1028 1351 1092 quid
1390 1031 1596 1094 agerent
1633 1028 1828 1080 dicitur.

130 1103 416 1151 Mnestheus
456 1106 607 1166 atque
637 1103 878 1164 AchateS,
916 1104 1106 1165 inquit,
1145 1105 1195 1151 et
1230 1103 1487 1164 AscaniuS,
1518 1104 1637 1152 licet
1668 1104 1830 1153 adhuc

130 1193 267 1239 puer,
298 1178 456 1226 sciens
486 1180 656 1226 tamen
689 1177 810 1240 quid
839 1178 975 1241 patri
994 1178 1074 1226 vel
1097 1177 1310 1225 maxime
1342 1178 1604 1227 vulnerato
1637 1177 1830 1227 debere-

130 1254 236 1313 tur,
276 1254 564 1300 statuerunt
602 1267 714 1300 eum
760 1254 1019 1300 cruentum
1065 1268 1123 1299 ex
1160 1253 1384 1312 vulnere,
1431 1252 1616 1300 auxilio
1653 1253 1828 1301 hastae

130 1328 409 1374 moventem
447 1342 658 1390 gressus.
734 1326 821 1374 ubi
858 1341 1147 1388 percussum
1194 1326 1428 1375 describit
1475 1342 1575 1374 non
1613 1326 1832 1376 ostendit

130 1403 280 1462 poeta
324 1401 544 1450 vulneris
590 1401 776 1462 locum,
826 1400 912 1449 sed
959 1416 1071 1448 cum
1116 1399 1196 1448 hic
1242 1400 1364 1449 dicit
1414 1401 1631 1449 alternos
1677 1401 1830 1465 longa

130 1474 373 1522 nitentem
422 1474 626 1537 cuspide
672 1490 893 1539 gressus,
946 1474 1234 1538 intellegere
1279 1490 1542 1537 possumus
1589 1476 1830 1539 sagittam

129 1548 246 1611 pedi
284 1549 390 1597 eius
421 1550 708 1598 inhaesisse.
762 1550 940 1598 saevit:
970 1565 1069 1596 non
1102 1549 1355 1598 saeviebat
1393 1565 1451 1597 ex
1478 1549 1703 1612 vulnere,
1743 1550 1830 1598 sed

131 1622 263 1685 quod
293 1623 578 1671 tardaretur
613 1639 643 1671 a
683 1623 835 1685 bello,
875 1623 1086 1686 denique
1126 1625 1352 1685 sequitur
1398 1627 1442 1671 et
1475 1624 1694 1683 infracta
1733 1625 1830 1672 bue-

130 1701 262 1745 tatur
299 1698 577 1746 harundine
615 1698 759 1745 telum
800 1698 1007 1758 eripere:
1057 1713 1164 1746 ecce
1208 1697 1460 1761 inpatiens
1501 1698 1693 1747 animus
1732 1697 1831 1747 viri

131 1771 275 1820 fortis
327 1788 427 1820 non
474 1773 754 1835 expectavit
796 1775 855 1820 ut
901 1772 1071 1820 ordine
1117 1771 1390 1820 medicinae
1436 1773 1624 1836 sagitta
1669 1775 1828 1821 extra·

131 1847 332 1894 heretur
370 1862 395 1894 e
434 1847 659 1908 vulnere3
705 1862 870 1895 moras
909 1846 1039 1894 enim
1071 1862 1171 1894 non
1209 1846 1422 1907 ferebat,
1462 1862 1589 1909 quae
1628 1846 1831 1896 fuerant

130 1921 422 1982 properanti
459 1922 751 1970 contrariae.
819 1937 994 1982 manu,
1031 1921 1219 1984 inquit,
1257 1921 1463 1984 propria
1499 1921 1830 1970 harundinem

132 1994 363 2057 cupiebat
407 1995 665 2059 effringere
704 1996 988 2058 ferrumque
1034 1997 1199 2058 ipsum
1246 1995 1450 2058 eripere.
1526 1996 1714 2058 eripere
1754 1999 1831 2044 est

131 2085 230 2117 non
268 2069 520 2117 retrahere
558 2070 827 2133 paulatim,
867 2070 951 2117 sed
991 2070 1141 2118 semel
1178 2085 1375 2132 rapere,
1415 2069 1548 2133 quod
1580 2069 1689 2118 fieri
1726 2071 1829 2119 sine

130 2159 313 2207 magno
353 2145 574 2206 corporis
622 2144 755 2192 malo
806 2160 905 2192 non
950 2144 1136 2206 potuit,
1190 2146 1249 2192 ut
1295 2144 1382 2207 qui
1425 2145 1728 2207 properabat
1765 2145 1830 2193 ad

131 2233 361 2280 campum
398 2219 611 2266 maiores
651 2233 797 2266 curae
829 2233 1002 2266 causas
1039 2218 1334 2266 adnecteret.
1388 2219 1665 2278 auxilioque
1694 2219 1828 2267 viam

131 2306 254 2350 quae
276 2292 510 2352 proxima
531 2293 713 2353 poscit:
752 2306 863 2340 ense
892 2296 1050 2340 secent
1079 2293 1175 2341 lato
1206 2293 1411 2342 vulnus:
1449 2294 1568 2355 quia
1593 2293 1827 2356 sagittam

131 2382 230 2414 non
282 2367 480 2427 poterat
531 2382 726 2428 rapere,
782 2368 1018 2429 quoniam
1071 2367 1233 2416 hamis
1286 2367 1495 2416 interius
1548 2366 1826 2427 tenebatur,

131 2439 328 2487 dicebat
364 2438 640 2501 proximam
691 2456 795 2489 esse
844 2441 1028 2489 auxilio
1073 2442 1230 2503 viam,
1279 2441 1333 2488 id
1371 2443 1446 2490 est
1483 2440 1682 2489 facilius
1721 2455 1826 2490 esse

131 2516 181 2562 et
219 2514 423 2561 celerius
462 2515 722 2575 provenire
759 2530 902 2576 posse
939 2515 1234 2575 remedium,
1273 2518 1331 2564 ut
1368 2516 1472 2564 lato
1509 2531 1622 2563 ense
1662 2517 1827 2564 secent

131 2588 325 2636 vulnuS.
373 2587 543 2646 telique
575 2588 811 2636 latebram
840 2589 1122 2638 rescindant
1147 2591 1349 2650 penitus
1378 2603 1572 2649 seseque
1608 2590 1662 2636 in
1701 2589 1826 2637 bella
1842 2599 1927 2639 390

130 2663 388 2717 remittant,
415 2661 647 2724 quoniam
671 2663 760 2710 illo
784 2665 1006 2725 tempore
1029 2663 1224 2712 odiosas
1248 2663 1422 2711 habuit
1444 2678 1622 2711 moras.
1661 2665 1824 2711 totum

252 2808 276 2846 7
314 2817 430 2859 puer
460 2802 502 2846 V
534 2803 606 2846 ed.
638 2817 781 2848 comes
812 2803 862 2847 O.
986 2809 1041 2848 13
1074 2819 1174 2849 eum
1199 2805 1238 2847 V
1263 2805 1351 2849 edI
1382 2819 1481 2849 eum
1512 2806 1676 2849 castris
1706 2805 1822 2849 edF.

134 2867 188 2905 15
219 2863 293 2906 hie
323 2876 411 2906 om.
438 2862 554 2905 edF.
644 2867 699 2906 18
731 2877 788 2907 ex
810 2863 923 2907 bello
947 2864 1018 2908 ed.
1103 2869 1157 2907 21
1192 2878 1246 2908 ex
1268 2864 1452 2911 vulnere
1476 2863 1545 2907 ed.
1632 2868 1686 2907 22
1720 2878 1824 2909 con-

131 2923 281 2965 traria
303 2920 346 2964 V
369 2922 441 2965 ed.
527 2925 582 2964 23
606 2922 858 2979 infrinqere
881 2922 953 2966 ed.
1032 2928 1086 2966 26
1111 2925 1304 2968 maiores
1327 2922 1366 2966 V
1393 2928 1435 2967 et
1455 2923 1646 2967 maioris
1668 2923 1785 2968 edF.
1814 2924 1819 2983 Ι

132 2993 274 3024 eausa
304 2980 376 3024 ed.
409 2995 595 3025 eausam
625 2986 815 3025 necteret
854 2981 924 3026 ed,
957 2984 1076 3038 post.
1210 2986 1266 3026 28
1298 2996 1400 3027 cum
1421 3008 1475 3015 —
1496 2987 1720 3028 teneretur
1750 2983 1820 3027 ed.

136 3043 190 3082 31
223 3039 421 3084 latebras
452 3039 524 3084 ed.
569 3040 574 3098 Ι
623 3041 892 3086 rescendant
922 3040 976 3085 V.
