<?xml version="1.0" encoding="UTF-8"?>
<!DOCTYPE html PUBLIC "-//W3C//DTD XHTML 1.0 Transitional//EN"
    "http://www.w3.org/TR/xhtml1/DTD/xhtml1-transitional.dtd">
<html xmlns="http://www.w3.org/1999/xhtml" xml:lang="en" lang="en">
 <head>
  <title>
</title>
<meta http-equiv="Content-Type" content="text/html;charset=utf-8" />
  <meta name='ocr-system' content='tesseract 3.04.00' />
  <meta name='ocr-capabilities' content='ocr_page ocr_carea ocr_par ocr_line ocrx_word'/>
</head>
<body>
  <div class='ocr_page' id='page_1' title='image "./interpretationes02donauoft_0011.png"; bbox 0 0 2054 3208; ppageno 0'>
   <div class='ocr_carea' id='block_1_1' title="bbox 70 959 113 991">
    <p class='ocr_par' dir='ltr' id='par_1_1' title="bbox 70 959 113 991">
     <span class='ocr_line' id='line_1_1' title="bbox 70 959 113 991; baseline 0.023 -1"><span class='ocrx_word' id='word_1_1' title='bbox 70 959 113 991; x_wconf 87' lang='lat'><strong>10</strong></span> 
     </span>
    </p>
   </div>
   <div class='ocr_carea' id='block_1_2' title="bbox 70 1329 111 1362">
    <p class='ocr_par' dir='ltr' id='par_1_2' title="bbox 70 1329 111 1362">
     <span class='ocr_line' id='line_1_2' title="bbox 70 1329 111 1362; baseline 0 0"><span class='ocrx_word' id='word_1_2' title='bbox 70 1329 111 1362; x_wconf 78' lang='lat'><strong>15</strong></span> 
     </span>
    </p>
   </div>
   <div class='ocr_carea' id='block_1_3' title="bbox 0 1687 110 1734">
    <p class='ocr_par' dir='ltr' id='par_1_3' title="bbox 0 1687 110 1734">
     <span class='ocr_line' id='line_1_3' title="bbox 0 1687 110 1734; baseline 0 0"><span class='ocrx_word' id='word_1_3' title='bbox 0 1687 110 1734; x_wconf 67' lang='lat'><strong>:³20</strong></span> 
     </span>
    </p>
   </div>
   <div class='ocr_carea' id='block_1_4' title="bbox 67 2072 109 2105">
    <p class='ocr_par' dir='ltr' id='par_1_4' title="bbox 67 2072 109 2105">
     <span class='ocr_line' id='line_1_4' title="bbox 67 2072 109 2105; baseline 0.024 -1"><span class='ocrx_word' id='word_1_4' title='bbox 67 2072 109 2105; x_wconf 81' lang='lat'><strong>25</strong></span> 
     </span>
    </p>
   </div>
   <div class='ocr_carea' id='block_1_5' title="bbox 790 137 1843 194">
    <p class='ocr_par' dir='ltr' id='par_1_5' title="bbox 790 137 1843 194">
     <span class='ocr_line' id='line_1_5' title="bbox 790 137 1843 194; baseline 0 -11"><span class='ocrx_word' id='word_1_5' title='bbox 790 138 1096 184; x_wconf 79' lang='lat' dir='ltr'><strong>AENEIDos</strong></span> <span class='ocrx_word' id='word_1_6' title='bbox 1119 137 1207 183; x_wconf 86' lang='lat' dir='ltr'><strong>vn</strong></span> <span class='ocrx_word' id='word_1_7' title='bbox 1813 142 1843 194; x_wconf 84' lang='lat'><strong>7</strong></span> 
     </span>
    </p>
   </div>
   <div class='ocr_carea' id='block_1_6' title="bbox 139 277 1850 2418">
    <p class='ocr_par' dir='ltr' id='par_1_6' title="bbox 139 277 1850 2418">
     <span class='ocr_line' id='line_1_6' title="bbox 147 277 1846 343; baseline 0 -16"><span class='ocrx_word' id='word_1_8' title='bbox 147 279 336 342; x_wconf 87' lang='lat' dir='ltr'><strong>inquit,</strong></span> <span class='ocrx_word' id='word_1_9' title='bbox 375 279 498 328; x_wconf 90' lang='lat' dir='ltr'><strong>locis</strong></span> <span class='ocrx_word' id='word_1_10' title='bbox 536 279 674 327; x_wconf 90' lang='lat' dir='ltr'><strong>lucos</strong></span> <span class='ocrx_word' id='word_1_11' title='bbox 708 278 886 328; x_wconf 91' lang='lat' dir='ltr'><strong>habuit</strong></span> <span class='ocrx_word' id='word_1_12' title='bbox 916 277 1055 327; x_wconf 83' lang='lat' dir='ltr'><strong>Circe</strong></span> <span class='ocrx_word' id='word_1_13' title='bbox 1087 277 1218 326; x_wconf 85' lang='lat' dir='ltr'><strong>Solis</strong></span> <span class='ocrx_word' id='word_1_14' title='bbox 1248 277 1375 339; x_wconf 88' lang='lat' dir='ltr'><strong>filia,</strong></span> <span class='ocrx_word' id='word_1_15' title='bbox 1407 293 1600 341; x_wconf 83' lang='lat' dir='ltr'>semper</span> <span class='ocrx_word' id='word_1_16' title='bbox 1629 277 1846 343; x_wconf 77' lang='lat' dir='ltr'><strong>vigilans</strong></span> 
     </span>
     <span class='ocr_line' id='line_1_7' title="bbox 148 351 1847 416; baseline 0 -15"><span class='ocrx_word' id='word_1_17' title='bbox 148 355 198 401; x_wconf 89' lang='lat' dir='ltr'><strong>et</strong></span> <span class='ocrx_word' id='word_1_18' title='bbox 244 352 309 401; x_wconf 87' lang='lat' dir='ltr'><strong>ad</strong></span> <span class='ocrx_word' id='word_1_19' title='bbox 351 352 560 402; x_wconf 81' lang='lat' dir='ltr'><strong>insidias</strong></span> <span class='ocrx_word' id='word_1_20' title='bbox 603 369 798 416; x_wconf 89' lang='lat' dir='ltr'><strong>semper</strong></span> <span class='ocrx_word' id='word_1_21' title='bbox 832 353 1049 415; x_wconf 87' lang='lat' dir='ltr'><strong>intenta,</strong></span> <span class='ocrx_word' id='word_1_22' title='bbox 1094 367 1214 402; x_wconf 83' lang='lat' dir='ltr'><strong>voce</strong></span> <span class='ocrx_word' id='word_1_23' title='bbox 1253 351 1502 414; x_wconf 88' lang='lat' dir='ltr'><strong>decipiens</strong></span> <span class='ocrx_word' id='word_1_24' title='bbox 1538 353 1847 402; x_wconf 74' lang='lat' dir='ltr'><strong>transeuntis</strong></span> 
     </span>
     <span class='ocr_line' id='line_1_8' title="bbox 147 425 1850 489; baseline 0 -15"><span class='ocrx_word' id='word_1_25' title='bbox 147 429 199 475; x_wconf 89' lang='lat' dir='ltr'><strong>et</strong></span> <span class='ocrx_word' id='word_1_26' title='bbox 236 426 442 476; x_wconf 90' lang='lat' dir='ltr'><strong>odorato</strong></span> <span class='ocrx_word' id='word_1_27' title='bbox 477 426 666 475; x_wconf 89' lang='lat' dir='ltr'><strong>lumine</strong></span> <span class='ocrx_word' id='word_1_28' title='bbox 699 426 1004 489; x_wconf 90' lang='lat' dir='ltr'><strong>temporibus</strong></span> <span class='ocrx_word' id='word_1_29' title='bbox 1035 425 1210 475; x_wconf 86' lang='lat' dir='ltr'><strong>noctis.</strong></span> <span class='ocrx_word' id='word_1_30' title='bbox 1273 441 1420 489; x_wconf 90' lang='lat' dir='ltr'><strong>quem</strong></span> <span class='ocrx_word' id='word_1_31' title='bbox 1449 441 1550 474; x_wconf 91' lang='lat' dir='ltr'><strong>non</strong></span> <span class='ocrx_word' id='word_1_32' title='bbox 1581 425 1850 475; x_wconf 86' lang='lat' dir='ltr'><strong>delectaret</strong></span> 
     </span>
     <span class='ocr_line' id='line_1_9' title="bbox 146 499 1847 551; baseline -0.001 -1"><span class='ocrx_word' id='word_1_33' title='bbox 146 516 295 550; x_wconf 90' lang='lat' dir='ltr'><strong>sonus</strong></span> <span class='ocrx_word' id='word_1_34' title='bbox 335 501 470 551; x_wconf 88' lang='lat' dir='ltr'><strong>vocis</strong></span> <span class='ocrx_word' id='word_1_35' title='bbox 508 502 562 549; x_wconf 89' lang='lat' dir='ltr'><strong>in</strong></span> <span class='ocrx_word' id='word_1_36' title='bbox 601 500 902 550; x_wconf 86' lang='lat' dir='ltr'><strong>cantilenam</strong></span> <span class='ocrx_word' id='word_1_37' title='bbox 932 499 1172 550; x_wconf 88' lang='lat' dir='ltr'><strong>deductae</strong></span> <span class='ocrx_word' id='word_1_38' title='bbox 1211 501 1262 549; x_wconf 87' lang='lat' dir='ltr'><strong>et</strong></span> <span class='ocrx_word' id='word_1_39' title='bbox 1299 499 1423 549; x_wconf 91' lang='lat' dir='ltr'><strong>odor</strong></span> <span class='ocrx_word' id='word_1_40' title='bbox 1456 499 1590 549; x_wconf 90' lang='lat' dir='ltr'><strong>cedri</strong></span> <span class='ocrx_word' id='word_1_41' title='bbox 1628 500 1847 549; x_wconf 87' lang='lat' dir='ltr'><strong>ardentis</strong></span> 
     </span>
     <span class='ocr_line' id='line_1_10' title="bbox 146 573 1850 639; baseline -0.001 -15"><span class='ocrx_word' id='word_1_42' title='bbox 146 577 197 624; x_wconf 91' lang='lat' dir='ltr'><strong>et</strong></span> <span class='ocrx_word' id='word_1_43' title='bbox 245 578 445 639; x_wconf 91' lang='lat' dir='ltr'><strong>sperata</strong></span> <span class='ocrx_word' id='word_1_44' title='bbox 494 575 742 624; x_wconf 86' lang='lat' dir='ltr'><strong>cantantis</strong></span> <span class='ocrx_word' id='word_1_45' title='bbox 791 573 1059 623; x_wconf 81' lang='lat' dir='ltr'><strong>hilaritas?</strong></span> <span class='ocrx_word' id='word_1_46' title='bbox 1132 574 1448 635; x_wconf 78' lang='lat' dir='ltr'><strong>incendebat,</strong></span> <span class='ocrx_word' id='word_1_47' title='bbox 1489 574 1676 636; x_wconf 90' lang='lat' dir='ltr'><strong>inquit,</strong></span> <span class='ocrx_word' id='word_1_48' title='bbox 1716 574 1850 623; x_wconf 90' lang='lat' dir='ltr'><strong>cedri</strong></span> 
     </span>
     <span class='ocr_line' id='line_1_11' title="bbox 144 649 1847 712; baseline 0 -15"><span class='ocrx_word' id='word_1_49' title='bbox 144 651 405 698; x_wconf 77' lang='lat' dir='ltr'><strong>materiem</strong></span> <span class='ocrx_word' id='word_1_50' title='bbox 435 649 752 712; x_wconf 89' lang='lat' dir='ltr'><strong>persolidam,</strong></span> <span class='ocrx_word' id='word_1_51' title='bbox 784 665 912 711; x_wconf 91' lang='lat' dir='ltr'><strong>quae</strong></span> <span class='ocrx_word' id='word_1_52' title='bbox 942 649 1165 698; x_wconf 90' lang='lat' dir='ltr'><strong>naturali</strong></span> <span class='ocrx_word' id='word_1_53' title='bbox 1194 649 1414 697; x_wconf 85' lang='lat' dir='ltr'><strong>fomento</strong></span> <span class='ocrx_word' id='word_1_54' title='bbox 1445 650 1707 712; x_wconf 89' lang='lat' dir='ltr'><strong>tamquam</strong></span> <span class='ocrx_word' id='word_1_55' title='bbox 1738 649 1847 697; x_wconf 90' lang='lat' dir='ltr'><strong>oleo</strong></span> 
     </span>
     <span class='ocr_line' id='line_1_12' title="bbox 144 722 1850 786; baseline 0 -15"><span class='ocrx_word' id='word_1_56' title='bbox 144 723 346 773; x_wconf 90' lang='lat' dir='ltr'><strong>madida</strong></span> <span class='ocrx_word' id='word_1_57' title='bbox 397 723 626 772; x_wconf 89' lang='lat' dir='ltr'><strong>incendia</strong></span> <span class='ocrx_word' id='word_1_58' title='bbox 676 725 790 786; x_wconf 89' lang='lat' dir='ltr'><strong>ipsa</strong></span> <span class='ocrx_word' id='word_1_59' title='bbox 842 723 1110 772; x_wconf 90' lang='lat' dir='ltr'><strong>nutriebat.</strong></span> <span class='ocrx_word' id='word_1_60' title='bbox 1195 722 1260 771; x_wconf 89' lang='lat' dir='ltr'><strong>ad</strong></span> <span class='ocrx_word' id='word_1_61' title='bbox 1311 724 1405 771; x_wconf 92' lang='lat' dir='ltr'><strong>hoc</strong></span> <span class='ocrx_word' id='word_1_62' title='bbox 1458 723 1627 771; x_wconf 90' lang='lat' dir='ltr'><strong>lumen</strong></span> <span class='ocrx_word' id='word_1_63' title='bbox 1679 723 1850 771; x_wconf 88' lang='lat' dir='ltr'><strong>lanam</strong></span> 
     </span>
     <span class='ocr_line' id='line_1_13' title="bbox 146 797 1847 862; baseline -0.001 -16"><span class='ocrx_word' id='word_1_64' title='bbox 146 797 355 847; x_wconf 89' lang='lat' dir='ltr'><strong>curabat</strong></span> <span class='ocrx_word' id='word_1_65' title='bbox 392 800 444 846; x_wconf 88' lang='lat' dir='ltr'><strong>et</strong></span> <span class='ocrx_word' id='word_1_66' title='bbox 480 797 656 859; x_wconf 89' lang='lat' dir='ltr'><strong>telam,</strong></span> <span class='ocrx_word' id='word_1_67' title='bbox 703 799 761 846; x_wconf 89' lang='lat' dir='ltr'><strong>ut</strong></span> <span class='ocrx_word' id='word_1_68' title='bbox 796 797 1009 862; x_wconf 84' lang='lat' dir='ltr'><strong>pervigil</strong></span> <span class='ocrx_word' id='word_1_69' title='bbox 1047 813 1152 846; x_wconf 88' lang='lat' dir='ltr'><strong>esse</strong></span> <span class='ocrx_word' id='word_1_70' title='bbox 1203 797 1472 860; x_wconf 87' lang='lat' dir='ltr'><strong>potuisset,</strong></span> <span class='ocrx_word' id='word_1_71' title='bbox 1519 814 1581 845; x_wconf 91' lang='lat' dir='ltr'><strong>ne</strong></span> <span class='ocrx_word' id='word_1_72' title='bbox 1620 797 1847 845; x_wconf 74' lang='lat' dir='ltr'><strong>fraudem</strong></span> 
     </span>
     <span class='ocr_line' id='line_1_14' title="bbox 143 871 1850 935; baseline -0.001 -15"><span class='ocrx_word' id='word_1_73' title='bbox 143 872 301 920; x_wconf 88' lang='lat' dir='ltr'><strong>ullam</strong></span> <span class='ocrx_word' id='word_1_74' title='bbox 362 872 559 920; x_wconf 90' lang='lat' dir='ltr'><strong>oblatae</strong></span> <span class='ocrx_word' id='word_1_75' title='bbox 621 871 895 920; x_wconf 81' lang='lat' dir='ltr'><strong>occasionis</strong></span> <span class='ocrx_word' id='word_1_76' title='bbox 950 872 1217 920; x_wconf 86' lang='lat' dir='ltr'><strong>amitteret.</strong></span> <span class='ocrx_word' id='word_1_77' title='bbox 1306 871 1601 935; x_wconf 83' lang='lat' dir='ltr'><strong>navigantes</strong></span> <span class='ocrx_word' id='word_1_78' title='bbox 1654 871 1850 920; x_wconf 90' lang='lat' dir='ltr'><strong>interea</strong></span> 
     </span>
     <span class='ocr_line' id='line_1_15' title="bbox 145 945 1846 1009; baseline 0 -15"><span class='ocrx_word' id='word_1_79' title='bbox 145 949 448 1008; x_wconf 89' lang='lat' dir='ltr'><strong>oportunum</strong></span> <span class='ocrx_word' id='word_1_80' title='bbox 494 946 772 1009; x_wconf 88' lang='lat' dir='ltr'><strong>hospitium</strong></span> <span class='ocrx_word' id='word_1_81' title='bbox 819 945 921 994; x_wconf 89' lang='lat' dir='ltr'><strong>rati</strong></span> <span class='ocrx_word' id='word_1_82' title='bbox 973 962 1074 994; x_wconf 93' lang='lat' dir='ltr'><strong>non</strong></span> <span class='ocrx_word' id='word_1_83' title='bbox 1126 946 1432 995; x_wconf 86' lang='lat' dir='ltr'><strong>iuvabantur</strong></span> <span class='ocrx_word' id='word_1_84' title='bbox 1481 946 1667 994; x_wconf 83' lang='lat' dir='ltr'><strong>auxilio</strong></span> <span class='ocrx_word' id='word_1_85' title='bbox 1718 961 1846 994; x_wconf 92' lang='lat' dir='ltr'><strong>com-</strong></span> 
     </span>
     <span class='ocr_line' id='line_1_16' title="bbox 143 1020 1849 1083; baseline 0 -15"><span class='ocrx_word' id='word_1_86' title='bbox 143 1022 413 1081; x_wconf 87' lang='lat' dir='ltr'><strong>manentis,</strong></span> <span class='ocrx_word' id='word_1_87' title='bbox 454 1020 540 1069; x_wconf 92' lang='lat' dir='ltr'><strong>sed</strong></span> <span class='ocrx_word' id='word_1_88' title='bbox 578 1021 693 1068; x_wconf 91' lang='lat' dir='ltr'><strong>dolo</strong></span> <span class='ocrx_word' id='word_1_89' title='bbox 734 1020 1061 1083; x_wconf 87' lang='lat' dir='ltr'><strong>capiebantur</strong></span> <span class='ocrx_word' id='word_1_90' title='bbox 1106 1023 1158 1068; x_wconf 92' lang='lat' dir='ltr'><strong>et</strong></span> <span class='ocrx_word' id='word_1_91' title='bbox 1198 1020 1388 1069; x_wconf 89' lang='lat' dir='ltr'><strong>fraude.</strong></span> <span class='ocrx_word' id='word_1_92' title='bbox 1464 1021 1578 1068; x_wconf 82' lang='lat' dir='ltr'><strong>hinc</strong></span> <span class='ocrx_word' id='word_1_93' title='bbox 1622 1021 1849 1068; x_wconf 75' lang='lat' dir='ltr'><strong>exaudiri</strong></span> 
     </span>
     <span class='ocr_line' id='line_1_17' title="bbox 139 1095 1847 1156; baseline -0.001 -13"><span class='ocrx_word' id='word_1_94' title='bbox 139 1096 346 1156; x_wconf 63' lang='lat' dir='ltr'><strong>gemitus</strong></span> <span class='ocrx_word' id='word_1_95' title='bbox 397 1095 595 1154; x_wconf 75' lang='lat' dir='ltr'><strong>iraeque</strong></span> <span class='ocrx_word' id='word_1_96' title='bbox 653 1095 844 1143; x_wconf 84' lang='lat' dir='ltr'><strong>leonwm</strong></span> <span class='ocrx_word' id='word_1_97' title='bbox 903 1095 1068 1143; x_wconf 79' lang='lat' dir='ltr'><strong>vincla</strong></span> <span class='ocrx_word' id='word_1_98' title='bbox 1130 1098 1442 1143; x_wconf 77' lang='lat' dir='ltr'><strong>recusantum</strong></span> <span class='ocrx_word' id='word_1_99' title='bbox 1497 1098 1540 1142; x_wconf 76' lang='lat' dir='ltr'><strong>et</strong></span> <span class='ocrx_word' id='word_1_100' title='bbox 1591 1109 1704 1143; x_wconf 86' lang='lat' dir='ltr'><strong>sera</strong></span> <span class='ocrx_word' id='word_1_101' title='bbox 1757 1096 1847 1143; x_wconf 92' lang='lat' dir='ltr'><strong>sub</strong></span> 
     </span>
     <span class='ocr_line' id='line_1_18' title="bbox 143 1169 1848 1230; baseline -0.001 -13"><span class='ocrx_word' id='word_1_102' title='bbox 143 1173 276 1217; x_wconf 74' lang='lat' dir='ltr'><strong>nocte</strong></span> <span class='ocrx_word' id='word_1_103' title='bbox 311 1169 572 1217; x_wconf 80' lang='lat' dir='ltr'><strong>rudentwm</strong></span> <span class='ocrx_word' id='word_1_104' title='bbox 609 1170 925 1230; x_wconf 75' lang='lat' dir='ltr'><strong>saetiyerique</strong></span> <span class='ocrx_word' id='word_1_105' title='bbox 961 1183 1075 1218; x_wconf 87' lang='lat' dir='ltr'><strong>sues</strong></span> <span class='ocrx_word' id='word_1_106' title='bbox 1113 1172 1255 1229; x_wconf 79' lang='lat' dir='ltr'><strong>atquc</strong></span> <span class='ocrx_word' id='word_1_107' title='bbox 1292 1170 1347 1217; x_wconf 89' lang='lat' dir='ltr'><strong>in</strong></span> <span class='ocrx_word' id='word_1_108' title='bbox 1386 1169 1711 1229; x_wconf 76' lang='lat' dir='ltr'><strong>praesepibus</strong></span> <span class='ocrx_word' id='word_1_109' title='bbox 1740 1170 1848 1217; x_wconf 89' lang='lat' dir='ltr'><strong>ursi</strong></span> 
     </span>
     <span class='ocr_line' id='line_1_19' title="bbox 142 1243 1849 1304; baseline -0.001 -13"><span class='ocrx_word' id='word_1_110' title='bbox 142 1244 331 1292; x_wconf 81' lang='lat' dir='ltr'><strong>saevire</strong></span> <span class='ocrx_word' id='word_1_111' title='bbox 368 1246 414 1292; x_wconf 81' lang='lat' dir='ltr'><strong>et</strong></span> <span class='ocrx_word' id='word_1_112' title='bbox 447 1244 638 1303; x_wconf 81' lang='lat' dir='ltr'><strong>formae</strong></span> <span class='ocrx_word' id='word_1_113' title='bbox 674 1257 964 1304; x_wconf 75' lang='lat' dir='ltr'><strong>maynorwm</strong></span> <span class='ocrx_word' id='word_1_114' title='bbox 1002 1243 1197 1292; x_wconf 85' lang='lat' dir='ltr'><strong>ululare</strong></span> <span class='ocrx_word' id='word_1_115' title='bbox 1239 1244 1486 1304; x_wconf 84' lang='lat' dir='ltr'><strong>luporum,</strong></span> <span class='ocrx_word' id='word_1_116' title='bbox 1536 1257 1654 1304; x_wconf 77' lang='lat' dir='ltr'><strong>quos</strong></span> <span class='ocrx_word' id='word_1_117' title='bbox 1698 1243 1849 1291; x_wconf 81' lang='lat' dir='ltr'><strong>homi-</strong></span> 
     </span>
     <span class='ocr_line' id='line_1_20' title="bbox 141 1315 1848 1378; baseline -0.001 -13"><span class='ocrx_word' id='word_1_118' title='bbox 141 1332 262 1365; x_wconf 86' lang='lat' dir='ltr'><strong>num</strong></span> <span class='ocrx_word' id='word_1_119' title='bbox 300 1332 357 1365; x_wconf 74' lang='lat' dir='ltr'><strong>eoe</strong></span> <span class='ocrx_word' id='word_1_120' title='bbox 393 1318 523 1377; x_wconf 79' lang='lat' dir='ltr'><strong>facie</strong></span> <span class='ocrx_word' id='word_1_121' title='bbox 561 1318 654 1366; x_wconf 88' lang='lat' dir='ltr'><strong>dea</strong></span> <span class='ocrx_word' id='word_1_122' title='bbox 682 1332 833 1366; x_wconf 81' lang='lat' dir='ltr'><strong>saeva</strong></span> <span class='ocrx_word' id='word_1_123' title='bbox 866 1319 1145 1378; x_wconf 74' lang='lat' dir='ltr'><strong>potentibus</strong></span> <span class='ocrx_word' id='word_1_124' title='bbox 1174 1318 1334 1366; x_wconf 81' lang='lat' dir='ltr'><strong>herbis</strong></span> <span class='ocrx_word' id='word_1_125' title='bbox 1364 1318 1596 1366; x_wconf 80' lang='lat' dir='ltr'><strong>induerat</strong></span> <span class='ocrx_word' id='word_1_126' title='bbox 1627 1315 1764 1365; x_wconf 78' lang='lat' dir='ltr'><strong>Circe</strong></span> <span class='ocrx_word' id='word_1_127' title='bbox 1793 1318 1848 1364; x_wconf 89' lang='lat' dir='ltr'><strong>in</strong></span> 
     </span>
     <span class='ocr_line' id='line_1_21' title="bbox 141 1391 1849 1456; baseline -0.001 -17"><span class='ocrx_word' id='word_1_128' title='bbox 141 1392 304 1440; x_wconf 81' lang='lat' dir='ltr'><strong>vultus</strong></span> <span class='ocrx_word' id='word_1_129' title='bbox 355 1406 413 1440; x_wconf 89' lang='lat' dir='ltr'><strong>ac</strong></span> <span class='ocrx_word' id='word_1_130' title='bbox 462 1394 596 1453; x_wconf 72' lang='lat' dir='ltr'><strong>terya</strong></span> <span class='ocrx_word' id='word_1_131' title='bbox 643 1394 891 1453; x_wconf 72' lang='lat' dir='ltr'><strong>ferarum.-</strong></span> <span class='ocrx_word' id='word_1_132' title='bbox 974 1391 1306 1440; x_wconf 89' lang='lat' dir='ltr'><strong>audiebantur</strong></span> <span class='ocrx_word' id='word_1_133' title='bbox 1357 1391 1473 1440; x_wconf 90' lang='lat' dir='ltr'><strong>inde</strong></span> <span class='ocrx_word' id='word_1_134' title='bbox 1526 1392 1742 1456; x_wconf 84' lang='lat' dir='ltr'><strong>gemitus</strong></span> <span class='ocrx_word' id='word_1_135' title='bbox 1798 1394 1849 1439; x_wconf 93' lang='lat' dir='ltr'><strong>et</strong></span> 
     </span>
     <span class='ocr_line' id='line_1_22' title="bbox 141 1466 1846 1531; baseline 0 -18"><span class='ocrx_word' id='word_1_136' title='bbox 141 1466 337 1514; x_wconf 88' lang='lat' dir='ltr'><strong>leonum</strong></span> <span class='ocrx_word' id='word_1_137' title='bbox 383 1466 707 1514; x_wconf 89' lang='lat' dir='ltr'><strong>irascentium</strong></span> <span class='ocrx_word' id='word_1_138' title='bbox 749 1466 1066 1530; x_wconf 89' lang='lat' dir='ltr'><strong>ferarumque</strong></span> <span class='ocrx_word' id='word_1_139' title='bbox 1109 1467 1324 1515; x_wconf 88' lang='lat' dir='ltr'><strong>aliarum</strong></span> <span class='ocrx_word' id='word_1_140' title='bbox 1366 1466 1649 1531; x_wconf 87' lang='lat' dir='ltr'><strong>indignatio</strong></span> <span class='ocrx_word' id='word_1_141' title='bbox 1692 1466 1846 1529; x_wconf 88' lang='lat' dir='ltr'><strong>signi-</strong></span> 
     </span>
     <span class='ocr_line' id='line_1_23' title="bbox 141 1539 1846 1604; baseline -0.001 -16"><span class='ocrx_word' id='word_1_142' title='bbox 141 1540 400 1602; x_wconf 86' lang='lat' dir='ltr'><strong>ficabatur,</strong></span> <span class='ocrx_word' id='word_1_143' title='bbox 430 1555 531 1588; x_wconf 93' lang='lat' dir='ltr'><strong>non</strong></span> <span class='ocrx_word' id='word_1_144' title='bbox 562 1555 689 1603; x_wconf 89' lang='lat' dir='ltr'><strong>quas</strong></span> <span class='ocrx_word' id='word_1_145' title='bbox 723 1542 905 1589; x_wconf 85' lang='lat' dir='ltr'><strong>natura</strong></span> <span class='ocrx_word' id='word_1_146' title='bbox 935 1542 1239 1604; x_wconf 87' lang='lat' dir='ltr'><strong>protulerat,</strong></span> <span class='ocrx_word' id='word_1_147' title='bbox 1272 1541 1357 1589; x_wconf 91' lang='lat' dir='ltr'><strong>sed</strong></span> <span class='ocrx_word' id='word_1_148' title='bbox 1389 1556 1512 1603; x_wconf 89' lang='lat' dir='ltr'><strong>quas</strong></span> <span class='ocrx_word' id='word_1_149' title='bbox 1546 1557 1604 1588; x_wconf 89' lang='lat' dir='ltr'><strong>ex</strong></span> <span class='ocrx_word' id='word_1_150' title='bbox 1634 1539 1846 1587; x_wconf 89' lang='lat' dir='ltr'><strong>homini·</strong></span> 
     </span>
     <span class='ocr_line' id='line_1_24' title="bbox 140 1613 1849 1679; baseline 0 -18"><span class='ocrx_word' id='word_1_151' title='bbox 140 1613 234 1663; x_wconf 90' lang='lat' dir='ltr'><strong>bus</strong></span> <span class='ocrx_word' id='word_1_152' title='bbox 284 1614 527 1677; x_wconf 84' lang='lat' dir='ltr'><strong>pessimae</strong></span> <span class='ocrx_word' id='word_1_153' title='bbox 578 1615 800 1663; x_wconf 86' lang='lat' dir='ltr'><strong>fecerant</strong></span> <span class='ocrx_word' id='word_1_154' title='bbox 850 1617 994 1664; x_wconf 90' lang='lat' dir='ltr'><strong>artes.</strong></span> <span class='ocrx_word' id='word_1_155' title='bbox 1070 1615 1148 1663; x_wconf 90' lang='lat' dir='ltr'><strong>ira</strong></span> <span class='ocrx_word' id='word_1_156' title='bbox 1194 1631 1311 1679; x_wconf 87' lang='lat' dir='ltr'><strong>ergo</strong></span> <span class='ocrx_word' id='word_1_157' title='bbox 1360 1615 1518 1664; x_wconf 92' lang='lat' dir='ltr'><strong>omnis</strong></span> <span class='ocrx_word' id='word_1_158' title='bbox 1559 1614 1849 1678; x_wconf 86' lang='lat' dir='ltr'><strong>exagitabat</strong></span> 
     </span>
     <span class='ocr_line' id='line_1_25' title="bbox 142 1687 1846 1752; baseline 0 -16"><span class='ocrx_word' id='word_1_159' title='bbox 142 1690 193 1736; x_wconf 87' lang='lat' dir='ltr'><strong>et</strong></span> <span class='ocrx_word' id='word_1_160' title='bbox 231 1704 380 1737; x_wconf 88' lang='lat' dir='ltr'><strong>saeva</strong></span> <span class='ocrx_word' id='word_1_161' title='bbox 418 1690 707 1737; x_wconf 91' lang='lat' dir='ltr'><strong>commotio:</strong></span> <span class='ocrx_word' id='word_1_162' title='bbox 772 1689 1016 1738; x_wconf 71' lang='lat' dir='ltr'><strong>fiemebat</strong></span> <span class='ocrx_word' id='word_1_163' title='bbox 1052 1690 1152 1750; x_wconf 92' lang='lat' dir='ltr'><strong>leo,</strong></span> <span class='ocrx_word' id='word_1_164' title='bbox 1192 1689 1297 1738; x_wconf 91' lang='lat' dir='ltr'><strong>ursi</strong></span> <span class='ocrx_word' id='word_1_165' title='bbox 1336 1692 1486 1752; x_wconf 91' lang='lat' dir='ltr'><strong>atque</strong></span> <span class='ocrx_word' id='word_1_166' title='bbox 1518 1688 1630 1752; x_wconf 89' lang='lat' dir='ltr'><strong>apri</strong></span> <span class='ocrx_word' id='word_1_167' title='bbox 1661 1687 1846 1738; x_wconf 89' lang='lat' dir='ltr'><strong>saevie-</strong></span> 
     </span>
     <span class='ocr_line' id='line_1_26' title="bbox 141 1762 1848 1827; baseline -0.001 -17"><span class='ocrx_word' id='word_1_168' title='bbox 141 1762 264 1811; x_wconf 92' lang='lat' dir='ltr'><strong>bant</strong></span> <span class='ocrx_word' id='word_1_169' title='bbox 312 1763 623 1826; x_wconf 84' lang='lat' dir='ltr'><strong>captivitatis</strong></span> <span class='ocrx_word' id='word_1_170' title='bbox 673 1763 859 1812; x_wconf 90' lang='lat' dir='ltr'><strong>iniuria</strong></span> <span class='ocrx_word' id='word_1_171' title='bbox 909 1765 1143 1812; x_wconf 88' lang='lat' dir='ltr'><strong>commoti</strong></span> <span class='ocrx_word' id='word_1_172' title='bbox 1189 1766 1239 1812; x_wconf 89' lang='lat' dir='ltr'><strong>et</strong></span> <span class='ocrx_word' id='word_1_173' title='bbox 1284 1764 1395 1827; x_wconf 90' lang='lat' dir='ltr'><strong>lupi</strong></span> <span class='ocrx_word' id='word_1_174' title='bbox 1442 1779 1500 1811; x_wconf 87' lang='lat' dir='ltr'><strong>ex</strong></span> <span class='ocrx_word' id='word_1_175' title='bbox 1547 1778 1698 1812; x_wconf 90' lang='lat' dir='ltr'><strong>causa</strong></span> <span class='ocrx_word' id='word_1_176' title='bbox 1735 1762 1848 1826; x_wconf 90' lang='lat' dir='ltr'><strong>pari</strong></span> 
     </span>
     <span class='ocr_line' id='line_1_27' title="bbox 143 1836 1848 1901; baseline 0 -17"><span class='ocrx_word' id='word_1_177' title='bbox 143 1836 261 1885; x_wconf 91' lang='lat' dir='ltr'><strong>diris</strong></span> <span class='ocrx_word' id='word_1_178' title='bbox 299 1837 576 1885; x_wconf 90' lang='lat' dir='ltr'><strong>ululatibus</strong></span> <span class='ocrx_word' id='word_1_179' title='bbox 615 1838 972 1900; x_wconf 88' lang='lat' dir='ltr'><strong>personabant,</strong></span> <span class='ocrx_word' id='word_1_180' title='bbox 1011 1840 1263 1901; x_wconf 89' lang='lat' dir='ltr'><strong>postremo</strong></span> <span class='ocrx_word' id='word_1_181' title='bbox 1312 1839 1471 1886; x_wconf 90' lang='lat' dir='ltr'><strong>omnis</strong></span> <span class='ocrx_word' id='word_1_182' title='bbox 1515 1853 1615 1885; x_wconf 92' lang='lat' dir='ltr'><strong>non</strong></span> <span class='ocrx_word' id='word_1_183' title='bbox 1660 1837 1848 1885; x_wconf 89' lang='lat' dir='ltr'><strong>ferocia</strong></span> 
     </span>
     <span class='ocr_line' id='line_1_28' title="bbox 142 1910 1847 1975; baseline 0 -17"><span class='ocrx_word' id='word_1_184' title='bbox 142 1912 388 1959; x_wconf 87' lang='lat' dir='ltr'><strong>naturalis</strong></span> <span class='ocrx_word' id='word_1_185' title='bbox 434 1911 669 1975; x_wconf 87' lang='lat' dir='ltr'><strong>urgebat,</strong></span> <span class='ocrx_word' id='word_1_186' title='bbox 717 1911 803 1960; x_wconf 89' lang='lat' dir='ltr'><strong>sed</strong></span> <span class='ocrx_word' id='word_1_187' title='bbox 848 1913 1082 1961; x_wconf 87' lang='lat' dir='ltr'><strong>factionis</strong></span> <span class='ocrx_word' id='word_1_188' title='bbox 1122 1913 1376 1962; x_wconf 87' lang='lat' dir='ltr'><strong>violentia.</strong></span> <span class='ocrx_word' id='word_1_189' title='bbox 1453 1912 1544 1961; x_wconf 89' lang='lat' dir='ltr'><strong>hos</strong></span> <span class='ocrx_word' id='word_1_190' title='bbox 1584 1913 1717 1959; x_wconf 87' lang='lat' dir='ltr'><strong>enim</strong></span> <span class='ocrx_word' id='word_1_191' title='bbox 1754 1910 1847 1959; x_wconf 91' lang='lat' dir='ltr'><strong>dea</strong></span> 
     </span>
     <span class='ocr_line' id='line_1_29' title="bbox 142 1985 1844 2048; baseline -0.001 -15"><span class='ocrx_word' id='word_1_192' title='bbox 142 2000 312 2046; x_wconf 83' lang='lat' dir='ltr'><strong>saeva,</strong></span> <span class='ocrx_word' id='word_1_193' title='bbox 352 2001 464 2034; x_wconf 94' lang='lat' dir='ltr'><strong>cum</strong></span> <span class='ocrx_word' id='word_1_194' title='bbox 502 1986 647 2034; x_wconf 91' lang='lat' dir='ltr'><strong>deam</strong></span> <span class='ocrx_word' id='word_1_195' title='bbox 684 2002 784 2034; x_wconf 92' lang='lat' dir='ltr'><strong>non</strong></span> <span class='ocrx_word' id='word_1_196' title='bbox 823 1988 1110 2036; x_wconf 89' lang='lat' dir='ltr'><strong>conveniret</strong></span> <span class='ocrx_word' id='word_1_197' title='bbox 1148 1987 1327 2035; x_wconf 89' lang='lat' dir='ltr'><strong>sectari</strong></span> <span class='ocrx_word' id='word_1_198' title='bbox 1364 1987 1519 2045; x_wconf 86' lang='lat' dir='ltr'><strong>mala,</strong></span> <span class='ocrx_word' id='word_1_199' title='bbox 1559 1985 1844 2048; x_wconf 88' lang='lat' dir='ltr'><strong>potentibus</strong></span> 
     </span>
     <span class='ocr_line' id='line_1_30' title="bbox 140 2059 1847 2125; baseline 0 -18"><span class='ocrx_word' id='word_1_200' title='bbox 140 2059 307 2107; x_wconf 89' lang='lat' dir='ltr'><strong>herbis</strong></span> <span class='ocrx_word' id='word_1_201' title='bbox 349 2059 583 2108; x_wconf 89' lang='lat' dir='ltr'><strong>induerat</strong></span> <span class='ocrx_word' id='word_1_202' title='bbox 622 2059 759 2109; x_wconf 82' lang='lat' dir='ltr'><strong>Circe</strong></span> <span class='ocrx_word' id='word_1_203' title='bbox 797 2061 852 2108; x_wconf 92' lang='lat' dir='ltr'><strong>in</strong></span> <span class='ocrx_word' id='word_1_204' title='bbox 889 2062 1060 2110; x_wconf 85' lang='lat' dir='ltr'><strong>vultus</strong></span> <span class='ocrx_word' id='word_1_205' title='bbox 1099 2076 1158 2109; x_wconf 86' lang='lat' dir='ltr'><strong>ac</strong></span> <span class='ocrx_word' id='word_1_206' title='bbox 1195 2062 1339 2125; x_wconf 85' lang='lat' dir='ltr'><strong>terga</strong></span> <span class='ocrx_word' id='word_1_207' title='bbox 1377 2061 1618 2109; x_wconf 88' lang='lat' dir='ltr'><strong>ferarum:</strong></span> <span class='ocrx_word' id='word_1_208' title='bbox 1664 2061 1847 2107; x_wconf 90' lang='lat' dir='ltr'><strong>natura</strong></span> 
     </span>
     <span class='ocr_line' id='line_1_31' title="bbox 142 2133 1845 2196; baseline -0.001 -14"><span class='ocrx_word' id='word_1_209' title='bbox 142 2134 357 2196; x_wconf 88' lang='lat' dir='ltr'><strong>pessima</strong></span> <span class='ocrx_word' id='word_1_210' title='bbox 397 2136 447 2180; x_wconf 89' lang='lat' dir='ltr'><strong>et</strong></span> <span class='ocrx_word' id='word_1_211' title='bbox 485 2136 591 2182; x_wconf 91' lang='lat' dir='ltr'><strong>arte</strong></span> <span class='ocrx_word' id='word_1_212' title='bbox 631 2135 866 2183; x_wconf 88' lang='lat' dir='ltr'><strong>scientiae</strong></span> <span class='ocrx_word' id='word_1_213' title='bbox 907 2135 1164 2184; x_wconf 88' lang='lat' dir='ltr'><strong>deterioris</strong></span> <span class='ocrx_word' id='word_1_214' title='bbox 1196 2135 1442 2184; x_wconf 89' lang='lat' dir='ltr'><strong>instructa</strong></span> <span class='ocrx_word' id='word_1_215' title='bbox 1474 2151 1532 2182; x_wconf 87' lang='lat' dir='ltr'><strong>ex</strong></span> <span class='ocrx_word' id='word_1_216' title='bbox 1562 2133 1845 2182; x_wconf 90' lang='lat' dir='ltr'><strong>hominibus</strong></span> 
     </span>
     <span class='ocr_line' id='line_1_32' title="bbox 141 2208 1845 2271; baseline 0.001 -17"><span class='ocrx_word' id='word_1_217' title='bbox 141 2208 270 2256; x_wconf 87' lang='lat' dir='ltr'><strong>feras</strong></span> <span class='ocrx_word' id='word_1_218' title='bbox 323 2208 552 2256; x_wconf 88' lang='lat' dir='ltr'><strong>effecerat</strong></span> <span class='ocrx_word' id='word_1_219' title='bbox 601 2211 914 2257; x_wconf 89' lang='lat' dir='ltr'><strong>commutans</strong></span> <span class='ocrx_word' id='word_1_220' title='bbox 965 2211 1016 2258; x_wconf 87' lang='lat' dir='ltr'><strong>et</strong></span> <span class='ocrx_word' id='word_1_221' title='bbox 1065 2225 1242 2258; x_wconf 89' lang='lat' dir='ltr'><strong>sonum</strong></span> <span class='ocrx_word' id='word_1_222' title='bbox 1290 2209 1426 2259; x_wconf 86' lang='lat' dir='ltr'><strong>vocis</strong></span> <span class='ocrx_word' id='word_1_223' title='bbox 1480 2211 1531 2257; x_wconf 92' lang='lat' dir='ltr'><strong>et</strong></span> <span class='ocrx_word' id='word_1_224' title='bbox 1583 2224 1845 2271; x_wconf 91' lang='lat' dir='ltr'><strong>corporum</strong></span> 
     </span>
     <span class='ocr_line' id='line_1_33' title="bbox 141 2282 1846 2344; baseline 0 -15"><span class='ocrx_word' id='word_1_225' title='bbox 141 2282 341 2330; x_wconf 86' lang='lat' dir='ltr'><strong>formas.</strong></span> <span class='ocrx_word' id='word_1_226' title='bbox 403 2297 527 2343; x_wconf 73' lang='lat' dir='ltr'><strong>quae</strong></span> <span class='ocrx_word' id='word_1_227' title='bbox 565 2297 625 2330; x_wconf 92' lang='lat' dir='ltr'><strong>ne</strong></span> <span class='ocrx_word' id='word_1_228' title='bbox 661 2286 881 2332; x_wconf 77' lang='lat' dir='ltr'><strong>monstra</strong></span> <span class='ocrx_word' id='word_1_229' title='bbox 911 2284 990 2343; x_wconf 86' lang='lat' dir='ltr'><strong>pii</strong></span> <span class='ocrx_word' id='word_1_230' title='bbox 1020 2287 1308 2344; x_wconf 78' lang='lat' dir='ltr'><strong>paterentur</strong></span> <span class='ocrx_word' id='word_1_231' title='bbox 1346 2284 1469 2331; x_wconf 80' lang='lat' dir='ltr'><strong>talia</strong></span> <span class='ocrx_word' id='word_1_232' title='bbox 1509 2283 1659 2330; x_wconf 83' lang='lat' dir='ltr'><strong>Troes</strong></span> <span class='ocrx_word' id='word_1_233' title='bbox 1699 2283 1846 2330; x_wconf 77' lang='lat' dir='ltr'><strong>delati</strong></span> 
     </span>
     <span class='ocr_line' id='line_1_34' title="bbox 140 2356 1846 2418; baseline 0 -16"><span class='ocrx_word' id='word_1_234' title='bbox 140 2357 194 2403; x_wconf 89' lang='lat' dir='ltr'><strong>in</strong></span> <span class='ocrx_word' id='word_1_235' title='bbox 227 2359 400 2416; x_wconf 74' lang='lat' dir='ltr'><strong>portus</strong></span> <span class='ocrx_word' id='word_1_236' title='bbox 440 2371 526 2404; x_wconf 91' lang='lat' dir='ltr'><strong>nec</strong></span> <span class='ocrx_word' id='word_1_237' title='bbox 565 2357 708 2405; x_wconf 77' lang='lat' dir='ltr'><strong>litora</strong></span> <span class='ocrx_word' id='word_1_238' title='bbox 747 2357 860 2405; x_wconf 88' lang='lat' dir='ltr'><strong>dira</strong></span> <span class='ocrx_word' id='word_1_239' title='bbox 898 2359 1135 2415; x_wconf 81' lang='lat' dir='ltr'><strong>subirent,</strong></span> <span class='ocrx_word' id='word_1_240' title='bbox 1167 2358 1429 2418; x_wconf 78' lang='lat' dir='ltr'><strong>Neptunus</strong></span> <span class='ocrx_word' id='word_1_241' title='bbox 1459 2358 1614 2405; x_wconf 76' lang='lat' dir='ltr'><strong>ventis</strong></span> <span class='ocrx_word' id='word_1_242' title='bbox 1644 2356 1846 2415; x_wconf 74' lang='lat' dir='ltr'><strong>inplevit</strong></span> 
     </span>
    </p>
   </div>
   <div class='ocr_carea' id='block_1_7' title="bbox 148 2464 502 2471">
    <p class='ocr_par' dir='ltr' id='par_1_7' title="bbox 148 2464 502 2471">
     <span class='ocr_line' id='line_1_35' title="bbox 148 2464 502 2471; baseline 0 0"><span class='ocrx_word' id='word_1_243' title='bbox 148 2464 502 2471; x_wconf 95' lang='lat' dir='ltr'><strong> </strong></span> 
     </span>
    </p>
   </div>
   <div class='ocr_carea' id='block_1_8' title="bbox 133 2541 1845 3013">
    <p class='ocr_par' dir='ltr' id='par_1_8' title="bbox 133 2541 1845 3013">
     <span class='ocr_line' id='line_1_36' title="bbox 260 2541 1842 2600; baseline -0.002 -14"><span class='ocrx_word' id='word_1_244' title='bbox 260 2547 286 2585; x_wconf 83' lang='lat'>5</span> <span class='ocrx_word' id='word_1_245' title='bbox 318 2543 586 2587; x_wconf 75' lang='lat' dir='ltr'><strong>incendebat</strong></span> <span class='ocrx_word' id='word_1_246' title='bbox 615 2542 656 2586; x_wconf 93' lang='lat' dir='ltr'><strong>V</strong></span> <span class='ocrx_word' id='word_1_247' title='bbox 693 2544 924 2588; x_wconf 81' lang='lat' dir='ltr'><strong>incidebat</strong></span> <span class='ocrx_word' id='word_1_248' title='bbox 954 2543 1026 2588; x_wconf 91' lang='lat' dir='ltr'><strong>ed.</strong></span> <span class='ocrx_word' id='word_1_249' title='bbox 1149 2548 1175 2587; x_wconf 87' lang='grc'><strong>6</strong></span> <span class='ocrx_word' id='word_1_250' title='bbox 1201 2543 1459 2600; x_wconf 81' lang='lat' dir='ltr'><strong>persolidas</strong></span> <span class='ocrx_word' id='word_1_251' title='bbox 1489 2541 1531 2585; x_wconf 91' lang='lat' dir='ltr'><strong>V</strong></span> <span class='ocrx_word' id='word_1_252' title='bbox 1563 2541 1842 2597; x_wconf 64' lang='lat' dir='ltr'><strong>per-solidam</strong></span> 
     </span>
     <span class='ocr_line' id='line_1_37' title="bbox 142 2598 1844 2659; baseline -0.001 -16"><span class='ocrx_word' id='word_1_253' title='bbox 142 2601 213 2644; x_wconf 85' lang='lat' dir='ltr'><strong>ed.</strong></span> <span class='ocrx_word' id='word_1_254' title='bbox 247 2614 308 2644; x_wconf 89' lang='lat' dir='ltr'><strong>an</strong></span> <span class='ocrx_word' id='word_1_255' title='bbox 343 2615 431 2657; x_wconf 84' lang='lat' dir='ltr'><strong>per</strong></span> <span class='ocrx_word' id='word_1_256' title='bbox 467 2602 638 2646; x_wconf 84' lang='lat' dir='ltr'><strong>solidas</strong></span> <span class='ocrx_word' id='word_1_257' title='bbox 675 2607 854 2647; x_wconf 84' lang='lat' dir='ltr'><strong>noctes?</strong></span> <span class='ocrx_word' id='word_1_258' title='bbox 984 2607 1010 2646; x_wconf 88' lang='lat'>8</span> <span class='ocrx_word' id='word_1_259' title='bbox 1048 2607 1100 2647; x_wconf 81' lang='lat' dir='ltr'><strong>ut</strong></span> <span class='ocrx_word' id='word_1_260' title='bbox 1134 2603 1381 2659; x_wconf 74' lang='lat' dir='ltr'><strong>perviyiles</strong></span> <span class='ocrx_word' id='word_1_261' title='bbox 1418 2602 1681 2657; x_wconf 79' lang='lat' dir='ltr'><strong>sepotuisset</strong></span> <span class='ocrx_word' id='word_1_262' title='bbox 1711 2598 1754 2642; x_wconf 95' lang='lat' dir='ltr'><strong>V</strong></span> <span class='ocrx_word' id='word_1_263' title='bbox 1792 2605 1844 2643; x_wconf 84' lang='lat' dir='ltr'><strong>ut</strong></span> 
     </span>
     <span class='ocr_line' id='line_1_38' title="bbox 133 2660 1845 2717; baseline -0.001 -14"><span class='ocrx_word' id='word_1_264' title='bbox 133 2660 412 2717; x_wconf 76' lang='lat' dir='ltr'><strong>perviyilare</strong></span> <span class='ocrx_word' id='word_1_265' title='bbox 451 2666 604 2716; x_wconf 82' lang='lat' dir='ltr'><strong>posset</strong></span> <span class='ocrx_word' id='word_1_266' title='bbox 649 2661 719 2704; x_wconf 89' lang='lat' dir='ltr'><strong>ed.</strong></span> <span class='ocrx_word' id='word_1_267' title='bbox 783 2662 787 2716; x_wconf 80' lang='grc' dir='ltr'>Ι</span> <span class='ocrx_word' id='word_1_268' title='bbox 852 2662 1019 2715; x_wconf 79' lang='lat' dir='ltr'><strong>fraude</strong></span> <span class='ocrx_word' id='word_1_269' title='bbox 1060 2662 1206 2706; x_wconf 79' lang='lat' dir='ltr'><strong>ullam</strong></span> <span class='ocrx_word' id='word_1_270' title='bbox 1249 2661 1291 2704; x_wconf 94' lang='lat' dir='ltr'><strong>V</strong></span> <span class='ocrx_word' id='word_1_271' title='bbox 1335 2674 1449 2704; x_wconf 90' lang='lat' dir='ltr'><strong>corr.</strong></span> <span class='ocrx_word' id='word_1_272' title='bbox 1491 2660 1562 2704; x_wconf 91' lang='lat' dir='ltr'><strong>ed.</strong></span> <span class='ocrx_word' id='word_1_273' title='bbox 1702 2663 1757 2701; x_wconf 83' lang='lat'><strong>14</strong></span> <span class='ocrx_word' id='word_1_274' title='bbox 1803 2663 1845 2702; x_wconf 81' lang='lat' dir='ltr'><strong>et</strong></span> 
     </span>
     <span class='ocr_line' id='line_1_39' title="bbox 140 2718 1842 2776; baseline -0.002 -13"><span class='ocrx_word' id='word_1_275' title='bbox 140 2720 314 2773; x_wconf 79' lang='lat' dir='ltr'><strong>formae</strong></span> <span class='ocrx_word' id='word_1_276' title='bbox 337 2719 379 2762; x_wconf 96' lang='lat' dir='ltr'><strong>V</strong></span> <span class='ocrx_word' id='word_1_277' title='bbox 411 2733 466 2763; x_wconf 92' lang='lat' dir='ltr'><strong>ac</strong></span> <span class='ocrx_word' id='word_1_278' title='bbox 495 2720 530 2773; x_wconf 80' lang='lat' dir='ltr'><strong>f.</strong></span> <span class='ocrx_word' id='word_1_279' title='bbox 565 2719 737 2776; x_wconf 87' lang='lat' dir='ltr'><strong>Vergil.</strong></span> <span class='ocrx_word' id='word_1_280' title='bbox 763 2720 886 2765; x_wconf 90' lang='lat' dir='ltr'><strong>libri.</strong></span> <span class='ocrx_word' id='word_1_281' title='bbox 1006 2725 1059 2765; x_wconf 89' lang='lat'><strong>15</strong></span> <span class='ocrx_word' id='word_1_282' title='bbox 1092 2727 1134 2766; x_wconf 82' lang='lat' dir='ltr'><strong>et</strong></span> <span class='ocrx_word' id='word_1_283' title='bbox 1162 2722 1316 2765; x_wconf 78' lang='lat' dir='ltr'><strong>vultus</strong></span> <span class='ocrx_word' id='word_1_284' title='bbox 1338 2719 1392 2763; x_wconf 91' lang='lat' dir='ltr'><strong>V.</strong></span> <span class='ocrx_word' id='word_1_285' title='bbox 1504 2723 1557 2762; x_wconf 88' lang='lat'><strong>16</strong></span> <span class='ocrx_word' id='word_1_286' title='bbox 1591 2723 1633 2761; x_wconf 81' lang='lat' dir='ltr'><strong>et</strong></span> <span class='ocrx_word' id='word_1_287' title='bbox 1663 2718 1842 2761; x_wconf 85' lang='lat' dir='ltr'><strong>leonum</strong></span> 
     </span>
     <span class='ocr_line' id='line_1_40' title="bbox 142 2775 1843 2834; baseline 0.001 -15"><span class='ocrx_word' id='word_1_288' title='bbox 142 2777 182 2819; x_wconf 95' lang='lat' dir='ltr'><strong>V</strong></span> <span class='ocrx_word' id='word_1_289' title='bbox 214 2783 257 2822; x_wconf 80' lang='lat' dir='ltr'><strong>et</strong></span> <span class='ocrx_word' id='word_1_290' title='bbox 287 2792 375 2822; x_wconf 93' lang='lat' dir='ltr'><strong>om.</strong></span> <span class='ocrx_word' id='word_1_291' title='bbox 409 2778 479 2822; x_wconf 88' lang='lat' dir='ltr'><strong>ed.</strong></span> <span class='ocrx_word' id='word_1_292' title='bbox 614 2783 668 2821; x_wconf 88' lang='grc'><strong>19</strong></span> <span class='ocrx_word' id='word_1_293' title='bbox 700 2780 775 2823; x_wconf 81' lang='lat' dir='ltr'><strong>ira</strong></span> <span class='ocrx_word' id='word_1_294' title='bbox 800 2779 841 2822; x_wconf 94' lang='lat' dir='ltr'><strong>V</strong></span> <span class='ocrx_word' id='word_1_295' title='bbox 872 2781 940 2824; x_wconf 84' lang='lat' dir='ltr'><strong>ita</strong></span> <span class='ocrx_word' id='word_1_296' title='bbox 971 2780 1042 2824; x_wconf 90' lang='lat' dir='ltr'><strong>ed.</strong></span> <span class='ocrx_word' id='word_1_297' title='bbox 1166 2784 1223 2823; x_wconf 84' lang='lat'><strong>20</strong></span> <span class='ocrx_word' id='word_1_298' title='bbox 1252 2779 1473 2834; x_wconf 81' lang='lat' dir='ltr'><strong>fremebat</strong></span> <span class='ocrx_word' id='word_1_299' title='bbox 1503 2779 1570 2821; x_wconf 86' lang='lat' dir='ltr'><strong>leo</strong></span> <span class='ocrx_word' id='word_1_300' title='bbox 1593 2775 1635 2819; x_wconf 91' lang='lat' dir='ltr'><strong>V</strong></span> <span class='ocrx_word' id='word_1_301' title='bbox 1667 2776 1843 2821; x_wconf 83' lang='lat' dir='ltr'><strong>tenebat</strong></span> 
     </span>
     <span class='ocr_line' id='line_1_41' title="bbox 143 2835 1841 2894; baseline -0.002 -13"><span class='ocrx_word' id='word_1_302' title='bbox 143 2838 290 2881; x_wconf 84' lang='lat' dir='ltr'><strong>leones</strong></span> <span class='ocrx_word' id='word_1_303' title='bbox 330 2837 401 2881; x_wconf 90' lang='lat' dir='ltr'><strong>ed.</strong></span> <span class='ocrx_word' id='word_1_304' title='bbox 524 2842 579 2880; x_wconf 88' lang='grc'><strong>22</strong></span> <span class='ocrx_word' id='word_1_305' title='bbox 619 2838 792 2891; x_wconf 82' lang='lat' dir='ltr'><strong>ferocia</strong></span> <span class='ocrx_word' id='word_1_306' title='bbox 821 2838 865 2881; x_wconf 95' lang='lat' dir='ltr'><strong>V</strong></span> <span class='ocrx_word' id='word_1_307' title='bbox 902 2840 1074 2894; x_wconf 78' lang='lat' dir='ltr'><strong>fiducia</strong></span> <span class='ocrx_word' id='word_1_308' title='bbox 1115 2838 1185 2882; x_wconf 90' lang='lat' dir='ltr'><strong>ed.</strong></span> <span class='ocrx_word' id='word_1_309' title='bbox 1310 2842 1366 2881; x_wconf 84' lang='grc'><strong>24</strong></span> <span class='ocrx_word' id='word_1_310' title='bbox 1398 2838 1528 2881; x_wconf 85' lang='lat' dir='ltr'><strong>deam</strong></span> <span class='ocrx_word' id='word_1_311' title='bbox 1555 2835 1597 2879; x_wconf 94' lang='lat' dir='ltr'><strong>V</strong></span> <span class='ocrx_word' id='word_1_312' title='bbox 1628 2835 1738 2880; x_wconf 85' lang='lat' dir='ltr'><strong>deae</strong></span> <span class='ocrx_word' id='word_1_313' title='bbox 1768 2835 1841 2879; x_wconf 90' lang='lat' dir='ltr'><strong>ed.</strong></span> 
     </span>
     <span class='ocr_line' id='line_1_42' title="bbox 143 2894 1843 2952; baseline -0.001 -13"><span class='ocrx_word' id='word_1_314' title='bbox 143 2900 197 2938; x_wconf 84' lang='grc'><strong>27</strong></span> <span class='ocrx_word' id='word_1_315' title='bbox 230 2910 356 2940; x_wconf 83' lang='lat' dir='ltr'><strong>voces</strong></span> <span class='ocrx_word' id='word_1_316' title='bbox 378 2895 419 2939; x_wconf 96' lang='lat' dir='ltr'><strong>V</strong></span> <span class='ocrx_word' id='word_1_317' title='bbox 453 2909 566 2940; x_wconf 90' lang='lat' dir='ltr'><strong>corr.</strong></span> <span class='ocrx_word' id='word_1_318' title='bbox 600 2897 671 2940; x_wconf 91' lang='lat' dir='ltr'><strong>ed.</strong></span> <span class='ocrx_word' id='word_1_319' title='bbox 806 2901 862 2940; x_wconf 91' lang='grc'><strong>28</strong></span> <span class='ocrx_word' id='word_1_320' title='bbox 893 2898 1044 2952; x_wconf 81' lang='lat' dir='ltr'><strong>forma</strong></span> <span class='ocrx_word' id='word_1_321' title='bbox 1067 2898 1109 2941; x_wconf 94' lang='lat' dir='ltr'><strong>V</strong></span> <span class='ocrx_word' id='word_1_322' title='bbox 1142 2911 1255 2940; x_wconf 92' lang='lat' dir='ltr'><strong>corr.</strong></span> <span class='ocrx_word' id='word_1_323' title='bbox 1289 2897 1359 2940; x_wconf 90' lang='lat' dir='ltr'><strong>ed.</strong></span> <span class='ocrx_word' id='word_1_324' title='bbox 1488 2899 1543 2938; x_wconf 84' lang='lat'><strong>29</strong></span> <span class='ocrx_word' id='word_1_325' title='bbox 1574 2908 1657 2939; x_wconf 86' lang='lat' dir='ltr'><strong>nec</strong></span> <span class='ocrx_word' id='word_1_326' title='bbox 1679 2894 1722 2938; x_wconf 95' lang='lat' dir='ltr'><strong>V</strong></span> <span class='ocrx_word' id='word_1_327' title='bbox 1752 2908 1843 2938; x_wconf 86' lang='lat' dir='ltr'><strong>neu</strong></span> 
     </span>
     <span class='ocr_line' id='line_1_43' title="bbox 141 2954 998 3013; baseline 0.001 -15"><span class='ocrx_word' id='word_1_328' title='bbox 141 2954 318 3011; x_wconf 86' lang='lat' dir='ltr'><strong>Vergil.</strong></span> <span class='ocrx_word' id='word_1_329' title='bbox 352 2954 474 2999; x_wconf 89' lang='lat' dir='ltr'><strong>libri.</strong></span> <span class='ocrx_word' id='word_1_330' title='bbox 512 2955 517 3013; x_wconf 92' lang='grc' dir='ltr'>Ι</span> <span class='ocrx_word' id='word_1_331' title='bbox 552 2955 681 3000; x_wconf 82' lang='lat' dir='ltr'><strong>diras</strong></span> <span class='ocrx_word' id='word_1_332' title='bbox 716 2956 915 3001; x_wconf 79' lang='lat' dir='ltr'><strong>obierent</strong></span> <span class='ocrx_word' id='word_1_333' title='bbox 944 2955 998 2999; x_wconf 94' lang='lat' dir='ltr'><strong>V.</strong></span> 
     </span>
    </p>
   </div>
   <div class='ocr_carea' id='block_1_9' title="bbox 1881 1029 1935 1068">
    <p class='ocr_par' dir='ltr' id='par_1_9' title="bbox 1881 1029 1935 1068">
     <span class='ocr_line' id='line_1_44' title="bbox 1881 1029 1935 1068; baseline 0 0"><span class='ocrx_word' id='word_1_334' title='bbox 1881 1029 1935 1068; x_wconf 89' lang='lat'><strong>15</strong></span> 
     </span>
    </p>
   </div>
   <div class='ocr_carea' id='block_1_10' title="bbox 1879 1327 1936 1366">
    <p class='ocr_par' dir='ltr' id='par_1_10' title="bbox 1879 1327 1936 1366">
     <span class='ocr_line' id='line_1_45' title="bbox 1879 1327 1936 1366; baseline 0 0"><span class='ocrx_word' id='word_1_335' title='bbox 1879 1327 1936 1366; x_wconf 87' lang='lat'><strong>20</strong></span> 
     </span>
    </p>
   </div>
  </div>
 </body>
</html>
