2050 3226
210 192 284 245 24
685 188 918 234 DONATI
947 188 1227 233 INTERPR.
1254 188 1431 233 VERG.

209 330 426 393 primum
485 345 571 378 rex
627 328 820 378 advena
878 345 1044 393 regem
1099 329 1198 378 loci
1251 328 1462 378 credidit
1513 327 1903 392 adgrediendum

209 418 372 466 neque
417 420 530 452 eum
581 404 636 451 in
681 402 964 466 superbiam
1009 403 1152 451 duxit
1197 417 1448 452 successus
1501 403 1587 450 ille
1642 401 1732 466 qui
1783 402 1901 451 fatis

210 477 597 542 suffragantibus
637 477 923 526 debebatur.
990 476 1131 525 misit
1167 477 1360 541 legatos
1393 479 1593 526 centum
1628 477 1902 539 placituros

211 554 261 600 et
319 552 519 600 nomine
578 551 845 616 legationis
907 554 958 599 et
1018 567 1222 599 numero
1283 552 1564 615 legatorum
1624 553 1675 599 et
1740 551 1902 614 magis

156 686 161 689 ¹
211 625 447 688 obsequia
515 641 606 674 sua
673 625 1020 674 commendans
1084 625 1352 673 ambitione
1412 625 1699 673 multorum.
1783 624 1902 674 talis
1955 635 1976 669 ε
2049 648 2050 661 ÷

212 701 382 748 autem
421 699 608 763 delegit
646 701 782 748 omni
820 698 1014 758 ordine,
1054 699 1148 748 hoc
1195 702 1272 747 est
1309 715 1368 747 ex
1407 700 1543 748 omni
1580 698 1904 747 multitudine

209 791 299 836 per
359 774 650 822 electionem
712 775 989 836 separatos„
1053 773 1140 836 qui
1200 773 1467 837 legationis
1527 773 1686 835 ipsius
1743 773 1902 835 partis

211 863 425 912 congrue
473 847 700 910 conplere
746 848 1038 910 potuissent.
1109 849 1463 896 coronarentur
1513 849 1682 896 autem
1736 861 1903 895 omnes

211 922 333 970 oleis
383 922 536 971 ramis
591 924 643 969 et
694 920 806 970 visu
858 922 1025 984 potius
1081 937 1234 983 quam
1286 921 1449 970 verbis
1501 937 1675 984 pacem
1729 921 1905 984 procul

110 1008 194 1047 155
210 995 492 1044 videntibus
524 994 828 1044 nuntiarent.
890 995 1112 1054 donaque
1140 995 1271 1054 ferre
1299 996 1434 1043 viro:
1470 1011 1532 1043 ne
1563 995 1669 1044 sine
1703 1011 1904 1043 munere
1937 1005 1980 1037 ιο
2036 1029 2037 1051 ἰ

212 1071 340 1118 esset
376 1069 641 1133 legationis
680 1068 912 1117 officium.
982 1083 1248 1128 pacemque
1295 1083 1544 1129 exposcere
1583 1070 1809 1117 Teucris:
1856 1071 1906 1116 et

211 1144 394 1192 oblatis
432 1143 718 1191 muneribus
757 1157 930 1205 pacem
971 1143 1173 1190 Teucris
1211 1144 1541 1192 necessariam
1579 1143 1905 1206 postularent,

211 1233 271 1265 ne
304 1218 416 1279 quis
449 1232 530 1266 eos
561 1219 765 1280 putaret
794 1218 986 1264 venisse
1018 1218 1275 1264 violenter.
1336 1218 1457 1265 haut
1484 1232 1638 1274 mora,
1670 1218 1908 1277 festinant

211 1293 359 1339 iussi:
427 1291 498 1339 sic
550 1292 604 1339 in
665 1291 919 1339 celeritate
987 1291 1393 1353 explicandorum
1452 1291 1803 1340 mandatorum
1857 1293 1907 1339 et

211 1364 426 1412 iubentis
459 1366 729 1414 auctoritas
761 1369 811 1413 et
842 1364 1141 1427 obsequendi
1172 1366 1395 1413 studium
1425 1365 1746 1427 probabatur,
1771 1365 1906 1427 quod
1937 1380 1977 1412 15

212 1455 312 1486 non
367 1440 530 1487 solum
579 1438 931 1487 ostendebatur
981 1440 1033 1486 in
1083 1439 1216 1487 facto
1267 1456 1440 1487 verum
1491 1439 1643 1487 etiam
1691 1439 1744 1486 in
1794 1439 1904 1501 ipsa

213 1514 562 1576 properatione
610 1513 976 1560 cumulabatur.
1052 1513 1335 1572 rapidisque
1383 1514 1612 1573 feruntur
1644 1514 1905 1573 passibus:

211 1603 311 1634 non
372 1589 571 1635 tantum
625 1587 789 1635 studio
852 1587 1114 1649 conplendi
1176 1587 1398 1650 adgressi
1459 1589 1577 1635 sunt
1635 1587 1907 1650 peragendi

213 1676 407 1721 munus,
438 1661 524 1709 sed
546 1662 643 1708 iter
666 1677 863 1723 quoque
886 1660 1051 1723 ipsum
1081 1661 1330 1709 festinatis
1356 1661 1604 1724 gressibus
1629 1661 1905 1725 agitabant.

213 1735 439 1782 festinati
472 1750 669 1798 gressus
702 1735 907 1783 fuerunt
936 1735 1070 1795 ideo,
1102 1737 1160 1782 ut
1190 1737 1365 1797 optata
1395 1737 1640 1783 maturius
1680 1735 1904 1798 proveni·
1936 1750 1980 1782 so

212 1811 336 1856 rent.
421 1810 524 1867 ipse
572 1809 745 1855 humili
806 1809 1028 1869 desiynat
1077 1810 1270 1857 moenia
1329 1809 1490 1868 fossa:
1547 1810 1669 1857 haec
1725 1809 1904 1873 legatis

215 1882 477 1946 agentibus
524 1897 623 1929 non
674 1883 874 1944 putavit
919 1882 1084 1930 Aneas
1132 1883 1402 1931 differenda
1455 1899 1661 1946 operum
1715 1886 1906 1946 coepta,

215 1957 368 2004 donec
422 1971 713 2018 responsum
775 1957 981 2004 referret
1041 1957 1191 2004 missa
1237 1957 1438 2020 legatio.
1515 1957 1718 2020 gerebat
1775 1957 1907 2005 enim

213 2031 434 2077 fatorum
479 2029 730 2090 fiduciam,
780 2046 905 2092 quae
951 2030 1029 2078 illi
1074 2030 1300 2093 ipsarum
1344 2034 1591 2079 terrarum
1630 2031 1905 2079 dominium

214 2103 465 2151 dederant.
542 2104 647 2165 ipse
706 2105 882 2151 humili
941 2104 1172 2167 designat
1231 2106 1428 2153 moenia
1482 2105 1637 2165 fossa,
1686 2106 1779 2153 hoc
1831 2107 1906 2152 est
1936 2119 1979 2151 25

213 2193 313 2225 non
363 2192 574 2240 magnae
626 2178 907 2226 altitudinis
955 2179 1125 2226 futura
1170 2179 1368 2227 moenia
1412 2178 1708 2242 designabat
1751 2194 1906 2226 manu

214 2267 331 2312 sua,
377 2251 470 2299 hoc
508 2251 639 2298 enim
678 2252 757 2298 vel
796 2254 914 2299 vota
953 2252 1206 2300 condentis
1247 2254 1326 2300 vel
1365 2252 1589 2313 auspicia
1629 2251 1905 2315 exigebant.

213 2325 512 2385 Moliturque
559 2325 734 2380 locum,
783 2326 876 2373 hoc
922 2328 997 2373 est
1043 2325 1283 2387 disponit,
1329 2327 1617 2384 primasque
1669 2326 1723 2372 iu
1770 2326 1905 2373 litore

213 2399 348 2446 sedes
388 2401 656 2446 castrorum
694 2399 748 2445 iu
785 2413 964 2446 morem
1011 2400 1181 2458 pinnis
1228 2403 1369 2458 atque
1415 2413 1584 2459 ayyere
1630 2400 1798 2460 eiuyit:
1851 2401 1903 2447 in

215 2473 450 2534 auspiciis
494 2471 952 2520 constituendorum
989 2473 1241 2521 moenium
1278 2473 1379 2520 tale
1412 2487 1564 2536 genus
1598 2473 1758 2535 operis
1791 2489 1902 2521 con·
1935 2487 1979 2519 80

113 2556 197 2595 160
214 2547 400 2594 locavit
424 2546 557 2608 quod
584 2545 918 2594 defensionem
948 2546 1214 2608 sponderet
1243 2546 1580 2594 conditoribus
1613 2547 1729 2595 suis.
1783 2548 1904 2595 iam-

215 2634 303 2679 que
342 2621 432 2667 iter
470 2620 650 2667 emensi
687 2620 838 2666 turris
876 2634 934 2667 ae
965 2623 1085 2667 tecta
1115 2620 1411 2667 Latinorum
1449 2620 1611 2668 ardua
1650 2622 1906 2668 cernebant

336 2766 358 2803 1
406 2774 506 2817 φερε
550 2761 603 2803 iu
640 2758 682 2802 V
726 2773 873 2816 reyem
918 2759 989 2802 ed.
1126 2763 1152 2801 6
1199 2760 1359 2804 ordine
1396 2759 1437 2802 V
1486 2762 1778 2805 multitudiue
1832 2760 1902 2804 ed.

216 2823 242 2862 8
275 2820 610 2863 coronabantur
639 2818 710 2862 ed.
834 2822 859 2860 9
892 2819 1000 2862 oleis
1030 2817 1070 2860 V
1102 2819 1305 2862 olearum
1335 2819 1407 2863 ed.
1455 2819 1459 2877 1
1507 2825 1550 2863 et
1578 2821 1680 2864 visu
1711 2819 1751 2861 V
1781 2824 1833 2863 ut
1862 2833 1901 2862 v.

215 2878 286 2921 ed.
375 2882 429 2921 14
458 2879 501 2922 si
523 2877 564 2921 V
594 2878 661 2922 sic
683 2877 754 2921 ed.
842 2881 895 2919 19
926 2878 1154 2931 festinatis
1177 2877 1218 2919 V
1249 2878 1518 2931 festinanter
1541 2878 1611 2922 ed.
1694 2882 1749 2922 20
1779 2878 1903 2933 festi-

215 2938 317 2981 nati
346 2936 388 2979 V
430 2938 589 2981 celeres
629 2936 700 2979 ed.
754 2937 758 2992 3
815 2940 1017 2991 optatam
1054 2935 1109 2980 V.
1239 2941 1295 2979 24
1332 2937 1559 2990 factorum
1590 2937 1631 2980 V
1663 2937 1749 2981 edI
1786 2938 1903 2991 fato-

215 3010 318 3039 rum
349 2995 465 3039 edF.
588 2999 644 3038 32
675 2995 818 3038 mensi
847 3008 931 3049 pro
964 2996 1130 3039 emensi
1156 2993 1210 3038 V.
