2050 3226
241 182 349 235 332
713 180 947 224 DONA'I'I
975 180 1042 223 IN
1044 180 1256 224 TERPR.
1280 180 1459 225 VERG.

240 319 427 368 stantia
467 337 593 383 quae
631 335 810 368 navem
842 320 903 368 ab
942 319 1146 368 inimica
1182 322 1317 368 terra
1355 319 1657 383 suspendat?
1731 320 1817 369 ille
1854 337 1926 369 re-

240 394 527 456 spondentis
582 395 749 442 animo
805 394 877 441 ait
929 394 1116 455 tollite,
1169 394 1294 442 ferte
1354 396 1509 455 rates,
1569 396 1627 442 ut
1685 395 1927 444 fortitudo

237 469 517 530 praestaret
560 469 819 517 hominum
867 467 1000 530 quod
1046 468 1144 515 loci
1188 469 1372 516 natura
1409 484 1509 516 non
1546 470 1759 531 poterat.
1834 470 1928 517 ini-

235 543 415 590 micam
458 543 628 601 findite
671 542 843 590 rostris
888 542 1014 589 hane
1059 545 1240 589 terram
1276 542 1555 601 sulcumque
1599 543 1694 590 sibi
1734 547 1929 603 premat

235 617 349 675 ipsa
387 617 558 664 carina
568 633 583 663 .·
622 617 717 663 etsi
755 617 870 676 erit,
907 615 1095 677 inquit,
1133 616 1186 663 in
1225 618 1428 664 navium
1468 616 1731 665 amissione
1777 617 1926 665 detri-
1981 636 2001 669 5
2043 646 2046 649 ·

235 691 481 750 mentum,
520 691 777 751 proveniet
806 692 975 738 tamen
1007 705 1149 737 omen
1178 689 1473 751 maximum,
1509 690 1643 753 quod
1673 691 1927 739 inimicam

235 766 421 812 terram
461 763 726 812 scindimus
757 764 946 812 rostris.
999 764 1228 824 franyere
1258 778 1344 811 nee
1372 764 1461 811 tali
1485 765 1695 825 puppim
1724 766 1928 813 statione

234 853 400 886 recuso
439 841 640 897 arrepta
678 838 845 885 tellure
874 838 1041 886 semel:
1079 840 1210 886 certe
1243 837 1363 899 quid
1392 837 1528 886 ultra
1558 838 1771 887 navibus
1803 854 1927 901 opus

162 929 166 933 ·
235 914 331 972 est,
380 912 580 973 quando
627 914 786 960 terras
835 927 960 974 quas
1007 912 1364 974 quaerebamus
1409 912 1722 961 invenimus?
1805 927 1928 972 quae

235 986 357 1033 talia
388 989 652 1045 postquam
690 987 865 1045 effatus
897 986 1145 1033 Tarchon:
1183 1002 1310 1048 quae
1349 1002 1462 1033 cum
1493 986 1718 1034 Tarchon
1752 988 1929 1035 fuisset
1960 1006 2003 1039 10

235 1060 411 1108 effatus
445 1062 496 1107 et
525 1059 650 1107 talia
681 1059 886 1108 dixisset
917 1060 1099 1123 quibus
1129 1061 1264 1107 ultra
1293 1060 1580 1122 responderi
1609 1076 1709 1108 non
1746 1065 1928 1123 posset,

131 1142 217 1182 300
233 1134 351 1181 socii
404 1148 688 1194 eonsuryere
740 1135 891 1182 tonsis
945 1135 1310 1195 spumantisque
1361 1138 1491 1182 rates
1552 1134 1687 1182 arvis
1745 1135 1928 1194 inferre

232 1208 456 1255 Latinis:
501 1207 790 1256 nitebantur
835 1208 984 1256 remis
1030 1208 1173 1269 socii,
1218 1210 1277 1256 ut
1315 1208 1562 1257 contrario
1600 1224 1737 1256 more
1775 1224 1927 1258 naves

232 1297 331 1329 non
370 1283 423 1329 in
461 1282 665 1344 fluctus,
705 1282 790 1330 sed
828 1283 879 1330 in
912 1284 1098 1330 terram
1130 1285 1400 1346 surgerent.
1455 1283 1509 1329 in
1539 1283 1632 1331 hoc
1662 1283 1796 1331 facto
1828 1299 1927 1331 non

232 1356 473 1417 stultitia,
524 1356 610 1404 sed
662 1356 869 1405 ultionis
923 1356 1251 1419 reportandae
1306 1356 1552 1418 cupiditas
1606 1357 1926 1419 probabatur.
1960 1373 2001 1406 15

232 1430 416 1492 quippe
467 1432 731 1478 consecuta
771 1431 978 1479 victoria
1026 1433 1191 1479 totum
1242 1431 1376 1492 quod
1421 1446 1511 1492 pro
1559 1446 1616 1478 ea
1662 1430 1927 1480 videbatur

232 1504 398 1552 amitti
435 1505 602 1567 potuit
638 1505 881 1567 reparari,
922 1505 963 1552 si
1002 1506 1131 1553 esset
1168 1505 1511 1553 necessarium.
1582 1505 1731 1552 donec
1766 1509 1927 1553 rostra

231 1582 389 1625 tenent
425 1579 605 1626 siecum
644 1582 687 1626 et
723 1579 885 1626 sedere
924 1580 1124 1627 carinae
1162 1593 1326 1626 omnes
1363 1580 1625 1626 innocuae:
1669 1579 1771 1626 iam
1816 1596 1925 1641 per-

230 1654 470 1700 venerant
506 1653 560 1699 in
599 1652 783 1700 siccum
819 1655 982 1701 rostra
1021 1655 1070 1700 et
1110 1653 1255 1714 quod
1282 1653 1447 1700 fuerat
1475 1653 1783 1714 insperatum
1812 1669 1924 1715 pro-

231 1741 344 1788 sper
394 1729 600 1774 eventus
652 1727 913 1788 attulerat,
969 1728 1027 1774 ut
1084 1742 1252 1775 omnes
1304 1727 1526 1775 inlaesae
1578 1727 1924 1775 consedissent.
1957 1744 2001 1776 πο

231 1800 365 1861 quod
413 1801 538 1847 dixit
582 1800 847 1863 innocuae,
892 1817 1014 1863 non,
1062 1801 1196 1862 quod
1243 1802 1382 1863 ipsae
1429 1802 1660 1862 cuiquam
1699 1817 1799 1848 non
1838 1817 1924 1850 no-

231 1875 468 1936 cuissent,
520 1875 664 1935 dixit,
715 1875 801 1923 sed
852 1875 987 1937 quod
1034 1875 1157 1937 ipsis
1207 1875 1332 1923 nihil
1379 1875 1669 1938 contigisset
1716 1875 1924 1924 adversi.

230 1949 315 1995 sed
363 1963 461 1996 non
496 1950 682 2008 puppis
731 1953 837 2006 tua,
892 1950 1139 1997 Tarchon:
1190 1965 1378 2009 omnes,
1428 1948 1615 2011 inquit,
1662 1951 1926 1997 evaserunt

231 2024 434 2084 excepta
480 2039 538 2070 ea
582 2022 636 2070 in
682 2038 780 2084 qua
826 2023 991 2070 fuerat
1038 2023 1277 2072 Tarchon.
1371 2023 1552 2086 incipit
1597 2038 1766 2071 casum
1817 2024 1923 2072 eius

231 2095 526 2144 describere:
565 2111 774 2156 namque
813 2098 1000 2155 inflicta
1038 2098 1202 2154 vadis,
1242 2098 1335 2146 hoc
1375 2099 1451 2145 est
1488 2098 1692 2159 inpacta
1736 2097 1922 2159 iniquis
1954 2112 1997 2146 25

229 2170 436 2219 litorum
467 2170 603 2230 locis,
636 2171 777 2218 dorso
810 2171 926 2218 durn
952 2172 1129 2231 pendet
1157 2172 1336 2232 iniquo,
1372 2172 1572 2220 dorsum
1604 2170 1730 2218 dixit
1759 2172 1922 2219 locum

231 2244 433 2305 editum,
457 2245 508 2291 in
541 2260 688 2306 quem
721 2246 832 2292 acta
865 2245 1228 2306 conscenderat,
1252 2245 1495 2308 iniquitas
1528 2245 1661 2292 dicta
1693 2247 1768 2293 est
1795 2261 1923 2307 quae

230 2318 509 2366 venientem
547 2334 725 2366 navem
764 2335 959 2367 servare
990 2320 1070 2368 vel
1102 2321 1344 2367 sustinere
1382 2335 1482 2367 non
1519 2319 1705 2381 potuit,
1746 2333 1922 2378 anceps

229 2395 498 2440 sustentata
536 2393 644 2448 diu,
686 2408 797 2439 cum
838 2393 922 2440 diu
961 2393 1253 2441 nutabunda
1291 2409 1420 2441 nunc
1458 2394 1511 2440 in
1545 2408 1698 2440 unam
1728 2395 1922 2454 partem

127 2473 212 2513 305
229 2482 359 2514 nunc
397 2466 450 2513 in
491 2466 641 2514 aliam
679 2468 960 2529 urgeretur,
1000 2469 1202 2515 solvitur
1234 2471 1374 2527 atque
1404 2468 1535 2514 viros
1564 2466 1736 2514 mediis
1769 2468 1920 2525 effun·
1952 2483 1995 2515 30

352 2582 373 2620 1
407 2591 544 2621 naves·
577 2577 646 2621 ed.
770 2582 795 2620 3
828 2579 947 2633 quod
973 2578 1057 2622 VR
1088 2579 1139 2622 id
1170 2593 1209 2635 q.
1243 2579 1313 2624 ed.
1357 2579 1362 2637 1
1409 2579 1598 2622 inimica
1621 2576 1719 2620 VR
1738 2591 1850 2621 corr.
1883 2593 1917 2621 r.

231 2641 255 2679 6
295 2650 423 2680 omen
457 2636 542 2679 VR
579 2650 741 2681 nomen
781 2636 850 2680 ed.
984 2643 1006 2680 7
1047 2639 1137 2682 tale
1171 2638 1269 2681 VR.
1392 2641 1417 2680 8
1449 2637 1599 2681 tellore
1620 2636 1706 2680 VR
1737 2650 1851 2680 corr.
1883 2651 1917 2680 r.

231 2700 283 2738 12
317 2697 459 2740 tonsis
481 2695 566 2739 VR
597 2697 811 2740 transtris
843 2696 912 2739 ed.
1015 2702 1070 2739 14
1102 2699 1153 2740 in
1183 2703 1306 2741 terra
1329 2695 1414 2740 VR
1445 2709 1558 2739 corr.
1593 2695 1664 2739 ed.
1760 2699 1814 2739 18
1845 2710 1919 2739 ea·

227 2768 363 2798 renae
397 2754 493 2798 VR.
547 2755 551 2813 Ι
603 2761 907 2811 pervenerunt
948 2755 1019 2799 ed.
1143 2760 1198 2799 20
1235 2757 1463 2800 adtulerat
1492 2754 1577 2797 VR
1615 2755 1809 2799 adiuvat
1846 2755 1917 2799 ed.
2049 2751 2050 2797 1

230 2818 285 2855 22
318 2815 606 2870 eontinyisset
629 2813 725 2857 VR.
825 2818 879 2856 25
913 2815 1159 2859 describere
1182 2814 1267 2858 VR
1297 2828 1490 2859 narrare
1522 2813 1592 2857 ed.
1641 2814 1645 2872 Ι
1695 2814 1919 2868 infactam

228 2871 313 2915 VR
343 2874 531 2928 inpacta
561 2887 644 2916 nos
677 2873 734 2916 cf.
770 2877 808 2927 7,
836 2877 920 2916 302
953 2874 1123 2927 infecta
1154 2874 1243 2917 edl
1273 2874 1449 2929 inflicta
1481 2872 1596 2916 edF.
1720 2877 1774 2915 27
1815 2878 1918 2916 aeta

228 2931 269 2973 V
295 2931 365 2975 ed.
399 2937 555 2976 coacta
585 2932 637 2974 R.
683 2931 687 2989 Ι
734 2933 1051 2976 conscenderat
1077 2932 1159 2975 VR
1191 2938 1284 2977 -ret
1314 2932 1383 2976 ed.
1490 2936 1545 2975 30
1576 2937 1812 2988 uryeretur
1834 2930 1918 2974 VR

228 2992 488 3047 iunyeretur
520 2991 590 3034 ed.
640 2991 642 3024 t
695 2991 889 3045 effundit
912 2990 994 3033 VR
1026 2991 1096 3035 ed.
1131 2993 1316 3047 exponit
1345 2990 1482 3047 Verg.
1516 2989 1638 3034 libri.
