2050 3226
800 102 1105 148 Ammos
1136 102 1201 147 x1
1738 108 1846 162 477

42 303 45 315 ‚
155 258 278 307 quos
327 241 586 306 superavit
633 241 687 290 in
737 243 902 292 Troia.
978 245 1029 292 et
1076 241 1366 292 Larissaeus
1416 243 1659 293 Achilles:
1708 248 1759 294 et
1807 246 1851 295 si

153 317 372 366 Achilles
412 319 716 380 superesset,
766 318 920 366 etiam
955 317 1088 366 hunc
1133 317 1320 366 diceres
1358 316 1598 366 timuisse.
1674 322 1723 367 et
1762 319 1851 381 qui

33 323 45 464 l
152 392 275 440 haec
324 390 464 440 falsis
514 390 747 439 roborare
797 390 1054 440 contendis
1104 390 1183 440 dic
1233 390 1471 440 Aufidum
1518 390 1727 442 fluvium
1774 393 1848 441 in-

44 496 45 500 =
152 481 378 514 mensum
417 467 467 513 et
504 480 742 528 magnum
780 468 912 514 retro
945 480 1088 529 posse
1126 465 1330 514 refluere
1361 467 1412 514 et
1442 465 1579 527 quod
1607 466 1659 513 in
1689 466 1849 516 undas

39 540 45 603 f
102 552 123 585 5
153 538 437 588 Hadriatici
473 539 624 587 maris
657 539 892 588 formidet
929 540 1076 588 exire.
1129 555 1239 589 ecce
1276 540 1359 588 hic
1396 539 1648 588 subtiliter
1684 540 1851 604 tangit

39 610 42 621 ⁶
154 614 288 678 quod
325 613 480 677 legati
519 611 583 661 ad
621 612 897 662 Diomeden
950 612 1091 663 missi
1138 614 1333 662 nullum
1378 613 1594 662 viderint
1632 615 1683 663 et
1720 615 1851 664 falsa

152 688 364 751 professi
401 686 516 735 sint.
572 687 648 735 vel
678 702 787 735 cum
816 702 867 735 se
891 688 1134 748 pavidwm
1164 691 1332 736 contra
1360 702 1471 736 mea
1501 688 1666 749 iuryia
1693 690 1848 749 finyit,

153 762 359 821 artificis
386 761 543 809 scelus
575 765 618 809 et
638 762 901 821 formidine
931 763 1112 810 crimen
1142 763 1360 810 acerbat:
1394 763 1546 824 certe,
1576 761 1671 823 ait,
1703 763 1850 826 quale

150 835 280 884 illud
318 835 547 884 scelerati
576 837 912 884 commentum
942 837 1037 896 est,
1074 835 1305 885 timorem
1334 835 1540 900 fingere,
1575 837 1850 886 accusatio-

28 903 36 972 j
81 922 123 955 ιο
152 926 238 959 nes
286 909 437 958 duras
484 910 727 958 exercere!
787 925 1056 971 numquam
1105 910 1325 958 animam
1369 910 1515 958 talem
1551 910 1722 959 dextra
1758 912 1852 961 hac

31 984 33 986 ’
153 984 355 1045 (absiste
383 984 588 1043 moveri)
620 985 808 1032 amittes
819 1002 836 1032 .·
871 985 1051 1032 habitet
1078 986 1232 1032 tecum
1262 987 1307 1032 et
1334 985 1398 1033 sit
1420 987 1609 1044 pectore
1645 985 1700 1032 in
1735 986 1852 1033 isto.-

153 1060 257 1107 esto
290 1073 512 1119 securus,
550 1058 768 1119 Drance,
806 1073 1010 1121 parcam
1038 1057 1154 1119 tibi,
1192 1058 1310 1106 licet
1346 1058 1579 1107 merearis
1618 1058 1851 1108 interficit

152 1148 429 1196 numquam
466 1131 597 1180 enim
637 1132 840 1180 dextera
869 1148 980 1180 mea
1010 1131 1208 1181 inbellis
1240 1131 1435 1180 occidit.
1490 1132 1557 1181 sit
1587 1133 1746 1197 magis
1778 1136 1850 1182 te·

31 1261 34 1266 ,
153 1223 267 1256 cum
304 1207 473 1256 anima
510 1208 620 1267 tua,
667 1206 862 1255 habitet
905 1206 959 1254 in
997 1208 1087 1255 tuo
1124 1208 1345 1269 pectore3
1394 1206 1574 1255 melius
1621 1209 1753 1255 enim
1791 1207 1852 1256 de

31 1287 37 1300 ·'
82 1292 123 1325 15
153 1283 203 1330 te
235 1281 536 1344 supplicium
567 1279 772 1329 dabitur
803 1279 932 1331 votis
963 1281 1109 1342 meiS,
1141 1281 1186 1329 si
1216 1280 1405 1329 diutius
1430 1280 1570 1330 vivas
1594 1283 1645 1330 et
1666 1296 1851 1344 poenas

151 1355 338 1419 iugiter
373 1354 546 1405 livoris
585 1354 845 1417 expendas,
906 1369 1038 1403 nunc
1076 1354 1143 1402 ad
1181 1358 1223 1402 te
1261 1358 1305 1402 et
1341 1357 1447 1411 tua,
1485 1369 1661 1416 mayne
1688 1359 1850 1415 pater,
1868 1361 1954 1402 410

154 1429 375 1478 consulta
402 1432 638 1477 revertor:
680 1444 739 1477 ex
769 1429 995 1478 oratione
1025 1428 1316 1477 turbulenta
1347 1444 1500 1491 quam
1528 1445 1619 1492 pro
1656 1430 1851 1478 ratione

153 1518 392 1567 personae
430 1502 644 1566 protulit
681 1502 747 1551 ad
792 1502 965 1551 mitem
1010 1504 1163 1565 atque
1207 1503 1446 1551 humilem
1489 1504 1692 1566 repente
1738 1519 1851 1552 con-

153 1593 324 1627 versus
371 1579 467 1639 est,
514 1578 595 1626 vel
634 1577 754 1639 quia
799 1593 912 1626 cum
955 1593 1072 1640 rege
1115 1577 1405 1626 instituerat
1442 1577 1583 1639 loqui
1620 1578 1700 1626 vel
1738 1593 1852 1626 cum

81 1663 125 1696 so
155 1667 212 1700 eo
253 1668 400 1714 quem
439 1667 664 1700 socerum
712 1667 816 1700 esse
855 1650 1101 1714 cupiebat.
1176 1651 1291 1714 plus
1328 1653 1498 1700 tamen
1543 1650 1761 1700 ostendit
1798 1667 1850 1700 se

154 1741 321 1775 socero
361 1725 550 1774 deferre
590 1742 742 1788 quam
785 1726 894 1790 regi
939 1724 1145 1774 dicendo
1191 1741 1370 1789 magne
1416 1727 1580 1787 pater,
1630 1725 1852 1789 alioquin

155 1799 340 1849 diceret
376 1815 556 1864 magne
594 1816 694 1848 rex.
754 1799 808 1848 in
845 1801 958 1863 ipsa
998 1802 1163 1848 tamen
1201 1799 1572 1862 tranquillitate
1611 1799 1851 1848 sermonis

155 1876 231 1922 est
268 1874 516 1936 quaedam
566 1873 886 1923 consiliorum
926 1872 1097 1922 Latini
1142 1876 1191 1922 et
1228 1874 1612 1937 dispositionum
1658 1874 1852 1922 occulta

155 1948 478 2011 vituperatio.
552 1964 684 1997 nunc
723 1947 788 1996 ad
824 1951 897 2010 te,
944 1949 1039 2010 ait,
1084 1963 1264 2011 magne
1303 1949 1468 2011 pater,
1513 1947 1660 1996 redeo
1700 1950 1751 1996 et
1788 1947 1852 1997 ad

82 2038 125 2071 2⁶
157 2022 386 2071 consulta
423 2024 528 2070 tua.
589 2025 785 2084 patrem
822 2021 1021 2071 videtur
1059 2021 1238 2070 dixisse
1270 2022 1417 2085 quasi
1446 2022 1850 2071 honorificentiae

155 2097 288 2158 loco,
326 2098 501 2159 utpote
540 2097 630 2158 qui
660 2096 960 2159 loquebatur
989 2099 1047 2145 ut
1077 2111 1247 2160 gener,
1286 2098 1346 2145 ut
1376 2096 1677 2157 ostenderet,
1717 2097 1852 2159 quod

157 2170 386 2232 diximus„
415 2171 528 2233 plus
553 2186 604 2219 se
628 2186 795 2220 socero
820 2169 1008 2219 deferre
1039 2186 1190 2233 quam
1220 2172 1340 2234 regi.
1402 2169 1486 2219 sed
1518 2170 1618 2219 alia
1648 2171 1851 2233 loquen-

156 2245 222 2293 tis
267 2244 480 2293 intentio
531 2247 626 2294 est:
677 2260 870 2293 summa
915 2245 1047 2292 enim
1103 2244 1489 2307 dispositionum
1535 2244 1706 2292 Latini
1754 2244 1852 2292 dis·

156 2318 375 2381 plicebat
413 2319 602 2381 Turn03
650 2318 862 2381 denique
899 2320 1015 2381 post
1059 2318 1448 2382 appellationem
1486 2320 1644 2381 patris
1684 2320 1852 2366 secuta

84 2408 128 2440 so
157 2392 432 2456 propositio
488 2395 562 2441 est
617 2409 718 2456 qua
764 2392 980 2441 ostendit
1025 2408 1075 2441 se
1119 2393 1178 2441 de
1222 2392 1358 2442 illius
1405 2393 1623 2441 consiliis
1668 2394 1850 2440 tracta·

157 2469 348 2532 turum,
379 2469 438 2515 ut
468 2466 749 2516 ostenderet
777 2467 1098 2530 inprovidum
1131 2468 1346 2530 patrem:
1379 2482 1495 2531 ergo
1520 2466 1850 2529 appellatione

279 2628 302 2667 1
337 2623 729 2668 larisseviachilles
752 2621 807 2667 V.
893 2626 920 2666 5
951 2623 1225 2668 chadriatici
1246 2622 1289 2666 V
1312 2622 1508 2667 Achiam?
1532 2621 1602 2665 ed.
1690 2625 1712 2663 7
1739 2634 1851 2676 pro-

158 2683 388 2736 fessissent
409 2682 452 2726 V
475 2683 675 2739 professi
696 2683 890 2736 fuissent
922 2681 994 2726 ed.
1085 2686 1112 2727 8
1144 2683 1336 2737 artificis
1365 2682 1509 2726 scelus
1539 2693 1623 2736 pro
1655 2679 1852 2735 apodosi

159 2741 371 2798 accipere
412 2741 650 2786 Donatum
692 2742 844 2797 patet,
887 2739 1010 2785 male
1052 2755 1158 2786 eum
1200 2740 1432 2784 intellexit
1470 2738 1749 2796 Forbigerus
1789 2739 1851 2783 ad

158 2800 283 2844 hunc
313 2800 480 2846 locum.
570 2806 624 2844 14
654 2801 908 2856 habitetque
939 2799 1010 2844 ed.
1098 2805 1152 2845 16
1185 2801 1347 2845 livores
1368 2799 1422 2843 V.
1508 2802 1564 2842 20
1594 2811 1784 2843 socerem
1809 2797 1852 2840 V

158 2872 358 2904 socerum
394 2861 485 2904 sibi
526 2860 597 2905 ed.
733 2863 787 2903 23
820 2859 955 2904 latiat
985 2864 1027 2904 et
1049 2859 1091 2904 V
1122 2860 1288 2904 Latini
1317 2864 1460 2915 atque,
1481 2857 1552 2902 ed.
1602 2860 1605 2878 ¹
1656 2858 1851 2914 disposi-

160 2919 325 2964 tionem
356 2920 477 2965 oculi
499 2919 542 2963 V
574 2933 686 2963 corr.
721 2918 792 2963 ed.
