<?xml version="1.0" encoding="UTF-8"?>
<!DOCTYPE html PUBLIC "-//W3C//DTD XHTML 1.0 Transitional//EN"
    "http://www.w3.org/TR/xhtml1/DTD/xhtml1-transitional.dtd">
<html xmlns="http://www.w3.org/1999/xhtml" xml:lang="en" lang="en">
 <head>
  <title>
</title>
<meta http-equiv="Content-Type" content="text/html;charset=utf-8" />
  <meta name='ocr-system' content='tesseract 3.04.00' />
  <meta name='ocr-capabilities' content='ocr_page ocr_carea ocr_par ocr_line ocrx_word'/>
</head>
<body>
  <div class='ocr_page' id='page_1' title='image "./interpretationes02donauoft_0269.png"; bbox 0 0 2050 3226; ppageno 0'>
   <div class='ocr_carea' id='block_1_1' title="bbox 811 204 1852 262">
    <p class='ocr_par' dir='ltr' id='par_1_1' title="bbox 811 204 1852 262">
     <span class='ocr_line' id='line_1_1' title="bbox 811 204 1852 262; baseline -0.001 -12"><span class='ocrx_word' id='word_1_1' title='bbox 811 205 1116 250; x_wconf 78' lang='lat' dir='ltr'>AENEIDos</span> <span class='ocrx_word' id='word_1_2' title='bbox 1138 204 1202 250; x_wconf 90' lang='lat' dir='ltr'>1x</span> <span class='ocrx_word' id='word_1_3' title='bbox 1744 208 1852 262; x_wconf 83' lang='lat'>265</span> 
     </span>
    </p>
   </div>
   <div class='ocr_carea' id='block_1_2' title="bbox 26 345 1963 2714">
    <p class='ocr_par' dir='ltr' id='par_1_2' title="bbox 26 345 1963 2714">
     <span class='ocr_line' id='line_1_2' title="bbox 163 345 1853 411; baseline -0.001 -14"><span class='ocrx_word' id='word_1_4' title='bbox 163 348 325 398; x_wconf 87' lang='lat' dir='ltr'>teneri</span> <span class='ocrx_word' id='word_1_5' title='bbox 354 347 504 396; x_wconf 86' lang='lat' dir='ltr'>vallo.</span> <span class='ocrx_word' id='word_1_6' title='bbox 567 345 689 408; x_wconf 90' lang='lat' dir='ltr'>quid</span> <span class='ocrx_word' id='word_1_7' title='bbox 724 347 792 394; x_wconf 88' lang='lat' dir='ltr'>sit</span> <span class='ocrx_word' id='word_1_8' title='bbox 820 347 1005 411; x_wconf 12' lang='lat' dir='ltr'>iterum,</span> <span class='ocrx_word' id='word_1_9' title='bbox 1038 347 1197 395; x_wconf 88' lang='lat' dir='ltr'>teneri</span> <span class='ocrx_word' id='word_1_10' title='bbox 1234 346 1341 409; x_wconf 92' lang='lat' dir='ltr'>ipse</span> <span class='ocrx_word' id='word_1_11' title='bbox 1381 348 1610 409; x_wconf 88' lang='lat' dir='ltr'>exposuit</span> <span class='ocrx_word' id='word_1_12' title='bbox 1648 346 1853 396; x_wconf 90' lang='lat' dir='ltr'>dicendo</span> 
     </span>
     <span class='ocr_line' id='line_1_3' title="bbox 167 419 1854 483; baseline -0.001 -12"><span class='ocrx_word' id='word_1_13' title='bbox 167 423 240 471; x_wconf 84' lang='lat' dir='ltr'>bis</span> <span class='ocrx_word' id='word_1_14' title='bbox 290 422 418 481; x_wconf 77' lang='lat' dir='ltr'>capti</span> <span class='ocrx_word' id='word_1_15' title='bbox 465 421 704 482; x_wconf 73' lang='lat' dir='ltr'>Phryyes:</span> <span class='ocrx_word' id='word_1_16' title='bbox 753 419 838 468; x_wconf 90' lang='lat' dir='ltr'>sed</span> <span class='ocrx_word' id='word_1_17' title='bbox 885 420 1093 482; x_wconf 90' lang='lat' dir='ltr'>idcirco,</span> <span class='ocrx_word' id='word_1_18' title='bbox 1143 421 1331 483; x_wconf 87' lang='lat' dir='ltr'>inquit,</span> <span class='ocrx_word' id='word_1_19' title='bbox 1380 435 1480 468; x_wconf 92' lang='lat' dir='ltr'>non</span> <span class='ocrx_word' id='word_1_20' title='bbox 1527 421 1678 469; x_wconf 88' lang='lat' dir='ltr'>semel</span> <span class='ocrx_word' id='word_1_21' title='bbox 1715 420 1854 469; x_wconf 84' lang='lat' dir='ltr'>vobis</span> 
     </span>
     <span class='ocr_line' id='line_1_4' title="bbox 164 493 1855 559; baseline -0.001 -15"><span class='ocrx_word' id='word_1_22' title='bbox 164 497 259 544; x_wconf 91' lang='lat' dir='ltr'>hoc</span> <span class='ocrx_word' id='word_1_23' title='bbox 296 494 530 559; x_wconf 87' lang='lat' dir='ltr'>contigit,</span> <span class='ocrx_word' id='word_1_24' title='bbox 577 493 699 556; x_wconf 88' lang='lat' dir='ltr'>quia</span> <span class='ocrx_word' id='word_1_25' title='bbox 736 493 958 559; x_wconf 83' lang='lat' dir='ltr'>Phryges</span> <span class='ocrx_word' id='word_1_26' title='bbox 1005 495 1140 543; x_wconf 79' lang='lat' dir='ltr'>estis,</span> <span class='ocrx_word' id='word_1_27' title='bbox 1214 495 1309 543; x_wconf 92' lang='lat' dir='ltr'>hoc</span> <span class='ocrx_word' id='word_1_28' title='bbox 1347 495 1510 559; x_wconf 87' lang='lat' dir='ltr'>gentis</span> <span class='ocrx_word' id='word_1_29' title='bbox 1548 509 1728 543; x_wconf 90' lang='lat' dir='ltr'>nomen</span> <span class='ocrx_word' id='word_1_30' title='bbox 1765 510 1855 557; x_wconf 93' lang='lat' dir='ltr'>pro</span> 
     </span>
     <span class='ocr_line' id='line_1_5' title="bbox 167 567 1857 631; baseline -0.002 -12"><span class='ocrx_word' id='word_1_31' title='bbox 167 569 386 619; x_wconf 87' lang='lat' dir='ltr'>convicio</span> <span class='ocrx_word' id='word_1_32' title='bbox 423 568 595 631; x_wconf 86' lang='lat' dir='ltr'>posuit</span> <span class='ocrx_word' id='word_1_33' title='bbox 633 569 778 631; x_wconf 86' lang='lat' dir='ltr'>quasi</span> <span class='ocrx_word' id='word_1_34' title='bbox 809 569 1053 631; x_wconf 87' lang='lat' dir='ltr'>enervati,</span> <span class='ocrx_word' id='word_1_35' title='bbox 1090 569 1286 630; x_wconf 89' lang='lat' dir='ltr'>molles,</span> <span class='ocrx_word' id='word_1_36' title='bbox 1324 569 1531 617; x_wconf 82' lang='lat' dir='ltr'>inbelles</span> <span class='ocrx_word' id='word_1_37' title='bbox 1563 584 1621 617; x_wconf 87' lang='lat' dir='ltr'>ac</span> <span class='ocrx_word' id='word_1_38' title='bbox 1658 567 1857 617; x_wconf 87' lang='lat' dir='ltr'>feminis</span> 
     </span>
     <span class='ocr_line' id='line_1_6' title="bbox 26 642 1855 708; baseline 0 -18"><span class='ocrx_word' id='word_1_39' title='bbox 26 675 29 678; x_wconf 30' lang='grc' dir='ltr'><em>ι</em></span> <span class='ocrx_word' id='word_1_40' title='bbox 115 656 135 690; x_wconf 85' lang='grc'>5</span> <span class='ocrx_word' id='word_1_41' title='bbox 165 644 379 708; x_wconf 82' lang='lat' dir='ltr'>proximi</span> <span class='ocrx_word' id='word_1_42' title='bbox 431 645 482 690; x_wconf 90' lang='lat' dir='ltr'>et</span> <span class='ocrx_word' id='word_1_43' title='bbox 534 642 911 705; x_wconf 73' lang='lat' dir='ltr'><strong>captivitatibus</strong></span> <span class='ocrx_word' id='word_1_44' title='bbox 966 642 1147 692; x_wconf 86' lang='lat' dir='ltr'>crebris</span> <span class='ocrx_word' id='word_1_45' title='bbox 1202 642 1403 692; x_wconf 83' lang='lat' dir='ltr'><strong>addicti.</strong></span> <span class='ocrx_word' id='word_1_46' title='bbox 1488 644 1674 691; x_wconf 84' lang='lat' dir='ltr'>crimen</span> <span class='ocrx_word' id='word_1_47' title='bbox 1727 642 1855 691; x_wconf 90' lang='lat' dir='ltr'>enim</span> 
     </span>
     <span class='ocr_line' id='line_1_7' title="bbox 166 716 1859 781; baseline -0.001 -15"><span class='ocrx_word' id='word_1_48' title='bbox 166 719 287 779; x_wconf 86' lang='lat' dir='ltr'>fuit,</span> <span class='ocrx_word' id='word_1_49' title='bbox 338 718 459 780; x_wconf 86' lang='lat' dir='ltr'>quia</span> <span class='ocrx_word' id='word_1_50' title='bbox 506 717 710 779; x_wconf 83' lang='lat' dir='ltr'>iterum3</span> <span class='ocrx_word' id='word_1_51' title='bbox 758 719 930 780; x_wconf 85' lang='lat' dir='ltr'>potuit</span> <span class='ocrx_word' id='word_1_52' title='bbox 978 716 1163 781; x_wconf 88' lang='lat' dir='ltr'>quippe</span> <span class='ocrx_word' id='word_1_53' title='bbox 1214 732 1357 766; x_wconf 88' lang='lat' dir='ltr'>casus</span> <span class='ocrx_word' id='word_1_54' title='bbox 1408 717 1561 765; x_wconf 87' lang='lat' dir='ltr'>fuisse</span> <span class='ocrx_word' id='word_1_55' title='bbox 1600 719 1653 764; x_wconf 89' lang='lat' dir='ltr'>in</span> <span class='ocrx_word' id='word_1_56' title='bbox 1697 717 1859 779; x_wconf 90' lang='lat' dir='ltr'>prima</span> 
     </span>
     <span class='ocr_line' id='line_1_8' title="bbox 167 790 1859 855; baseline -0.002 -14"><span class='ocrx_word' id='word_1_57' title='bbox 167 791 436 853; x_wconf 83' lang='lat' dir='ltr'>obsidione,</span> <span class='ocrx_word' id='word_1_58' title='bbox 470 791 557 839; x_wconf 88' lang='lat' dir='ltr'>sed</span> <span class='ocrx_word' id='word_1_59' title='bbox 587 807 699 840; x_wconf 92' lang='lat' dir='ltr'>cum</span> <span class='ocrx_word' id='word_1_60' title='bbox 730 791 943 840; x_wconf 91' lang='lat' dir='ltr'>secundo</span> <span class='ocrx_word' id='word_1_61' title='bbox 977 808 1175 855; x_wconf 90' lang='lat' dir='ltr'>quoque</span> <span class='ocrx_word' id='word_1_62' title='bbox 1207 790 1386 840; x_wconf 87' lang='lat' dir='ltr'>vallati</span> <span class='ocrx_word' id='word_1_63' title='bbox 1416 793 1547 853; x_wconf 89' lang='lat' dir='ltr'>sunt,</span> <span class='ocrx_word' id='word_1_64' title='bbox 1578 807 1668 840; x_wconf 89' lang='lat' dir='ltr'>nec</span> <span class='ocrx_word' id='word_1_65' title='bbox 1698 791 1859 854; x_wconf 91' lang='lat' dir='ltr'>prima</span> 
     </span>
     <span class='ocr_line' id='line_1_9' title="bbox 166 865 1861 930; baseline -0.002 -15"><span class='ocrx_word' id='word_1_66' title='bbox 166 868 334 930; x_wconf 90' lang='lat' dir='ltr'>potest</span> <span class='ocrx_word' id='word_1_67' title='bbox 382 865 581 914; x_wconf 83' lang='lat' dir='ltr'><strong>casibus</strong></span> <span class='ocrx_word' id='word_1_68' title='bbox 631 865 876 929; x_wconf 88' lang='lat' dir='ltr'>adplicari</span> <span class='ocrx_word' id='word_1_69' title='bbox 924 881 1015 914; x_wconf 89' lang='lat' dir='ltr'>nec</span> <span class='ocrx_word' id='word_1_70' title='bbox 1065 866 1282 915; x_wconf 89' lang='lat' dir='ltr'>secunda</span> <span class='ocrx_word' id='word_1_71' title='bbox 1331 865 1538 914; x_wconf 89' lang='lat' dir='ltr'>obsidio.</span> <span class='ocrx_word' id='word_1_72' title='bbox 1627 868 1670 914; x_wconf 81' lang='lat' dir='ltr'>et</span> <span class='ocrx_word' id='word_1_73' title='bbox 1716 866 1861 913; x_wconf 80' lang='lat' dir='ltr'>morti</span> 
     </span>
     <span class='ocr_line' id='line_1_10' title="bbox 160 939 1860 1003; baseline -0.001 -14"><span class='ocrx_word' id='word_1_74' title='bbox 160 940 479 1002; x_wconf 76' lang='lat' dir='ltr'>praetendere</span> <span class='ocrx_word' id='word_1_75' title='bbox 506 941 706 988; x_wconf 79' lang='lat' dir='ltr'>muros?</span> <span class='ocrx_word' id='word_1_76' title='bbox 744 956 942 1002; x_wconf 83' lang='lat' dir='ltr'>novum,</span> <span class='ocrx_word' id='word_1_77' title='bbox 972 940 1154 1003; x_wconf 87' lang='lat' dir='ltr'>inquit,</span> <span class='ocrx_word' id='word_1_78' title='bbox 1185 941 1446 989; x_wconf 84' lang='lat' dir='ltr'>inventum</span> <span class='ocrx_word' id='word_1_79' title='bbox 1475 939 1702 1001; x_wconf 89' lang='lat' dir='ltr'>inertiae,</span> <span class='ocrx_word' id='word_1_80' title='bbox 1733 955 1860 1001; x_wconf 90' lang='lat' dir='ltr'>quae</span> 
     </span>
     <span class='ocr_line' id='line_1_11' title="bbox 94 1014 1860 1078; baseline 0.001 -17"><span class='ocrx_word' id='word_1_81' title='bbox 94 1027 138 1060; x_wconf 77' lang='grc' dir='ltr'>ιο</span> <span class='ocrx_word' id='word_1_82' title='bbox 168 1014 263 1063; x_wconf 89' lang='lat' dir='ltr'>sibi</span> <span class='ocrx_word' id='word_1_83' title='bbox 297 1030 559 1063; x_wconf 87' lang='lat' dir='ltr'>murorum</span> <span class='ocrx_word' id='word_1_84' title='bbox 596 1015 905 1063; x_wconf 84' lang='lat' dir='ltr'>munimenta</span> <span class='ocrx_word' id='word_1_85' title='bbox 943 1015 1214 1078; x_wconf 81' lang='lat' dir='ltr'>conquirit,</span> <span class='ocrx_word' id='word_1_86' title='bbox 1251 1030 1351 1062; x_wconf 93' lang='lat' dir='ltr'>non</span> <span class='ocrx_word' id='word_1_87' title='bbox 1382 1016 1440 1062; x_wconf 91' lang='lat' dir='ltr'>ut</span> <span class='ocrx_word' id='word_1_88' title='bbox 1470 1015 1663 1063; x_wconf 89' lang='lat' dir='ltr'>clausos</span> <span class='ocrx_word' id='word_1_89' title='bbox 1695 1014 1860 1062; x_wconf 88' lang='lat' dir='ltr'>defen·</span> 
     </span>
     <span class='ocr_line' id='line_1_12' title="bbox 168 1088 1963 1151; baseline -0.001 -14"><span class='ocrx_word' id='word_1_90' title='bbox 168 1089 313 1151; x_wconf 87' lang='lat' dir='ltr'>dant,</span> <span class='ocrx_word' id='word_1_91' title='bbox 358 1089 445 1137; x_wconf 91' lang='lat' dir='ltr'>sed</span> <span class='ocrx_word' id='word_1_92' title='bbox 489 1091 549 1137; x_wconf 91' lang='lat' dir='ltr'>ut</span> <span class='ocrx_word' id='word_1_93' title='bbox 594 1088 818 1138; x_wconf 90' lang='lat' dir='ltr'>obsessos</span> <span class='ocrx_word' id='word_1_94' title='bbox 857 1089 1106 1138; x_wconf 85' lang='lat' dir='ltr'><strong>addicant.</strong></span> <span class='ocrx_word' id='word_1_95' title='bbox 1183 1103 1242 1138; x_wconf 89' lang='lat' dir='ltr'>en</span> <span class='ocrx_word' id='word_1_96' title='bbox 1281 1090 1364 1149; x_wconf 79' lang='lat' dir='ltr'>qui</span> <span class='ocrx_word' id='word_1_97' title='bbox 1401 1092 1570 1138; x_wconf 78' lang='lat' dir='ltr'>nostra</span> <span class='ocrx_word' id='word_1_98' title='bbox 1607 1089 1704 1137; x_wconf 84' lang='lat' dir='ltr'>sibi</span> <span class='ocrx_word' id='word_1_99' title='bbox 1742 1089 1860 1137; x_wconf 85' lang='lat' dir='ltr'>bello</span> <span class='ocrx_word' id='word_1_100' title='bbox 1878 1097 1963 1137; x_wconf 87' lang='lat'>600</span> 
     </span>
     <span class='ocr_line' id='line_1_13' title="bbox 169 1162 1861 1228; baseline -0.001 -16"><span class='ocrx_word' id='word_1_101' title='bbox 169 1163 378 1212; x_wconf 83' lang='lat' dir='ltr'>conubia</span> <span class='ocrx_word' id='word_1_102' title='bbox 417 1166 651 1223; x_wconf 76' lang='lat' dir='ltr'>poscunt.-</span> <span class='ocrx_word' id='word_1_103' title='bbox 708 1164 908 1228; x_wconf 90' lang='lat' dir='ltr'>singula</span> <span class='ocrx_word' id='word_1_104' title='bbox 962 1163 1150 1212; x_wconf 87' lang='lat' dir='ltr'>habent</span> <span class='ocrx_word' id='word_1_105' title='bbox 1197 1162 1300 1212; x_wconf 86' lang='lat' dir='ltr'>vim</span> <span class='ocrx_word' id='word_1_106' title='bbox 1351 1178 1515 1211; x_wconf 88' lang='lat' dir='ltr'>suam:</span> <span class='ocrx_word' id='word_1_107' title='bbox 1573 1179 1633 1211; x_wconf 87' lang='lat' dir='ltr'>en</span> <span class='ocrx_word' id='word_1_108' title='bbox 1677 1162 1861 1225; x_wconf 89' lang='lat' dir='ltr'>inquit,</span> 
     </span>
     <span class='ocr_line' id='line_1_14' title="bbox 169 1236 1862 1301; baseline -0.001 -15"><span class='ocrx_word' id='word_1_109' title='bbox 169 1237 502 1300; x_wconf 85' lang='lat' dir='ltr'>vituperantis</span> <span class='ocrx_word' id='word_1_110' title='bbox 538 1237 663 1285; x_wconf 89' lang='lat' dir='ltr'>haec</span> <span class='ocrx_word' id='word_1_111' title='bbox 701 1237 1058 1287; x_wconf 86' lang='lat' dir='ltr'>demonstratio</span> <span class='ocrx_word' id='word_1_112' title='bbox 1099 1239 1196 1299; x_wconf 83' lang='lat' dir='ltr'>est3</span> <span class='ocrx_word' id='word_1_113' title='bbox 1243 1236 1352 1301; x_wconf 92' lang='lat' dir='ltr'>qui,</span> <span class='ocrx_word' id='word_1_114' title='bbox 1390 1238 1484 1285; x_wconf 93' lang='lat' dir='ltr'>hoc</span> <span class='ocrx_word' id='word_1_115' title='bbox 1523 1239 1599 1285; x_wconf 92' lang='lat' dir='ltr'>est</span> <span class='ocrx_word' id='word_1_116' title='bbox 1634 1237 1862 1299; x_wconf 89' lang='lat' dir='ltr'>mendici,</span> 
     </span>
     <span class='ocr_line' id='line_1_15' title="bbox 169 1311 1862 1376; baseline -0.001 -16"><span class='ocrx_word' id='word_1_117' title='bbox 169 1311 419 1376; x_wconf 81' lang='lat' dir='ltr'>naufragi,</span> <span class='ocrx_word' id='word_1_118' title='bbox 451 1311 703 1374; x_wconf 84' lang='lat' dir='ltr'>dissoluti3</span> <span class='ocrx_word' id='word_1_119' title='bbox 733 1315 919 1373; x_wconf 89' lang='lat' dir='ltr'>nostra,</span> <span class='ocrx_word' id='word_1_120' title='bbox 944 1313 1091 1376; x_wconf 85' lang='lat' dir='ltr'>quasi</span> <span class='ocrx_word' id='word_1_121' title='bbox 1120 1312 1380 1360; x_wconf 91' lang='lat' dir='ltr'>meliorum</span> <span class='ocrx_word' id='word_1_122' title='bbox 1414 1314 1566 1374; x_wconf 88' lang='lat' dir='ltr'>atque</span> <span class='ocrx_word' id='word_1_123' title='bbox 1595 1311 1862 1373; x_wconf 80' lang='lat' dir='ltr'>nobilium3</span> 
     </span>
     <span class='ocr_line' id='line_1_16' title="bbox 96 1385 1863 1448; baseline 0.002 -18"><span class='ocrx_word' id='word_1_124' title='bbox 96 1397 138 1430; x_wconf 86' lang='lat'>15</span> <span class='ocrx_word' id='word_1_125' title='bbox 169 1386 300 1435; x_wconf 91' lang='lat' dir='ltr'>bello</span> <span class='ocrx_word' id='word_1_126' title='bbox 340 1385 553 1434; x_wconf 89' lang='lat' dir='ltr'>conubia</span> <span class='ocrx_word' id='word_1_127' title='bbox 582 1388 818 1448; x_wconf 88' lang='lat' dir='ltr'>poscunt,</span> <span class='ocrx_word' id='word_1_128' title='bbox 855 1387 1054 1448; x_wconf 86' lang='lat' dir='ltr'>volunt,</span> <span class='ocrx_word' id='word_1_129' title='bbox 1090 1385 1281 1448; x_wconf 88' lang='lat' dir='ltr'>inquit,</span> <span class='ocrx_word' id='word_1_130' title='bbox 1318 1386 1451 1434; x_wconf 91' lang='lat' dir='ltr'>bello</span> <span class='ocrx_word' id='word_1_131' title='bbox 1495 1386 1710 1434; x_wconf 91' lang='lat' dir='ltr'>alienum</span> <span class='ocrx_word' id='word_1_132' title='bbox 1750 1401 1863 1434; x_wconf 90' lang='lat' dir='ltr'>con·</span> 
     </span>
     <span class='ocr_line' id='line_1_17' title="bbox 168 1460 1862 1524; baseline 0 -16"><span class='ocrx_word' id='word_1_133' title='bbox 168 1460 362 1524; x_wconf 89' lang='lat' dir='ltr'>iugium</span> <span class='ocrx_word' id='word_1_134' title='bbox 392 1476 627 1522; x_wconf 87' lang='lat' dir='ltr'>quaerere</span> <span class='ocrx_word' id='word_1_135' title='bbox 667 1461 753 1523; x_wconf 87' lang='lat' dir='ltr'>qui</span> <span class='ocrx_word' id='word_1_136' title='bbox 782 1461 836 1509; x_wconf 92' lang='lat' dir='ltr'>in</span> <span class='ocrx_word' id='word_1_137' title='bbox 875 1476 1026 1509; x_wconf 83' lang='lat' dir='ltr'>causa</span> <span class='ocrx_word' id='word_1_138' title='bbox 1064 1460 1217 1509; x_wconf 84' lang='lat' dir='ltr'>simili</span> <span class='ocrx_word' id='word_1_139' title='bbox 1255 1460 1421 1509; x_wconf 89' lang='lat' dir='ltr'>sciunt</span> <span class='ocrx_word' id='word_1_140' title='bbox 1459 1475 1563 1508; x_wconf 89' lang='lat' dir='ltr'>sese</span> <span class='ocrx_word' id='word_1_141' title='bbox 1601 1462 1862 1521; x_wconf 90' lang='lat' dir='ltr'>mactatos.</span> 
     </span>
     <span class='ocr_line' id='line_1_18' title="bbox 170 1533 1863 1598; baseline 0 -16"><span class='ocrx_word' id='word_1_142' title='bbox 170 1536 280 1595; x_wconf 78' lang='lat' dir='ltr'>quis</span> <span class='ocrx_word' id='word_1_143' title='bbox 332 1534 452 1582; x_wconf 81' lang='lat' dir='ltr'>deus</span> <span class='ocrx_word' id='word_1_144' title='bbox 503 1534 743 1582; x_wconf 79' lang='lat' dir='ltr'>Italiam?</span> <span class='ocrx_word' id='word_1_145' title='bbox 820 1536 931 1598; x_wconf 89' lang='lat' dir='ltr'>quis</span> <span class='ocrx_word' id='word_1_146' title='bbox 987 1534 1128 1597; x_wconf 90' lang='lat' dir='ltr'>deus,</span> <span class='ocrx_word' id='word_1_147' title='bbox 1181 1536 1342 1583; x_wconf 85' lang='lat' dir='ltr'>iratus</span> <span class='ocrx_word' id='word_1_148' title='bbox 1398 1534 1610 1596; x_wconf 88' lang='lat' dir='ltr'>scilicet,</span> <span class='ocrx_word' id='word_1_149' title='bbox 1656 1549 1744 1583; x_wconf 85' lang='lat' dir='ltr'>vos</span> <span class='ocrx_word' id='word_1_150' title='bbox 1800 1533 1863 1582; x_wconf 92' lang='lat' dir='ltr'>ad</span> 
     </span>
     <span class='ocr_line' id='line_1_19' title="bbox 169 1607 1864 1669; baseline -0.001 -13"><span class='ocrx_word' id='word_1_151' title='bbox 169 1608 373 1657; x_wconf 91' lang='lat' dir='ltr'>Italiam</span> <span class='ocrx_word' id='word_1_152' title='bbox 425 1607 694 1657; x_wconf 88' lang='lat' dir='ltr'>morituros</span> <span class='ocrx_word' id='word_1_153' title='bbox 748 1607 992 1658; x_wconf 79' lang='lat' dir='ltr'>adduxit?</span> <span class='ocrx_word' id='word_1_154' title='bbox 1069 1623 1193 1669; x_wconf 74' lang='lat' dir='ltr'>quae</span> <span class='ocrx_word' id='word_1_155' title='bbox 1244 1624 1330 1658; x_wconf 82' lang='lat' dir='ltr'>vos</span> <span class='ocrx_word' id='word_1_156' title='bbox 1380 1609 1620 1657; x_wconf 82' lang='lat' dir='ltr'>dementia</span> <span class='ocrx_word' id='word_1_157' title='bbox 1673 1609 1864 1669; x_wconf 72' lang='lat' dir='ltr'>adeqit?</span> 
     </span>
     <span class='ocr_line' id='line_1_20' title="bbox 171 1681 1864 1746; baseline -0.001 -15"><span class='ocrx_word' id='word_1_158' title='bbox 171 1699 236 1731; x_wconf 91' lang='lat' dir='ltr'>an</span> <span class='ocrx_word' id='word_1_159' title='bbox 274 1683 525 1731; x_wconf 88' lang='lat' dir='ltr'>dementia</span> <span class='ocrx_word' id='word_1_160' title='bbox 569 1699 658 1732; x_wconf 87' lang='lat' dir='ltr'>vos</span> <span class='ocrx_word' id='word_1_161' title='bbox 704 1684 804 1732; x_wconf 87' lang='lat' dir='ltr'>huc</span> <span class='ocrx_word' id='word_1_162' title='bbox 847 1684 1038 1746; x_wconf 91' lang='lat' dir='ltr'>inpulit</span> <span class='ocrx_word' id='word_1_163' title='bbox 1076 1699 1176 1746; x_wconf 89' lang='lat' dir='ltr'>qua</span> <span class='ocrx_word' id='word_1_164' title='bbox 1213 1684 1382 1733; x_wconf 89' lang='lat' dir='ltr'>soletis</span> <span class='ocrx_word' id='word_1_165' title='bbox 1421 1683 1492 1731; x_wconf 89' lang='lat' dir='ltr'>ire</span> <span class='ocrx_word' id='word_1_166' title='bbox 1531 1681 1864 1746; x_wconf 78' lang='lat' dir='ltr'>praecipites?</span> 
     </span>
     <span class='ocr_line' id='line_1_21' title="bbox 97 1756 1866 1818; baseline -0.001 -12"><span class='ocrx_word' id='word_1_167' title='bbox 97 1767 140 1800; x_wconf 77' lang='lat'>2⁰</span> <span class='ocrx_word' id='word_1_168' title='bbox 169 1772 269 1806; x_wconf 86' lang='lat' dir='ltr'>non</span> <span class='ocrx_word' id='word_1_169' title='bbox 298 1758 375 1805; x_wconf 80' lang='lat' dir='ltr'>hie</span> <span class='ocrx_word' id='word_1_170' title='bbox 397 1756 606 1806; x_wconf 76' lang='lat' dir='ltr'>Atridae</span> <span class='ocrx_word' id='word_1_171' title='bbox 635 1772 723 1806; x_wconf 85' lang='lat' dir='ltr'>nee</span> <span class='ocrx_word' id='word_1_172' title='bbox 743 1759 890 1818; x_wconf 80' lang='lat' dir='ltr'>fandi</span> <span class='ocrx_word' id='word_1_173' title='bbox 911 1759 1050 1818; x_wconf 75' lang='lat' dir='ltr'>fictor</span> <span class='ocrx_word' id='word_1_174' title='bbox 1082 1759 1275 1807; x_wconf 73' lang='lat' dir='ltr'>Ulixes:</span> <span class='ocrx_word' id='word_1_175' title='bbox 1311 1774 1402 1806; x_wconf 92' lang='lat' dir='ltr'>nec</span> <span class='ocrx_word' id='word_1_176' title='bbox 1432 1772 1523 1806; x_wconf 90' lang='lat' dir='ltr'>nos</span> <span class='ocrx_word' id='word_1_177' title='bbox 1554 1756 1866 1806; x_wconf 87' lang='lat' dir='ltr'>arbitremini</span> 
     </span>
     <span class='ocr_line' id='line_1_22' title="bbox 140 1831 1867 1895; baseline -0.001 -16"><span class='ocrx_word' id='word_1_178' title='bbox 140 1832 450 1895; x_wconf 86' lang='lat' dir='ltr'>-exemplum</span> <span class='ocrx_word' id='word_1_179' title='bbox 488 1833 742 1881; x_wconf 91' lang='lat' dir='ltr'>secuturos</span> <span class='ocrx_word' id='word_1_180' title='bbox 782 1847 887 1881; x_wconf 90' lang='lat' dir='ltr'>esse</span> <span class='ocrx_word' id='word_1_181' title='bbox 929 1831 1216 1894; x_wconf 85' lang='lat' dir='ltr'>Graiorum,</span> <span class='ocrx_word' id='word_1_182' title='bbox 1263 1833 1353 1895; x_wconf 89' lang='lat' dir='ltr'>qui</span> <span class='ocrx_word' id='word_1_183' title='bbox 1390 1848 1479 1881; x_wconf 85' lang='lat' dir='ltr'>vos</span> <span class='ocrx_word' id='word_1_184' title='bbox 1518 1832 1777 1880; x_wconf 87' lang='lat' dir='ltr'>mendaces</span> <span class='ocrx_word' id='word_1_185' title='bbox 1817 1833 1867 1879; x_wconf 87' lang='lat' dir='ltr'>et</span> 
     </span>
     <span class='ocr_line' id='line_1_23' title="bbox 171 1906 1866 1969; baseline -0.001 -15"><span class='ocrx_word' id='word_1_186' title='bbox 171 1906 367 1966; x_wconf 87' lang='lat' dir='ltr'>fraude,</span> <span class='ocrx_word' id='word_1_187' title='bbox 398 1921 499 1954; x_wconf 91' lang='lat' dir='ltr'>non</span> <span class='ocrx_word' id='word_1_188' title='bbox 528 1907 734 1956; x_wconf 83' lang='lat' dir='ltr'>virtutis</span> <span class='ocrx_word' id='word_1_189' title='bbox 765 1906 941 1955; x_wconf 87' lang='lat' dir='ltr'>robore</span> <span class='ocrx_word' id='word_1_190' title='bbox 972 1922 1206 1969; x_wconf 88' lang='lat' dir='ltr'>superare</span> <span class='ocrx_word' id='word_1_191' title='bbox 1236 1907 1518 1956; x_wconf 84' lang='lat' dir='ltr'>valuerunt.</span> <span class='ocrx_word' id='word_1_192' title='bbox 1579 1922 1680 1954; x_wconf 90' lang='lat' dir='ltr'>non</span> <span class='ocrx_word' id='word_1_193' title='bbox 1709 1922 1866 1954; x_wconf 84' lang='lat' dir='ltr'>unum</span> 
     </span>
     <span class='ocr_line' id='line_1_24' title="bbox 172 1980 1868 2044; baseline -0.001 -15"><span class='ocrx_word' id='word_1_194' title='bbox 172 1981 285 2029; x_wconf 83' lang='lat' dir='ltr'>vult</span> <span class='ocrx_word' id='word_1_195' title='bbox 333 1995 437 2028; x_wconf 89' lang='lat' dir='ltr'>esse</span> <span class='ocrx_word' id='word_1_196' title='bbox 487 1981 694 2042; x_wconf 92' lang='lat' dir='ltr'>crimen,</span> <span class='ocrx_word' id='word_1_197' title='bbox 746 1981 882 2044; x_wconf 89' lang='lat' dir='ltr'>quod</span> <span class='ocrx_word' id='word_1_198' title='bbox 930 1981 1054 2030; x_wconf 83' lang='lat' dir='ltr'>victi</span> <span class='ocrx_word' id='word_1_199' title='bbox 1102 1983 1348 2030; x_wconf 86' lang='lat' dir='ltr'>venerunt</span> <span class='ocrx_word' id='word_1_200' title='bbox 1396 1981 1460 2029; x_wconf 90' lang='lat' dir='ltr'>ad</span> <span class='ocrx_word' id='word_1_201' title='bbox 1505 1980 1730 2042; x_wconf 84' lang='lat' dir='ltr'>Italiam,</span> <span class='ocrx_word' id='word_1_202' title='bbox 1781 1980 1868 2028; x_wconf 88' lang='lat' dir='ltr'>sed</span> 
     </span>
     <span class='ocr_line' id='line_1_25' title="bbox 174 2054 1868 2119; baseline -0.001 -17"><span class='ocrx_word' id='word_1_203' title='bbox 174 2054 307 2117; x_wconf 89' lang='lat' dir='ltr'>quod</span> <span class='ocrx_word' id='word_1_204' title='bbox 347 2054 408 2102; x_wconf 92' lang='lat' dir='ltr'>ab</span> <span class='ocrx_word' id='word_1_205' title='bbox 446 2054 713 2103; x_wconf 88' lang='lat' dir='ltr'>inbellibus</span> <span class='ocrx_word' id='word_1_206' title='bbox 753 2057 975 2118; x_wconf 87' lang='lat' dir='ltr'>superati</span> <span class='ocrx_word' id='word_1_207' title='bbox 1013 2058 1143 2104; x_wconf 88' lang='lat' dir='ltr'>sunt.</span> <span class='ocrx_word' id='word_1_208' title='bbox 1206 2054 1403 2104; x_wconf 83' lang='lat' dir='ltr'>crimini</span> <span class='ocrx_word' id='word_1_209' title='bbox 1439 2054 1539 2119; x_wconf 89' lang='lat' dir='ltr'>ipsi</span> <span class='ocrx_word' id='word_1_210' title='bbox 1577 2054 1868 2118; x_wconf 85' lang='lat' dir='ltr'>superaddit</span> 
     </span>
     <span class='ocr_line' id='line_1_26' title="bbox 99 2128 1868 2193; baseline -0.001 -17"><span class='ocrx_word' id='word_1_211' title='bbox 99 2137 142 2171; x_wconf 82' lang='lat'>25</span> <span class='ocrx_word' id='word_1_212' title='bbox 175 2131 497 2193; x_wconf 85' lang='lat' dir='ltr'>augmentum</span> <span class='ocrx_word' id='word_1_213' title='bbox 534 2145 635 2177; x_wconf 92' lang='lat' dir='ltr'>non</span> <span class='ocrx_word' id='word_1_214' title='bbox 673 2129 754 2177; x_wconf 91' lang='lat' dir='ltr'>hic</span> <span class='ocrx_word' id='word_1_215' title='bbox 784 2129 994 2178; x_wconf 80' lang='lat' dir='ltr'>Atridae</span> <span class='ocrx_word' id='word_1_216' title='bbox 1032 2146 1122 2178; x_wconf 90' lang='lat' dir='ltr'>nec</span> <span class='ocrx_word' id='word_1_217' title='bbox 1153 2129 1294 2178; x_wconf 87' lang='lat' dir='ltr'>fandi</span> <span class='ocrx_word' id='word_1_218' title='bbox 1323 2130 1468 2178; x_wconf 90' lang='lat' dir='ltr'>fictor</span> <span class='ocrx_word' id='word_1_219' title='bbox 1503 2128 1698 2190; x_wconf 82' lang='lat' dir='ltr'>Ulixes,</span> <span class='ocrx_word' id='word_1_220' title='bbox 1735 2130 1868 2176; x_wconf 91' lang='lat' dir='ltr'>inter</span> 
     </span>
     <span class='ocr_line' id='line_1_27' title="bbox 172 2202 1868 2267; baseline 0 -17"><span class='ocrx_word' id='word_1_221' title='bbox 172 2218 278 2265; x_wconf 91' lang='lat' dir='ltr'>nos,</span> <span class='ocrx_word' id='word_1_222' title='bbox 299 2202 480 2266; x_wconf 87' lang='lat' dir='ltr'>inquit,</span> <span class='ocrx_word' id='word_1_223' title='bbox 510 2218 609 2251; x_wconf 88' lang='lat' dir='ltr'>non</span> <span class='ocrx_word' id='word_1_224' title='bbox 640 2205 759 2252; x_wconf 88' lang='lat' dir='ltr'>sunt</span> <span class='ocrx_word' id='word_1_225' title='bbox 780 2203 988 2253; x_wconf 89' lang='lat' dir='ltr'>Atridae</span> <span class='ocrx_word' id='word_1_226' title='bbox 1011 2220 1102 2253; x_wconf 93' lang='lat' dir='ltr'>nec</span> <span class='ocrx_word' id='word_1_227' title='bbox 1123 2204 1316 2253; x_wconf 86' lang='lat' dir='ltr'>Ulixes:</span> <span class='ocrx_word' id='word_1_228' title='bbox 1354 2205 1541 2267; x_wconf 90' lang='lat' dir='ltr'>primos</span> <span class='ocrx_word' id='word_1_229' title='bbox 1568 2202 1868 2253; x_wconf 85' lang='lat' dir='ltr'>Graecorum</span> 
     </span>
     <span class='ocr_line' id='line_1_28' title="bbox 174 2277 1867 2341; baseline -0.001 -16"><span class='ocrx_word' id='word_1_230' title='bbox 174 2277 415 2338; x_wconf 86' lang='lat' dir='ltr'>maculat,</span> <span class='ocrx_word' id='word_1_231' title='bbox 464 2278 523 2325; x_wconf 89' lang='lat' dir='ltr'>ut</span> <span class='ocrx_word' id='word_1_232' title='bbox 570 2277 754 2340; x_wconf 87' lang='lat' dir='ltr'>reliqui</span> <span class='ocrx_word' id='word_1_233' title='bbox 802 2277 1070 2328; x_wconf 86' lang='lat' dir='ltr'>deteriores</span> <span class='ocrx_word' id='word_1_234' title='bbox 1119 2279 1461 2341; x_wconf 83' lang='lat' dir='ltr'>inveniantur3</span> <span class='ocrx_word' id='word_1_235' title='bbox 1510 2277 1680 2327; x_wconf 81' lang='lat' dir='ltr'>Ulixes</span> <span class='ocrx_word' id='word_1_236' title='bbox 1736 2278 1867 2325; x_wconf 90' lang='lat' dir='ltr'>enim</span> 
     </span>
     <span class='ocr_line' id='line_1_29' title="bbox 174 2351 1867 2416; baseline -0.001 -17"><span class='ocrx_word' id='word_1_237' title='bbox 174 2351 447 2399; x_wconf 89' lang='lat' dir='ltr'>mentiendi</span> <span class='ocrx_word' id='word_1_238' title='bbox 493 2353 645 2414; x_wconf 90' lang='lat' dir='ltr'>atque</span> <span class='ocrx_word' id='word_1_239' title='bbox 690 2352 900 2400; x_wconf 89' lang='lat' dir='ltr'>fallendi</span> <span class='ocrx_word' id='word_1_240' title='bbox 946 2354 1052 2402; x_wconf 89' lang='lat' dir='ltr'>arte</span> <span class='ocrx_word' id='word_1_241' title='bbox 1098 2353 1428 2416; x_wconf 83' lang='lat' dir='ltr'>peritissimus</span> <span class='ocrx_word' id='word_1_242' title='bbox 1480 2353 1598 2413; x_wconf 85' lang='lat' dir='ltr'>fuit,</span> <span class='ocrx_word' id='word_1_243' title='bbox 1643 2351 1867 2412; x_wconf 89' lang='lat' dir='ltr'>Atridae,</span> 
     </span>
     <span class='ocr_line' id='line_1_30' title="bbox 177 2426 1867 2490; baseline -0.001 -17"><span class='ocrx_word' id='word_1_244' title='bbox 177 2441 287 2474; x_wconf 92' lang='lat' dir='ltr'>cum</span> <span class='ocrx_word' id='word_1_245' title='bbox 327 2441 572 2474; x_wconf 89' lang='lat' dir='ltr'>summam</span> <span class='ocrx_word' id='word_1_246' title='bbox 613 2428 840 2475; x_wconf 89' lang='lat' dir='ltr'>tenerent</span> <span class='ocrx_word' id='word_1_247' title='bbox 882 2427 1101 2490; x_wconf 89' lang='lat' dir='ltr'>imperii,</span> <span class='ocrx_word' id='word_1_248' title='bbox 1146 2427 1389 2476; x_wconf 90' lang='lat' dir='ltr'>Helenam</span> <span class='ocrx_word' id='word_1_249' title='bbox 1427 2426 1748 2489; x_wconf 89' lang='lat' dir='ltr'>perdiderunt</span> <span class='ocrx_word' id='word_1_250' title='bbox 1786 2441 1867 2473; x_wconf 90' lang='lat' dir='ltr'>ne·</span> 
     </span>
     <span class='ocr_line' id='line_1_31' title="bbox 103 2500 1869 2559; baseline -0.001 -11"><span class='ocrx_word' id='word_1_251' title='bbox 103 2509 146 2541; x_wconf 81' lang='lat'>30</span> <span class='ocrx_word' id='word_1_252' title='bbox 177 2500 386 2549; x_wconf 88' lang='lat' dir='ltr'>scientes</span> <span class='ocrx_word' id='word_1_253' title='bbox 426 2503 477 2548; x_wconf 89' lang='lat' dir='ltr'>et</span> <span class='ocrx_word' id='word_1_254' title='bbox 520 2502 689 2548; x_wconf 91' lang='lat' dir='ltr'>tamen</span> <span class='ocrx_word' id='word_1_255' title='bbox 729 2500 1050 2550; x_wconf 87' lang='lat' dir='ltr'>obtinuerunt</span> <span class='ocrx_word' id='word_1_256' title='bbox 1088 2501 1348 2551; x_wconf 83' lang='lat' dir='ltr'>adversum</span> <span class='ocrx_word' id='word_1_257' title='bbox 1395 2516 1482 2550; x_wconf 88' lang='lat' dir='ltr'>vos</span> <span class='ocrx_word' id='word_1_258' title='bbox 1531 2503 1580 2549; x_wconf 91' lang='lat' dir='ltr'>et</span> <span class='ocrx_word' id='word_1_259' title='bbox 1628 2501 1869 2559; x_wconf 85' lang='lat' dir='ltr'>vicerunt,</span> 
     </span>
     <span class='ocr_line' id='line_1_32' title="bbox 178 2574 1869 2638; baseline -0.001 -17"><span class='ocrx_word' id='word_1_260' title='bbox 178 2574 299 2636; x_wconf 88' lang='lat' dir='ltr'>quia</span> <span class='ocrx_word' id='word_1_261' title='bbox 342 2590 431 2623; x_wconf 87' lang='lat' dir='ltr'>vos</span> <span class='ocrx_word' id='word_1_262' title='bbox 477 2574 665 2637; x_wconf 72' lang='lat' dir='ltr'>fuisffis,</span> <span class='ocrx_word' id='word_1_263' title='bbox 711 2576 923 2624; x_wconf 86' lang='lat' dir='ltr'>victores</span> <span class='ocrx_word' id='word_1_264' title='bbox 970 2576 1157 2624; x_wconf 88' lang='lat' dir='ltr'>fecistis</span> <span class='ocrx_word' id='word_1_265' title='bbox 1198 2577 1287 2638; x_wconf 92' lang='lat' dir='ltr'>qui</span> <span class='ocrx_word' id='word_1_266' title='bbox 1326 2576 1450 2625; x_wconf 89' lang='lat' dir='ltr'>alios</span> <span class='ocrx_word' id='word_1_267' title='bbox 1498 2590 1731 2637; x_wconf 88' lang='lat' dir='ltr'>superare</span> <span class='ocrx_word' id='word_1_268' title='bbox 1770 2589 1869 2620; x_wconf 92' lang='lat' dir='ltr'>non</span> 
     </span>
     <span class='ocr_line' id='line_1_33' title="bbox 178 2648 1870 2714; baseline -0.001 -18"><span class='ocrx_word' id='word_1_269' title='bbox 178 2650 393 2711; x_wconf 89' lang='lat' dir='ltr'>possent.</span> <span class='ocrx_word' id='word_1_270' title='bbox 471 2649 651 2696; x_wconf 81' lang='lat' dir='ltr'>duram</span> <span class='ocrx_word' id='word_1_271' title='bbox 697 2664 730 2698; x_wconf 90' lang='lat' dir='ltr'>a</span> <span class='ocrx_word' id='word_1_272' title='bbox 774 2650 923 2710; x_wconf 76' lang='lat' dir='ltr'>stirpe</span> <span class='ocrx_word' id='word_1_273' title='bbox 966 2664 1143 2711; x_wconf 76' lang='lat' dir='ltr'>yenas:</span> <span class='ocrx_word' id='word_1_274' title='bbox 1189 2666 1366 2714; x_wconf 90' lang='lat' dir='ltr'>genus,</span> <span class='ocrx_word' id='word_1_275' title='bbox 1411 2648 1599 2711; x_wconf 88' lang='lat' dir='ltr'>inquit,</span> <span class='ocrx_word' id='word_1_276' title='bbox 1645 2650 1870 2696; x_wconf 87' lang='lat' dir='ltr'>nostrum</span> 
     </span>
    </p>
   </div>
   <div class='ocr_carea' id='block_1_3' title="bbox 179 2743 534 2748">
    <p class='ocr_par' dir='ltr' id='par_1_3' title="bbox 179 2743 534 2748">
     <span class='ocr_line' id='line_1_34' title="bbox 179 2743 534 2748; baseline 0 0"><span class='ocrx_word' id='word_1_277' title='bbox 179 2743 534 2748; x_wconf 95' lang='lat' dir='ltr'> </span> 
     </span>
    </p>
   </div>
   <div class='ocr_carea' id='block_1_4' title="bbox 84 2789 1871 3085">
    <p class='ocr_par' dir='ltr' id='par_1_4' title="bbox 300 2789 1868 2848">
     <span class='ocr_line' id='line_1_35' title="bbox 300 2789 1868 2848; baseline -0.003 -13"><span class='ocrx_word' id='word_1_278' title='bbox 300 2795 325 2834; x_wconf 84' lang='lat'><strong>3</strong></span> <span class='ocrx_word' id='word_1_279' title='bbox 365 2791 588 2848; x_wconf 78' lang='lat' dir='ltr'>continyit</span> <span class='ocrx_word' id='word_1_280' title='bbox 625 2791 697 2835; x_wconf 88' lang='lat' dir='ltr'>ed.</span> <span class='ocrx_word' id='word_1_281' title='bbox 820 2795 846 2834; x_wconf 85' lang='grc'><strong>5</strong></span> <span class='ocrx_word' id='word_1_282' title='bbox 882 2791 1058 2836; x_wconf 80' lang='lat' dir='ltr'>addicti</span> <span class='ocrx_word' id='word_1_283' title='bbox 1080 2791 1122 2834; x_wconf 92' lang='lat' dir='ltr'><strong>V</strong></span> <span class='ocrx_word' id='word_1_284' title='bbox 1153 2793 1321 2837; x_wconf 80' lang='lat' dir='ltr'>adiecti</span> <span class='ocrx_word' id='word_1_285' title='bbox 1352 2791 1423 2835; x_wconf 90' lang='lat' dir='ltr'>ed.</span> <span class='ocrx_word' id='word_1_286' title='bbox 1456 2791 1615 2835; x_wconf 79' lang='lat' dir='ltr'>obiecti</span> <span class='ocrx_word' id='word_1_287' title='bbox 1645 2789 1715 2833; x_wconf 88' lang='lat' dir='ltr'>ed.</span> <span class='ocrx_word' id='word_1_288' title='bbox 1749 2790 1868 2844; x_wconf 89' lang='lat' dir='ltr'>post.</span> 
     </span>
    </p>

    <p class='ocr_par' dir='ltr' id='par_1_5' title="bbox 84 2847 1867 2905">
     <span class='ocr_line' id='line_1_36' title="bbox 84 2847 1867 2905; baseline -0.002 -12"><span class='ocrx_word' id='word_1_289' title='bbox 84 2848 91 2857; x_wconf 83' lang='grc'><em>’</em></span> <span class='ocrx_word' id='word_1_290' title='bbox 182 2855 235 2893; x_wconf 93' lang='grc'>11</span> <span class='ocrx_word' id='word_1_291' title='bbox 269 2850 492 2895; x_wconf 79' lang='lat' dir='ltr'>addicant</span> <span class='ocrx_word' id='word_1_292' title='bbox 513 2850 556 2894; x_wconf 90' lang='lat' dir='ltr'><strong>V</strong></span> <span class='ocrx_word' id='word_1_293' title='bbox 588 2851 646 2894; x_wconf 90' lang='lat' dir='ltr'>cf.</span> <span class='ocrx_word' id='word_1_294' title='bbox 677 2865 717 2894; x_wconf 87' lang='lat' dir='ltr'>v.</span> <span class='ocrx_word' id='word_1_295' title='bbox 745 2854 829 2893; x_wconf 83' lang='lat'>786</span> <span class='ocrx_word' id='word_1_296' title='bbox 861 2851 1071 2895; x_wconf 78' lang='lat' dir='ltr'>abdicent</span> <span class='ocrx_word' id='word_1_297' title='bbox 1099 2851 1170 2895; x_wconf 90' lang='lat' dir='ltr'>ed.</span> <span class='ocrx_word' id='word_1_298' title='bbox 1273 2855 1326 2894; x_wconf 88' lang='lat'>13</span> <span class='ocrx_word' id='word_1_299' title='bbox 1357 2850 1628 2905; x_wconf 77' lang='lat' dir='ltr'>haec—qui</span> <span class='ocrx_word' id='word_1_300' title='bbox 1657 2850 1771 2892; x_wconf 91' lang='lat' dir='ltr'>mut.</span> <span class='ocrx_word' id='word_1_301' title='bbox 1797 2847 1867 2891; x_wconf 92' lang='lat' dir='ltr'>ed.</span> 
     </span>
    </p>

    <p class='ocr_par' dir='ltr' id='par_1_6' title="bbox 183 2909 1869 2965">
     <span class='ocr_line' id='line_1_37' title="bbox 183 2909 1869 2965; baseline 0 -14"><span class='ocrx_word' id='word_1_302' title='bbox 183 2913 236 2952; x_wconf 82' lang='lat'>17</span> <span class='ocrx_word' id='word_1_303' title='bbox 276 2910 447 2954; x_wconf 80' lang='lat' dir='ltr'>iratum</span> <span class='ocrx_word' id='word_1_304' title='bbox 476 2909 518 2953; x_wconf 93' lang='lat' dir='ltr'><strong>V</strong></span> <span class='ocrx_word' id='word_1_305' title='bbox 553 2923 666 2954; x_wconf 87' lang='lat' dir='ltr'>corr.</span> <span class='ocrx_word' id='word_1_306' title='bbox 705 2910 776 2954; x_wconf 87' lang='lat' dir='ltr'>ed.</span> <span class='ocrx_word' id='word_1_307' title='bbox 901 2915 954 2954; x_wconf 85' lang='lat'>19</span> <span class='ocrx_word' id='word_1_308' title='bbox 994 2912 1061 2955; x_wconf 82' lang='lat' dir='ltr'>ire</span> <span class='ocrx_word' id='word_1_309' title='bbox 1091 2910 1133 2953; x_wconf 96' lang='lat' dir='ltr'><strong>V</strong></span> <span class='ocrx_word' id='word_1_310' title='bbox 1166 2911 1282 2965; x_wconf 79' lang='lat' dir='ltr'>ferri</span> <span class='ocrx_word' id='word_1_311' title='bbox 1313 2910 1383 2953; x_wconf 87' lang='lat' dir='ltr'>ed.</span> <span class='ocrx_word' id='word_1_312' title='bbox 1507 2912 1562 2951; x_wconf 84' lang='lat'>20</span> <span class='ocrx_word' id='word_1_313' title='bbox 1603 2921 1683 2952; x_wconf 84' lang='lat' dir='ltr'>nec</span> <span class='ocrx_word' id='word_1_314' title='bbox 1719 2920 1869 2951; x_wconf 83' lang='lat' dir='ltr'>nos—</span> 
     </span>
    </p>

    <p class='ocr_par' dir='ltr' id='par_1_7' title="bbox 181 2967 1871 3085">
     <span class='ocr_line' id='line_1_38' title="bbox 183 2967 1871 3014; baseline -0.001 -2"><span class='ocrx_word' id='word_1_315' title='bbox 183 2972 238 3011; x_wconf 84' lang='lat'>25</span> <span class='ocrx_word' id='word_1_316' title='bbox 272 2969 426 3013; x_wconf 82' lang='lat' dir='ltr'>Ulixes</span> <span class='ocrx_word' id='word_1_317' title='bbox 457 2982 545 3013; x_wconf 90' lang='lat' dir='ltr'>om.</span> <span class='ocrx_word' id='word_1_318' title='bbox 571 2969 642 3014; x_wconf 89' lang='lat' dir='ltr'>ed.</span> <span class='ocrx_word' id='word_1_319' title='bbox 750 2975 804 3013; x_wconf 78' lang='lat'>21</span> <span class='ocrx_word' id='word_1_320' title='bbox 838 2971 1074 3014; x_wconf 81' lang='lat' dir='ltr'>mendaces</span> <span class='ocrx_word' id='word_1_321' title='bbox 1095 2969 1138 3012; x_wconf 97' lang='lat' dir='ltr'><strong>V</strong></span> <span class='ocrx_word' id='word_1_322' title='bbox 1168 2969 1435 3013; x_wconf 83' lang='lat' dir='ltr'>mendacio?</span> <span class='ocrx_word' id='word_1_323' title='bbox 1545 2971 1601 3010; x_wconf 86' lang='lat'>30</span> <span class='ocrx_word' id='word_1_324' title='bbox 1632 2967 1871 3011; x_wconf 82' lang='lat' dir='ltr'>adversum</span> 
     </span>
     <span class='ocr_line' id='line_1_39' title="bbox 181 3026 1714 3085; baseline -0.001 -15"><span class='ocrx_word' id='word_1_325' title='bbox 181 3040 264 3071; x_wconf 83' lang='lat' dir='ltr'>nos</span> <span class='ocrx_word' id='word_1_326' title='bbox 287 3026 329 3070; x_wconf 96' lang='lat' dir='ltr'><strong>V</strong></span> <span class='ocrx_word' id='word_1_327' title='bbox 354 3041 467 3072; x_wconf 91' lang='lat' dir='ltr'>corr.</span> <span class='ocrx_word' id='word_1_328' title='bbox 493 3029 566 3072; x_wconf 89' lang='lat' dir='ltr'>ed.</span> <span class='ocrx_word' id='word_1_329' title='bbox 689 3033 742 3072; x_wconf 88' lang='lat'>31</span> <span class='ocrx_word' id='word_1_330' title='bbox 776 3030 887 3085; x_wconf 79' lang='lat' dir='ltr'>quia</span> <span class='ocrx_word' id='word_1_331' title='bbox 916 3043 994 3074; x_wconf 78' lang='lat' dir='ltr'>vos</span> <span class='ocrx_word' id='word_1_332' title='bbox 1023 3030 1179 3083; x_wconf 80' lang='lat' dir='ltr'>fuistis</span> <span class='ocrx_word' id='word_1_333' title='bbox 1210 3042 1297 3072; x_wconf 91' lang='lat' dir='ltr'>om.</span> <span class='ocrx_word' id='word_1_334' title='bbox 1331 3033 1373 3072; x_wconf 84' lang='lat' dir='ltr'>et</span> <span class='ocrx_word' id='word_1_335' title='bbox 1401 3026 1616 3082; x_wconf 88' lang='lat' dir='ltr'>interpol.</span> <span class='ocrx_word' id='word_1_336' title='bbox 1643 3026 1714 3070; x_wconf 89' lang='lat' dir='ltr'>ed.</span> 
     </span>
    </p>
   </div>
   <div class='ocr_carea' id='block_1_5' title="bbox 0 0 62 3226">
    <p class='ocr_par' dir='ltr' id='par_1_8' title="bbox 0 0 62 3226">
     <span class='ocr_line' id='line_1_40' title="bbox 0 0 62 3226; baseline 0 0"><span class='ocrx_word' id='word_1_337' title='bbox 0 0 62 3226; x_wconf 95' lang='lat' dir='ltr'> </span> 
     </span>
    </p>
   </div>
  </div>
 </body>
</html>
