2050 3226
149 792 153 794 ,
239 756 351 789 cum
382 742 580 788 hastam
610 740 815 788 missam
838 742 988 803 poeta
1011 756 1163 803 supra
1187 740 1497 803 describeret,
1521 757 1620 789 non
1644 741 1770 791 dixit
1793 742 1934 805 quali

241 158 349 212 502
713 156 947 202 DONATI
975 156 1256 201 INTERPR.
1281 156 1463 201 VERG.

237 295 478 360 impetum
503 296 722 346 natando
746 297 962 346 transiit.
1018 296 1155 344 dedit
1179 311 1229 344 se
1254 295 1405 346 fluvio
1430 296 1738 346 consentiens
1762 313 1934 361 aquae,

238 373 298 419 ut
344 370 532 420 dictum
578 374 674 433 est,
724 373 782 419 ut
827 371 1073 433 paulatim
1117 370 1170 417 in
1220 370 1438 419 oblicum
1482 371 1688 420 tendens
1739 387 1931 420 amnem

239 444 496 493 turbidum
526 446 826 508 persecaret3
858 446 901 493 si
932 444 1063 492 enim
1094 446 1268 492 contra
1298 445 1509 509 agminis
1540 446 1785 507 impetum
1808 447 1932 494 nite-

237 521 397 580 retur,
430 522 479 568 et
509 519 761 567 laboraret
791 516 1064 581 plurimum
1095 519 1146 566 et
1174 519 1413 567 maiorem
1442 519 1545 568 vim
1570 535 1803 582 superare
1833 535 1931 568 non

237 596 416 656 posset
475 595 580 641 arte
606 609 722 656 ergo
747 595 798 640 et
821 591 1100 640 subtilitate
1126 593 1409 655 conpletum
1435 596 1524 642 est.
1574 597 1716 653 atque
1741 594 1934 642 hastam

239 681 347 715 cwm
376 668 563 727 viryine
592 668 742 714 victor
761 667 1012 727 yramineo
1037 666 1217 714 donum
1243 667 1441 715 Triviae
1464 667 1522 715 cle
1553 669 1759 727 caespite
1780 668 1934 716 vellit:

240 817 418 863 eventu
464 815 710 877 pervenit3
758 815 877 876 quia
923 815 1055 862 enim
1101 818 1309 864 noverat
1353 813 1730 878 dispositionem
1775 831 1933 877 suam,

237 888 572 952 praetermisit
601 889 728 937 hanc
758 890 979 951 partem,
1010 890 1068 937 ut
1103 889 1158 936 in
1197 889 1449 938 evulsione
1479 890 1584 938 eius
1620 892 1671 938 et
1699 905 1932 952 praesens

238 963 424 1011 factum
465 965 516 1010 et
550 962 878 1025 praeteritum
910 963 1283 1013 demonstraret.
1337 964 1556 1023 hastam,
1594 964 1782 1027 inquit,
1823 980 1929 1012 cum

237 1036 449 1100 virgine,
495 1038 555 1085 ut
591 1037 684 1086 hoc
725 1052 920 1099 quoque
965 1037 1134 1100 palam
1179 1037 1319 1086 fieret
1365 1037 1498 1100 quod
1534 1037 1608 1086 ita
1645 1038 1722 1085 uti
1757 1039 1933 1087 hastae

237 1111 404 1159 fuerat
442 1110 695 1175 conligata
733 1111 972 1174 pervenit.
1027 1112 1274 1175 virginem
1313 1111 1499 1160 dictam
1537 1113 1654 1160 voto
1685 1113 1846 1174 patris
1885 1115 1934 1161 et

238 1200 322 1247 spe
362 1186 706 1248 accipiendum
744 1187 840 1246 est,
879 1201 979 1233 non
1019 1187 1196 1234 aetatis
1234 1187 1432 1248 puellae
1465 1186 1684 1234 dictante
1723 1187 1928 1234 ratione.

236 1258 397 1308 victor
435 1260 689 1323 gramineo
729 1259 788 1307 de
829 1259 1045 1322 caespite
1083 1259 1238 1308 vellit.
1299 1261 1458 1309 victor
1497 1259 1658 1308 dictus
1699 1265 1795 1321 est,
1833 1276 1933 1308 non

238 1333 370 1396 quod
411 1334 607 1396 aliquos
646 1335 699 1382 in
739 1335 1006 1382 certamine
1046 1334 1325 1395 deiecisset,
1375 1334 1461 1383 sed
1500 1335 1635 1397 quod
1680 1335 1931 1384 evadendo

238 1423 347 1455 cum
386 1408 492 1455 filia
531 1408 652 1457 civis
691 1410 971 1471 superasset
1006 1408 1227 1456 infestos.
1287 1408 1346 1456 de
1386 1409 1602 1472 caespite
1640 1409 1784 1457 vellit
1821 1425 1932 1472 gra-

235 1483 420 1530 mineo:
468 1497 666 1544 caespes
714 1483 872 1531 omnis
921 1498 979 1530 ex
1027 1482 1410 1549 congregatione
1456 1483 1783 1545 plurimarum
1823 1483 1932 1530 her·

235 1555 414 1603 barum
466 1557 516 1603 et
570 1555 860 1620 adgestione
910 1556 1174 1604 commixta
1226 1557 1446 1619 pulveris
1500 1556 1766 1617 solidatur,
1818 1557 1931 1619 plus

234 1630 417 1691 tamen,
451 1629 495 1678 si
523 1630 614 1679 fiat
644 1647 702 1678 ex
732 1629 971 1694 gramine,
1004 1631 1136 1693 quod
1168 1634 1243 1679 est
1272 1632 1455 1678 natura
1488 1630 1818 1678 durissimum.
1875 1646 1931 1678 eo

235 1703 393 1767 igitur
430 1704 599 1752 favore
636 1705 852 1753 numinis
885 1704 1053 1753 delata
1085 1706 1159 1753 est
1188 1705 1336 1753 hasta
1366 1704 1453 1752 ubi
1483 1705 1665 1752 fortius
1689 1704 1786 1751 fixa
1818 1720 1931 1752 con-

236 1779 454 1839 sisteret,
493 1794 553 1826 ne
591 1778 772 1827 laxatis
810 1781 972 1827 terrae
1010 1779 1255 1827 morsibus
1295 1779 1438 1841 lapsa
1477 1794 1594 1827 casu
1628 1779 1739 1841 ipso
1770 1778 1932 1841 perni-

237 1853 363 1900 ciem
398 1852 606 1900 inferret
634 1852 840 1915 infanti3
891 1869 1041 1916 quam
1079 1869 1195 1901 vero
1235 1853 1433 1901 fortiter
1470 1853 1686 1901 inliserit
1723 1853 1932 1915 caespiti

236 1941 335 1973 uno
367 1926 516 1974 verbo
548 1928 884 1975 monstratum
907 1929 982 1975 est
1006 1926 1139 1989 quod
1163 1929 1239 1975 est
1265 1926 1427 1989 vellit3
1459 1942 1576 1974 nam
1606 1942 1706 1974 non
1729 1927 1933 1975 vellitur

238 2000 335 2047 nisi
367 2000 500 2061 quod
530 2001 680 2048 habet
708 2001 932 2063 aliquam
963 2000 1310 2049 difficultatem
1341 2003 1391 2050 et
1421 2002 1742 2062 extorquetur
1770 2000 1931 2064 magis

240 2089 391 2136 quam
445 2073 672 2122 educitur
723 2076 845 2124 loco.
924 2075 1107 2123 donum
1155 2075 1352 2124 Triviae
1401 2075 1459 2123 de
1508 2074 1724 2138 caespite
1766 2074 1930 2123 vellit:
1962 2087 2004 2119 25

238 2148 417 2195 melius
449 2147 637 2195 dictum
676 2152 751 2197 est
789 2149 973 2198 donum
1004 2148 1222 2210 Triviae,
1262 2166 1414 2212 quam
1452 2149 1495 2198 si
1534 2148 1739 2197 dixisset
1775 2149 1930 2196 filiam

240 2237 379 2270 suam
430 2221 592 2284 vellit3
644 2227 927 2271 consecrata
981 2224 1111 2271 enim
1163 2223 1216 2270 in
1270 2223 1600 2271 alienaturam
1648 2221 1930 2283 transierat,

238 2297 318 2344 vel
355 2295 564 2343 maxime
601 2296 869 2345 traditione
899 2298 1133 2359 perfecta.
1198 2312 1298 2345 non
1326 2297 1466 2345 illum
1496 2297 1627 2345 tectis
1655 2296 1800 2352 ullae,
1832 2311 1931 2343 non

361 2443 383 2480 1
416 2438 652 2482 transierit
682 2437 739 2480 ed
749 2437 797 2481 F.
835 2437 839 2495 Ι
875 2439 1101 2482 consciens
1123 2438 1166 2482 V
1197 2439 1475 2483 consentieris
1506 2437 1578 2481 ed.
1675 2441 1700 2479 3
1733 2437 1931 2493 agminis

238 2496 280 2539 V
313 2496 370 2541 cf.
397 2500 482 2540 548
514 2498 663 2540 amnis
694 2496 766 2540 ed.
888 2501 915 2539 4
951 2498 1157 2542 laborare
1188 2496 1230 2540 V
1262 2497 1332 2541 ed
1382 2500 1385 2553 Ῑ
1435 2498 1606 2541 maiore
1636 2495 1679 2539 V
1710 2509 1822 2540 corr.
1857 2496 1927 2539 ed.

240 2560 266 2599 8
298 2557 409 2612 quia
439 2557 558 2600 enim
581 2554 624 2599 V
653 2556 732 2599 sed
762 2556 872 2610 quia
904 2556 996 2600 ed.:
1038 2557 1099 2599 ad
1133 2570 1230 2599 rem
1269 2556 1327 2600 cf.
1362 2560 1431 2611 10,
1456 2560 1556 2599 435
1687 2558 1712 2597 9
1744 2559 1929 2610 prater-

238 2616 363 2659 ‘misit
402 2614 440 2656 V
482 2615 792 2671 praetermisit
835 2628 918 2657 nos
960 2621 1093 2670 pater
1138 2617 1263 2660 misit
1307 2615 1377 2659 ed.
1525 2619 1579 2658 16
1625 2614 1680 2658 de
1725 2627 1813 2656 om.
1855 2613 1927 2658 ed

242 2678 296 2716 19
328 2687 406 2731 eqo
429 2673 471 2717 V
503 2687 551 2718 eo
583 2673 654 2718 ed.
764 2677 817 2716 21
854 2674 1065 2718 lelaxatis
1097 2674 1266 2718 deinde
1297 2675 1517 2718 relaxatis
1546 2675 1646 2716 tum
1678 2685 1762 2727 per
1792 2670 1929 2715 abra—

241 2732 417 2776 sionem
457 2734 652 2777 elaaeatis
673 2731 715 2775 V
747 2746 770 2776 e
801 2733 972 2776 laoeatis
1011 2733 1081 2776 ed.
1123 2734 1293 2777 laxatis
1330 2746 1427 2776 nos.
1480 2733 1483 2789 Ι
1541 2745 1652 2776 casu
1693 2745 1780 2775 om.
1819 2731 1889 2774 ed.
1920 2732 1924 2788 1

239 2793 332 2847 ipsi
373 2792 443 2835 ed.
589 2796 643 2834 22
686 2792 911 2845 infantem
946 2790 987 2833 V
1022 2805 1133 2835 corr.
1172 2792 1242 2836 ed.
1302 2791 1307 2850 Ι
1364 2792 1597 2836 inlaeserit
1629 2789 1671 2833 V
1706 2804 1818 2833 corr.
1855 2790 1926 2834 ed.

242 2855 297 2893 25
329 2851 536 2894 educitur
558 2850 600 2893 V
632 2851 837 2894 evellitur
867 2850 937 2894 ed.
984 2851 987 2906 ζ
1034 2851 1214 2894 domum
1246 2852 1311 2906 (et
1341 2850 1479 2905 infra)
1503 2849 1558 2893 V.
1669 2853 1723 2892 27
1756 2850 1808 2892 in
1838 2850 1928 2893 alie

240 2915 411 2953 natura
427 2909 468 2952 V
484 2911 536 2953 in
558 2910 863 2954 alienaturum
885 2922 968 2952 nos
992 2910 1044 2952 iu
1067 2910 1256 2954 alterius
1270 2914 1535 2966 potestatem
1559 2913 1601 2952 et
1621 2913 1838 2952 ‘naturam
1854 2908 1925 2952 ed.

244 2972 298 3011 28
329 2982 423 3012 non
452 2969 575 3012 ullae
607 2968 677 3012 ed.
