2050 3226
37 1003 80 1036 1⁰

40 1373 82 1406 15

40 1744 84 1777 20

43 2113 86 2146 25

49 2483 91 2514 80

747 177 1054 223 AENEIDOS
1077 177 1164 222 V11
1729 180 1801 234 45

109 322 368 370 externum
404 318 568 367 virum
607 317 775 367 deberi
803 317 1057 367 Laviniae.
1119 316 1288 380 potuit
1317 318 1448 366 enim
1478 317 1673 367 Aeneas
1703 335 1804 367 non

109 395 268 444 videri
305 395 557 454 externuS‚
589 393 827 455 quoniam
868 408 958 456 per
987 391 1302 453 Dardanum,
1331 392 1392 440 ut
1422 407 1574 455 supra
1603 407 1804 454 conpre-

107 470 317 518 hensum
370 470 466 529 est,
514 467 660 515 Italis
713 467 880 515 fuerat
930 467 1146 516 iunctus.
1227 467 1357 515 hane
1404 465 1565 530 igitur
1613 468 1806 529 partem

107 542 417 607 intellegitur
465 541 765 590 communire
814 541 979 604 ipsum
1025 540 1232 589 dicendo
1280 555 1385 590 esse
1424 543 1680 589 externum
1720 541 1808 602 qui

109 618 302 666 veniret
350 632 409 664 ex
459 615 635 664 alienis
683 616 852 677 terris,
901 632 1002 664 non
1049 616 1137 678 qui
1182 617 1313 663 esset
1357 614 1510 663 etiam
1547 614 1806 679 sanguinis

108 691 303 740 ratione
365 692 639 752 separatus,
732 690 946 752 denique
1000 689 1071 738 sie
1125 690 1353 752 superius
1407 690 1580 752 posuit
1640 689 1808 751 „hune

108 767 254 814 illum
291 764 410 813 fatis
450 766 652 813 externa
691 763 754 812 ab
793 764 906 813 sede
945 764 1226 827 profectum
1259 763 1492 826 portendi
1522 762 1809 828 generum“‚

109 841 230 889 item
279 841 332 887 in
381 838 633 902 praesenti
683 854 926 903 „generos
979 838 1192 887 externis
1240 838 1410 887 adfore
1450 837 1513 886 ab
1553 839 1652 887 oris
1663 836 1707 899 ⁴⁴,
1751 840 1811 886 ut

110 914 301 963 externi
351 913 621 976 appellatio
675 928 706 961 a
750 914 898 961 terris
946 914 1114 975 potius
1166 928 1318 974 quam
1366 913 1566 961 tramite
1617 912 1809 977 generis

111 988 342 1038 videatur
380 989 566 1036 exorta.

230 1063 372 1110 Haec
416 1063 591 1121 effatus
637 1075 780 1121 equos
824 1075 1025 1109 nwmero
1063 1064 1210 1122 pater
1255 1061 1385 1121 eliyit
1421 1061 1578 1119 omni‚·
1615 1062 1913 1109 stabant275

111 1141 182 1186 ter
227 1139 417 1184 eentum
461 1135 605 1183 nitidi
650 1136 702 1182 in
742 1136 1066 1196 praesepibus
1104 1135 1241 1184 altis:
1301 1151 1360 1182 ex
1397 1136 1630 1184 trecentis
1671 1135 1811 1198 equis

111 1210 340 1260 meliores
394 1209 550 1274 deligi
600 1209 761 1258 iussit.
859 1210 1084 1257 omnibus
1137 1209 1366 1269 extemplo
1422 1210 1624 1258 Teucris
1683 1210 1814 1258 iubet

112 1286 282 1334 ordine
326 1284 463 1332 duci:
523 1299 691 1332 omnes
739 1283 871 1331 enim
917 1284 1108 1345 equites
1153 1299 1372 1331 remeare
1414 1283 1712 1345 debuerunt,
1751 1300 1811 1331 ne

114 1359 227 1422 quis
257 1360 537 1407 remaneret
565 1358 782 1420 inferior3
813 1359 867 1405 in
898 1358 1122 1406 ordinem
1153 1357 1293 1418 dixit,
1323 1374 1386 1406 ne
1419 1374 1565 1420 quem
1595 1360 1813 1421 praeter-

111 1433 208 1482 iret
244 1434 378 1496 regis
415 1431 808 1480 honorificentia.
877 1433 1110 1480 instratos
1148 1435 1299 1480 ostro:
1336 1433 1602 1496 purpureis
1641 1433 1812 1482 stratis

114 1509 330 1556 ornatos,
422 1507 660 1566 alipedes:
712 1507 912 1554 tantum
957 1506 1172 1568 veloeeS,
1225 1508 1307 1567 ut,
1357 1523 1472 1555 cum
1518 1507 1815 1556 currendum

112 1583 190 1630 his
230 1583 379 1642 esset,
419 1581 525 1629 alas
563 1579 744 1629 habere
779 1582 1094 1643 putarentur.
1146 1581 1386 1641 pictisque
1416 1582 1612 1641 tapetis.-
1649 1581 1814 1644 iungi-

112 1659 197 1704 tur
247 1657 488 1704 instratos
542 1657 677 1703 ostro
730 1656 978 1718 pictisque
1031 1655 1230 1718 tapetis
1331 1670 1487 1703 aurea
1539 1657 1815 1715 pectoribus

113 1731 327 1778 demissa
363 1729 568 1777 monilia
607 1729 840 1790 pendent:
902 1729 966 1778 ad
1011 1729 1387 1778 similitudinem
1425 1730 1690 1778 mulierum
1727 1730 1816 1778 ha-

113 1805 285 1853 bentes
333 1804 564 1864 monilia,
618 1818 682 1851 an
727 1820 840 1852 vere
889 1804 1016 1852 talia
1069 1804 1245 1866 qualia
1292 1807 1550 1852 matronae
1596 1803 1816 1852 habent?

114 1879 245 1942 regis
296 1878 428 1926 enim
478 1877 787 1926 substantiae
835 1877 968 1940 quod
1019 1878 1160 1940 equis
1205 1879 1467 1940 inponeret
1512 1878 1678 1927 deesse
1716 1894 1816 1926 non

115 1953 298 2015 potuit.
374 1952 480 1999 teeti
526 1966 649 2000 awro
693 1953 887 2011 fulvwm
930 1952 1176 2000 mandunt
1218 1954 1308 2001 sub
1352 1953 1575 2000 dentibus
1614 1968 1817 2000 aurwm:

117 2027 159 2075 si
198 2042 375 2074 aurum
416 2041 497 2074 eos
536 2027 730 2074 texerat
768 2027 917 2088 atque
958 2027 1122 2075 aureis
1163 2026 1460 2075 salivaribus
1504 2026 1817 2088 tenebantur,

118 2103 168 2149 et
212 2099 419 2147 monilia
465 2115 584 2147 vera
630 2100 861 2149 debemus
909 2101 1143 2163 accipere.
1223 2100 1408 2149 mirum
1451 2101 1817 2150 benivolentiae

118 2174 332 2238 signum,
364 2173 498 2236 quod
530 2177 845 2238 suggesserat
872 2175 1110 2237 temporis
1142 2176 1273 2224 ratio
1307 2178 1357 2223 et
1385 2176 1620 2223 meritum
1648 2176 1818 2223 Troia-

118 2264 318 2309 norum3
366 2248 451 2310 qui
497 2247 628 2296 enim
674 2248 855 2310 pedum
901 2249 1070 2298 labore
1111 2252 1441 2312 pervenerant
1479 2249 1542 2298 ab
1581 2251 1816 2312 opulento

119 2339 234 2386 rege
288 2323 507 2384 suseepti
561 2322 624 2370 ad
673 2322 876 2370 Aenean
928 2323 1154 2371 futurum
1203 2339 1438 2388 generum
1490 2340 1590 2373 non
1644 2324 1816 2386 quales

120 2398 359 2445 venerant
394 2411 613 2444 remeare
652 2395 940 2445 debuerunt.
1002 2398 1191 2446 absenti
1215 2398 1412 2446 Aeneae
1442 2412 1642 2446 currum
1672 2398 1818 2458 yemi-
1835 2396 1921 2436 280

120 2485 300 2530 nosque
337 2471 519 2531 iuyalis
556 2472 736 2518 semine
775 2472 837 2519 ab
869 2471 1097 2528 aetherio,
1129 2473 1369 2531 spirantis
1398 2473 1607 2520 naribus
1636 2473 1818 2532 iynem:

243 2646 269 2685 2
301 2646 508 2686 eaeternos
537 2640 592 2685 V.
706 2646 733 2684 4
765 2643 845 2697 qui
861 2667 916 2674 —
942 2646 968 2686 5
1001 2647 1112 2687 esset
1149 2656 1237 2687 om.
1271 2643 1343 2686 ed.
1452 2647 1477 2686 6
1509 2646 1746 2698 separatus
1777 2640 1818 2683 V

125 2706 248 2744 ·tum
279 2701 349 2744 ed.
444 2705 468 2743 7
496 2701 713 2756 portendi
743 2714 954 2757 yenerum
986 2715 1073 2746 om.
1100 2702 1170 2746 ed.
1267 2707 1319 2746 11
1354 2702 1485 2758 eleyit
1506 2701 1561 2745 V.
1653 2705 1706 2743 15
1733 2714 1819 2756 per

126 2760 328 2803 ordinem
359 2759 429 2803 ed.
476 2760 481 2819 Ι
526 2761 723 2816 aliquem
754 2759 827 2804 ed.
871 2759 876 2818 Ι
916 2762 1206 2816 praeterisset
1236 2761 1307 2804 ed.
1402 2766 1457 2804 16
1493 2761 1687 2804 instrato
1718 2758 1772 2802 V.
1809 2760 1813 2815 Ι

125 2819 324 2873 alipedes
353 2820 460 2874 post
491 2824 610 2863 ostro
645 2818 861 2874 interpol.
895 2819 967 2862 ed.
1086 2825 1139 2863 21
1174 2825 1396 2864 annueret
1426 2820 1524 2863 alia
1554 2818 1596 2860 V
1627 2833 1691 2862 an
1721 2832 1819 2863 vere

125 2877 243 2921 talia
271 2891 355 2921 nos
387 2883 470 2922 aut
499 2893 538 2922 v.
564 2883 595 2922 t.
628 2878 699 2922 ed.
751 2880 754 2935 >
813 2879 979 2922 habent
1008 2892 1096 2924 om.
1123 2879 1193 2923 ed.
1303 2884 1357 2922 22
1390 2878 1511 2934 quod
1541 2879 1643 2934 quis
1673 2877 1714 2920 V
1746 2877 1817 2922 ed.

126 2949 166 2991 q.
191 2938 317 2991 equis
347 2950 444 2980 noe.
575 2941 631 2980 24
663 2942 835 2981 texerat
864 2951 978 2992 quae
1000 2937 1042 2980 V
1067 2938 1138 2982 ed.
1171 2944 1202 2983 t.
1228 2943 1361 2994 atque
1391 2951 1489 2981 nos.
1620 2941 1676 2980 26
1715 2950 1818 2993 suy-

124 3001 320 3051 9esserat
350 2995 392 3038 V
423 3002 636 3053 suyyerat
666 2995 809 3040 HOU
841 2996 912 3039 ed.
