2050 3226
232 190 340 245 512
706 189 940 235 DONATI
968 190 1250 236 INTERPR.
1275 189 1454 235 VERG.

233 329 351 393 quia
412 331 565 379 scutis
628 331 769 393 terga
830 331 1170 391 contexerant,
1238 346 1299 377 ne
1369 330 1528 378 aversi
1588 330 1922 381 caederentur.

231 404 373 452 tertia
419 405 506 452 sed
547 408 807 464 postquam
857 404 1098 464 conqressi
1146 404 1200 451 iu
1243 404 1435 463 proelia
1483 407 1607 453 totas
1659 404 1923 464 implicuere

229 478 355 526 iuter
414 493 465 526 se
527 479 654 526 acies
716 478 915 538 leyitque
967 478 1130 525 virum
1178 478 1280 525 vir:
1330 478 1480 526 tertio
1535 479 1804 527 certamine
1858 478 1923 527 ad

229 568 401 601 verum
447 554 496 599 et
540 552 784 614 potiorem
831 551 1112 600 conflictum
1157 552 1363 601 ventum
1408 553 1504 614 est3
1548 569 1666 600 nam
1713 554 1763 600 et
1809 568 1921 600 con·
1979 606 1990 613 Α,

229 626 368 675 fusae
408 628 527 675 sunt
564 627 731 688 partes
772 626 822 672 et
859 627 1204 688 unusquisque
1243 625 1321 674 vir
1357 625 1521 675 virum
1552 626 1648 675 sibi
1679 641 1792 675 cum
1823 643 1920 689 quo
1974 616 1995 675 5³

229 702 442 749 certaret
471 701 606 748 facta
636 699 775 761 prius
808 700 1148 762 exploratione
1181 699 1445 763 deligebat.
1499 701 1662 764 qualis
1686 703 1919 763 putamus

144 791 148 793 ·
229 775 409 823 electos
448 774 545 822 nisi
585 789 668 822 eos
708 774 798 835 qui
834 775 1038 836 possent
1075 774 1221 822 facile
1261 773 1522 836 superari?
1570 775 1740 823 nullus
1789 774 1922 823 enim

228 848 404 912 deligit
442 864 472 895 a
511 864 609 910 quo
649 848 810 911 possit
847 847 1018 897 occidi.
1094 852 1196 896 tum
1233 862 1366 905 ver0,
1412 848 1466 896 id
1503 850 1579 897 est
1617 849 1816 912 quando
1857 848 1921 898 ad

225 923 428 971 tertiam
466 922 862 986 congressionem
900 937 1153 971 accessum
1191 923 1267 971 est
1304 924 1354 971 et
1392 922 1457 970 ad
1500 921 1554 970 id
1590 925 1818 985 ventum,
1864 925 1922 972 ut
2002 981 2005 984 Α

227 996 413 1059 singuli
451 1012 564 1044 cum
604 996 815 1060 singulis
855 996 1286 1060 congrederentur,
1326 1000 1370 1044 et
1394 997 1601 1058 yemitus
1630 997 1920 1045 morientum
1952 1013 1995 1045 10

227 1074 270 1119 et
305 1071 545 1131 sanquine
583 1071 638 1118 iu
677 1071 773 1119 alto
813 1085 1047 1131 armaque
1085 1084 1380 1130 corporaque
1427 1074 1470 1118 et
1505 1071 1739 1132 permixti
1778 1072 1920 1120 caede

124 1152 208 1192 635
224 1145 442 1193 virorum
486 1145 796 1193 semianimes
839 1145 1101 1193 volvuntur
1146 1146 1274 1206 equi,
1311 1159 1486 1205 puyua
1527 1159 1706 1206 aspera
1742 1146 1920 1206 suryit:

226 1219 424 1281 quando
463 1234 563 1267 non
602 1219 794 1267 dictum
831 1222 907 1269 est
946 1219 1032 1283 qui
1069 1219 1231 1283 magis
1269 1220 1322 1267 in
1360 1219 1588 1282 plurimis
1636 1219 1766 1268 caesi
1805 1219 1919 1282 sint,

222 1292 615 1357 intellegendum
654 1295 730 1342 est
759 1293 951 1342 cladem
982 1294 1123 1341 illam
1153 1295 1375 1356 partium
1407 1294 1584 1355 fuisse,
1615 1310 1715 1342 non
1745 1293 1918 1356 partis.

227 1366 504 1416 Orsilochus
541 1367 757 1425 Remuli,
807 1368 1000 1428 quando
1046 1368 1210 1428 ipsum
1254 1368 1479 1416 horrebat
1526 1368 1687 1425 adire,
1726 1368 1919 1416 hastam
1950 1359 2004 1414 15*

222 1442 415 1490 intorsit
452 1455 568 1501 equo
606 1443 887 1502 ferrumque
923 1443 1013 1490 sub
1045 1456 1166 1490 aure
1195 1442 1412 1501 reliquit:
1443 1441 1607 1504 coepit
1636 1441 1919 1504 specialiter

222 1516 275 1564 in
327 1515 579 1579 aliquibus
630 1516 824 1565 ostendi
873 1515 997 1579 quid
1046 1516 1113 1564 sit
1168 1515 1390 1580 legitque
1436 1515 1601 1565 virum
1655 1515 1754 1578 vir3
1799 1532 1917 1564 nam

223 1588 510 1639 Orsilochus
548 1590 816 1638 Remulum
855 1606 967 1638 cum
1006 1590 1156 1639 vellet
1194 1589 1435 1651 occidere,
1482 1606 1543 1638 ne
1588 1593 1771 1638 temere
1817 1590 1914 1638 for-

220 1663 400 1712 tiorem
437 1665 643 1726 peteret,
674 1665 787 1713 dolo
819 1664 1009 1713 efficere
1041 1663 1296 1712 contendit
1333 1663 1466 1726 quod
1503 1665 1693 1727 inplere
1732 1664 1915 1713 virtute

221 1754 321 1786 non
359 1739 571 1801 poterat.
646 1739 793 1788 hasta
830 1738 987 1802 igitur
1025 1740 1177 1800 caput
1215 1738 1331 1800 equi
1376 1738 1466 1787 sub
1513 1753 1632 1786 aure
1670 1738 1916 1801 percussit
1946 1734 2003 1784 20*

221 1815 363 1861 tanto
414 1814 626 1875 impetu,
673 1815 734 1862 ut
777 1813 962 1861 ferrum
1010 1814 1373 1875 perseverasset
1417 1812 1471 1859 in
1516 1812 1733 1861 vulnere.
1823 1827 1913 1872 quo

221 1888 413 1947 sonipes
460 1888 559 1934 ictu
609 1888 735 1947 furit
782 1888 995 1935 arduus:
1045 1903 1105 1934 ne
1156 1888 1434 1934 remaneret
1472 1886 1735 1935 obscurum
1782 1886 1915 1948 quod

222 1959 349 2008 dixit
409 1961 616 2022 ardum,
678 1961 873 2010 addidit
932 1961 1125 2022 altaque
1183 1961 1334 2009 iactat
1391 1961 1609 2008 vulneris
1668 1961 1914 2021 inpatiens

222 2038 406 2082 arrecto
442 2038 634 2094 pectore
679 2051 840 2084 crura.
925 2051 1038 2084 cum
1085 2034 1342 2083 inimicum
1391 2035 1547 2083 telum
1596 2036 1645 2083 et
1694 2034 1914 2083 dolorem
1994 2096 1996 2100 ,

220 2108 347 2157 ferre
397 2124 496 2156 non
546 2112 734 2171 posset,
784 2125 1044 2172 percussus
1094 2110 1289 2171 sonipes
1341 2109 1564 2173 erigebat
1610 2108 1662 2156 in
1703 2108 1911 2157 sublime
1943 2121 1986 2154 25
2049 2158 2050 2173 χ

222 2198 370 2230 suum
407 2183 578 2244 pectus
618 2186 667 2231 et
706 2200 850 2232 crura
881 2183 1237 2246 posterioribus
1270 2186 1467 2232 tantum
1498 2182 1703 2246 pedibus
1734 2182 1911 2231 nitens.
2049 2175 2050 2193 ¹

119 2262 204 2302 640
221 2257 429 2305 volvitur
478 2256 558 2305 ille
608 2272 837 2306 eoecussus
884 2259 1042 2306 humi:
1092 2273 1247 2319 usque
1298 2258 1363 2305 ad
1410 2258 1538 2305 hanc
1587 2259 1780 2319 partem
1830 2255 1911 2303 de-

221 2331 434 2394 scriptus
481 2333 579 2393 est,
624 2334 681 2379 ut
728 2331 1071 2380 ostenderetur
1115 2332 1409 2394 provolutus
1458 2331 1522 2379 ad
1566 2333 1772 2391 terram,
1818 2347 1912 2377 nex

220 2407 388 2453 autem
441 2405 545 2453 eius
599 2408 863 2454 consecuta
914 2406 1226 2470 intellegitur
1277 2406 1446 2468 potius
1502 2421 1650 2468 quam
1699 2403 1910 2453 videtur.

219 2480 442 2528 volvitur
477 2479 563 2528 ille
603 2494 831 2527 excussus
871 2480 1030 2527 humi:
1069 2496 1169 2527 non
1206 2481 1369 2528 terrae
1409 2494 1638 2527 excussus
1677 2478 1910 2539 volvitur,
1940 2490 1984 2522 30

219 2553 304 2601 sed
357 2554 408 2601 in
460 2555 645 2601 terram
696 2554 854 2613 venit,
909 2569 1023 2601 cum
1076 2553 1220 2603 dorso
1276 2553 1391 2616 equi
1440 2553 1618 2601 fuisset
1664 2567 1908 2600 excussus.

222 2626 428 2676 Catillus
478 2627 654 2675 Iollam
702 2628 1030 2687 inqentemque
1080 2629 1280 2684 animis,
1331 2629 1570 2687 iuyeutem
1620 2640 1814 2685 corpore
1868 2630 1909 2673 et

220 2702 373 2749 armis
412 2701 554 2749 deicit
589 2701 928 2749 Herminium:
976 2701 1125 2748 deicit
1171 2704 1220 2750 et
1265 2700 1329 2750 ad
1374 2701 1553 2750 Iollam
1598 2701 1814 2762 pertinet
1860 2702 1908 2747 et

339 2832 364 2870 3
398 2828 635 2872 adversum
666 2832 707 2871 et
729 2826 772 2870 V
804 2826 866 2870 ad
894 2840 1048 2871 verum
1080 2842 1134 2871 ac
1166 2827 1236 2875 ed.
1366 2831 1392 2870 8
1432 2827 1586 2883 diliyit
1615 2825 1657 2869 V
1687 2839 1800 2869 corr.
1834 2825 1904 2868 ed.

221 2891 275 2929 19
323 2887 487 2931 virtute
536 2900 623 2930 om.
669 2886 739 2929 ed.
885 2889 940 2928 20
982 2888 1135 2941 potuit
1179 2886 1249 2930 ed.
1396 2890 1450 2929 25
1495 2889 1640 2941 potest
1675 2883 1718 2927 V
1757 2889 1908 2940 posset

220 2959 332 2989 corr.
360 2945 430 2988 ed.
554 2949 608 2988 28
640 2959 730 2989 nex
752 2944 794 2988 V
825 2957 913 2989 vox
943 2945 1017 2988 ed.
1140 2949 1194 2988 29
1227 2945 1452 2989 videretur
1483 2944 1553 2988 ed.
1677 2948 1731 2987 32
1764 2944 1907 2988 cathi-

219 3005 290 3048 Zus
320 3003 375 3048 V.
424 3005 428 3062 Ι
479 3005 627 3049 Iolam
659 3004 729 3048 ed.
854 3007 908 3046 33
941 3004 1052 3047 dicit
1083 3009 1124 3048 et
1153 3005 1215 3047 ad
1238 3003 1279 3047 V
1304 3017 1416 3047 corr.
1443 3003 1513 3047 ed.
