<?xml version="1.0" encoding="UTF-8"?>
<!DOCTYPE html PUBLIC "-//W3C//DTD XHTML 1.0 Transitional//EN"
    "http://www.w3.org/TR/xhtml1/DTD/xhtml1-transitional.dtd">
<html xmlns="http://www.w3.org/1999/xhtml" xml:lang="en" lang="en">
 <head>
  <title>
</title>
<meta http-equiv="Content-Type" content="text/html;charset=utf-8" />
  <meta name='ocr-system' content='tesseract 3.04.00' />
  <meta name='ocr-capabilities' content='ocr_page ocr_carea ocr_par ocr_line ocrx_word'/>
</head>
<body>
  <div class='ocr_page' id='page_1' title='image "./interpretationes02donauoft_0581.png"; bbox 0 0 2050 3226; ppageno 0'>
   <div class='ocr_carea' id='block_1_1' title="bbox 0 2341 2 3226">
    <p class='ocr_par' dir='ltr' id='par_1_1' title="bbox 0 2341 2 3226">
     <span class='ocr_line' id='line_1_1' title="bbox 0 2341 2 3226; baseline 0 0"><span class='ocrx_word' id='word_1_1' title='bbox 0 2341 2 3226; x_wconf 95' lang='lat' dir='ltr'> </span> 
     </span>
    </p>
   </div>
   <div class='ocr_carea' id='block_1_2' title="bbox 760 175 1816 236">
    <p class='ocr_par' dir='ltr' id='par_1_2' title="bbox 760 175 1816 236">
     <span class='ocr_line' id='line_1_2' title="bbox 760 175 1816 236; baseline 0.001 -14"><span class='ocrx_word' id='word_1_2' title='bbox 760 176 1066 222; x_wconf 74' lang='lat' dir='ltr'>AENEmos</span> <span class='ocrx_word' id='word_1_3' title='bbox 1095 175 1183 222; x_wconf 76' lang='grc' dir='ltr'>ΧΠ</span> <span class='ocrx_word' id='word_1_4' title='bbox 1708 182 1816 236; x_wconf 81' lang='lat'>577</span> 
     </span>
    </p>
   </div>
   <div class='ocr_carea' id='block_1_3' title="bbox 17 317 1829 1408">
    <p class='ocr_par' dir='ltr' id='par_1_3' title="bbox 17 317 1829 1408">
     <span class='ocr_line' id='line_1_3' title="bbox 125 317 1820 381; baseline 0.001 -14"><span class='ocrx_word' id='word_1_5' title='bbox 125 320 357 368; x_wconf 80' lang='lat' dir='ltr'>liceretur</span> <span class='ocrx_word' id='word_1_6' title='bbox 406 318 587 381; x_wconf 84' lang='lat' dir='ltr'>quibus</span> <span class='ocrx_word' id='word_1_7' title='bbox 638 318 925 367; x_wconf 84' lang='lat' dir='ltr'>auctoribus</span> <span class='ocrx_word' id='word_1_8' title='bbox 975 317 1244 367; x_wconf 83' lang='lat' dir='ltr'>conflatum</span> <span class='ocrx_word' id='word_1_9' title='bbox 1292 320 1370 367; x_wconf 88' lang='lat' dir='ltr'>est</span> <span class='ocrx_word' id='word_1_10' title='bbox 1418 317 1602 366; x_wconf 87' lang='lat' dir='ltr'>bellurn</span> <span class='ocrx_word' id='word_1_11' title='bbox 1649 336 1820 368; x_wconf 86' lang='lat' dir='ltr'>verum</span> 
     </span>
     <span class='ocr_line' id='line_1_4' title="bbox 125 392 1822 456; baseline -0.001 -13"><span class='ocrx_word' id='word_1_12' title='bbox 125 393 277 443; x_wconf 85' lang='lat' dir='ltr'>etiam</span> <span class='ocrx_word' id='word_1_13' title='bbox 331 408 456 456; x_wconf 90' lang='lat' dir='ltr'>quos</span> <span class='ocrx_word' id='word_1_14' title='bbox 506 392 664 441; x_wconf 87' lang='lat' dir='ltr'>hostis</span> <span class='ocrx_word' id='word_1_15' title='bbox 713 393 895 441; x_wconf 84' lang='lat' dir='ltr'>habuit</span> <span class='ocrx_word' id='word_1_16' title='bbox 944 394 1256 441; x_wconf 87' lang='lat' dir='ltr'>retenturum</span> <span class='ocrx_word' id='word_1_17' title='bbox 1305 407 1356 442; x_wconf 91' lang='lat' dir='ltr'>se</span> <span class='ocrx_word' id='word_1_18' title='bbox 1408 392 1658 442; x_wconf 75' lang='lat' dir='ltr'>adsereret</span> <span class='ocrx_word' id='word_1_19' title='bbox 1711 409 1822 442; x_wconf 89' lang='lat' dir='ltr'>cum</span> 
     </span>
     <span class='ocr_line' id='line_1_5' title="bbox 125 467 1822 531; baseline 0 -15"><span class='ocrx_word' id='word_1_20' title='bbox 125 468 356 517; x_wconf 83' lang='lat' dir='ltr'>Troianis</span> <span class='ocrx_word' id='word_1_21' title='bbox 395 467 642 531; x_wconf 85' lang='lat' dir='ltr'>aequalis!</span> <span class='ocrx_word' id='word_1_22' title='bbox 707 469 949 529; x_wconf 88' lang='lat' dir='ltr'>quantum</span> <span class='ocrx_word' id='word_1_23' title='bbox 987 482 1038 515; x_wconf 92' lang='lat' dir='ltr'>se</span> <span class='ocrx_word' id='word_1_24' title='bbox 1076 467 1127 515; x_wconf 90' lang='lat' dir='ltr'>et</span> <span class='ocrx_word' id='word_1_25' title='bbox 1163 467 1216 514; x_wconf 93' lang='lat' dir='ltr'>in</span> <span class='ocrx_word' id='word_1_26' title='bbox 1256 482 1312 516; x_wconf 90' lang='lat' dir='ltr'>eo</span> <span class='ocrx_word' id='word_1_27' title='bbox 1350 467 1652 516; x_wconf 87' lang='lat' dir='ltr'>monstravit</span> <span class='ocrx_word' id='word_1_28' title='bbox 1687 467 1822 516; x_wconf 90' lang='lat' dir='ltr'>beni-</span> 
     </span>
     <span class='ocr_line' id='line_1_6' title="bbox 17 540 1826 604; baseline -0.001 -14"><span class='ocrx_word' id='word_1_29' title='bbox 17 581 26 602; x_wconf 44' lang='lat' dir='ltr'>s</span> <span class='ocrx_word' id='word_1_30' title='bbox 123 543 316 604; x_wconf 81' lang='lat' dir='ltr'>volum,</span> <span class='ocrx_word' id='word_1_31' title='bbox 365 556 508 591; x_wconf 85' lang='lat' dir='ltr'>sacra</span> <span class='ocrx_word' id='word_1_32' title='bbox 560 542 663 590; x_wconf 89' lang='lat' dir='ltr'>illis</span> <span class='ocrx_word' id='word_1_33' title='bbox 715 557 774 589; x_wconf 89' lang='lat' dir='ltr'>ac</span> <span class='ocrx_word' id='word_1_34' title='bbox 823 542 941 590; x_wconf 90' lang='lat' dir='ltr'>deos</span> <span class='ocrx_word' id='word_1_35' title='bbox 990 540 1350 604; x_wconf 81' lang='lat' dir='ltr'>promittendo,</span> <span class='ocrx_word' id='word_1_36' title='bbox 1400 557 1583 590; x_wconf 87' lang='lat' dir='ltr'>munus</span> <span class='ocrx_word' id='word_1_37' title='bbox 1636 542 1826 591; x_wconf 90' lang='lat' dir='ltr'>scilicet</span> 
     </span>
     <span class='ocr_line' id='line_1_7' title="bbox 17 610 1823 678; baseline 0.003 -19"><span class='ocrx_word' id='word_1_38' title='bbox 17 610 23 659; x_wconf 74' lang='lat'>1</span> <span class='ocrx_word' id='word_1_39' title='bbox 74 627 94 661; x_wconf 82' lang='lat'><strong>5</strong></span> <span class='ocrx_word' id='word_1_40' title='bbox 125 615 402 678; x_wconf 85' lang='lat' dir='ltr'>optandum</span> <span class='ocrx_word' id='word_1_41' title='bbox 439 617 632 665; x_wconf 85' lang='lat' dir='ltr'>cunctis</span> <span class='ocrx_word' id='word_1_42' title='bbox 672 618 723 664; x_wconf 88' lang='lat' dir='ltr'>et</span> <span class='ocrx_word' id='word_1_43' title='bbox 759 614 1111 665; x_wconf 80' lang='lat' dir='ltr'>venerabiliter</span> <span class='ocrx_word' id='word_1_44' title='bbox 1148 614 1513 678; x_wconf 84' lang='lat' dir='ltr'>excipiendum!</span> <span class='ocrx_word' id='word_1_45' title='bbox 1562 616 1823 665; x_wconf 88' lang='lat' dir='ltr'>deferendo</span> 
     </span>
     <span class='ocr_line' id='line_1_8' title="bbox 125 689 1824 752; baseline 0 -13"><span class='ocrx_word' id='word_1_46' title='bbox 125 693 292 739; x_wconf 88' lang='lat' dir='ltr'>autem</span> <span class='ocrx_word' id='word_1_47' title='bbox 341 705 509 739; x_wconf 89' lang='lat' dir='ltr'>socero</span> <span class='ocrx_word' id='word_1_48' title='bbox 557 692 608 738; x_wconf 88' lang='lat' dir='ltr'>et</span> <span class='ocrx_word' id='word_1_49' title='bbox 651 689 846 738; x_wconf 87' lang='lat' dir='ltr'>Latinis</span> <span class='ocrx_word' id='word_1_50' title='bbox 892 691 1140 752; x_wconf 90' lang='lat' dir='ltr'>quantum</span> <span class='ocrx_word' id='word_1_51' title='bbox 1185 689 1282 737; x_wconf 90' lang='lat' dir='ltr'>sibi</span> <span class='ocrx_word' id='word_1_52' title='bbox 1329 691 1550 739; x_wconf 85' lang='lat' dir='ltr'>favorem</span> <span class='ocrx_word' id='word_1_53' title='bbox 1602 691 1824 739; x_wconf 83' lang='lat' dir='ltr'>omnium</span> 
     </span>
     <span class='ocr_line' id='line_1_9' title="bbox 123 764 1826 827; baseline 0.001 -15"><span class='ocrx_word' id='word_1_54' title='bbox 123 764 307 812; x_wconf 80' lang='lat' dir='ltr'>iunxit!</span> <span class='ocrx_word' id='word_1_55' title='bbox 356 764 410 812; x_wconf 89' lang='lat' dir='ltr'>in</span> <span class='ocrx_word' id='word_1_56' title='bbox 450 780 508 812; x_wconf 90' lang='lat' dir='ltr'>eo</span> <span class='ocrx_word' id='word_1_57' title='bbox 553 780 670 814; x_wconf 81' lang='lat' dir='ltr'>vero</span> <span class='ocrx_word' id='word_1_58' title='bbox 720 764 921 827; x_wconf 82' lang='lat' dir='ltr'>plenam</span> <span class='ocrx_word' id='word_1_59' title='bbox 966 764 1267 812; x_wconf 86' lang='lat' dir='ltr'>monstravit</span> <span class='ocrx_word' id='word_1_60' title='bbox 1310 765 1663 827; x_wconf 85' lang='lat' dir='ltr'>reverentiam,</span> <span class='ocrx_word' id='word_1_61' title='bbox 1713 781 1826 814; x_wconf 90' lang='lat' dir='ltr'>cum</span> 
     </span>
     <span class='ocr_line' id='line_1_10' title="bbox 121 838 1826 902; baseline 0.001 -16"><span class='ocrx_word' id='word_1_62' title='bbox 121 838 269 886; x_wconf 84' lang='lat' dir='ltr'>illum</span> <span class='ocrx_word' id='word_1_63' title='bbox 298 841 349 887; x_wconf 90' lang='lat' dir='ltr'>et</span> <span class='ocrx_word' id='word_1_64' title='bbox 377 839 537 901; x_wconf 88' lang='lat' dir='ltr'>patris</span> <span class='ocrx_word' id='word_1_65' title='bbox 569 838 767 887; x_wconf 89' lang='lat' dir='ltr'>nomine</span> <span class='ocrx_word' id='word_1_66' title='bbox 799 838 1074 901; x_wconf 86' lang='lat' dir='ltr'>appellavit</span> <span class='ocrx_word' id='word_1_67' title='bbox 1104 840 1154 886; x_wconf 90' lang='lat' dir='ltr'>et</span> <span class='ocrx_word' id='word_1_68' title='bbox 1187 838 1359 887; x_wconf 88' lang='lat' dir='ltr'>soceri.</span> <span class='ocrx_word' id='word_1_69' title='bbox 1411 839 1614 900; x_wconf 80' lang='lat' dir='ltr'>habeto,</span> <span class='ocrx_word' id='word_1_70' title='bbox 1644 840 1826 902; x_wconf 88' lang='lat' dir='ltr'>inquit,</span> 
     </span>
     <span class='ocr_line' id='line_1_11' title="bbox 123 913 1826 976; baseline 0 -15"><span class='ocrx_word' id='word_1_71' title='bbox 123 915 268 976; x_wconf 89' lang='lat' dir='ltr'>pater</span> <span class='ocrx_word' id='word_1_72' title='bbox 298 929 452 974; x_wconf 86' lang='lat' dir='ltr'>arma,</span> <span class='ocrx_word' id='word_1_73' title='bbox 483 913 665 961; x_wconf 90' lang='lat' dir='ltr'>habeto</span> <span class='ocrx_word' id='word_1_74' title='bbox 698 928 834 961; x_wconf 90' lang='lat' dir='ltr'>socer</span> <span class='ocrx_word' id='word_1_75' title='bbox 862 913 1150 975; x_wconf 84' lang='lat' dir='ltr'>imperium3</span> <span class='ocrx_word' id='word_1_76' title='bbox 1180 913 1273 960; x_wconf 89' lang='lat' dir='ltr'>hoc</span> <span class='ocrx_word' id='word_1_77' title='bbox 1304 915 1380 961; x_wconf 90' lang='lat' dir='ltr'>est</span> <span class='ocrx_word' id='word_1_78' title='bbox 1410 915 1543 962; x_wconf 91' lang='lat' dir='ltr'>enim</span> <span class='ocrx_word' id='word_1_79' title='bbox 1564 913 1826 976; x_wconf 85' lang='lat' dir='ltr'>imperare,</span> 
     </span>
     <span class='ocr_line' id='line_1_12' title="bbox 51 987 1826 1049; baseline 0.003 -16"><span class='ocrx_word' id='word_1_80' title='bbox 51 1001 95 1033; x_wconf 79' lang='grc' dir='ltr'>ιο</span> <span class='ocrx_word' id='word_1_81' title='bbox 123 987 303 1035; x_wconf 87' lang='lat' dir='ltr'>habere</span> <span class='ocrx_word' id='word_1_82' title='bbox 345 987 700 1036; x_wconf 83' lang='lat' dir='ltr'>movendorum</span> <span class='ocrx_word' id='word_1_83' title='bbox 747 1002 998 1035; x_wconf 85' lang='lat' dir='ltr'>armorum</span> <span class='ocrx_word' id='word_1_84' title='bbox 1034 989 1357 1049; x_wconf 88' lang='lat' dir='ltr'>potestatem,</span> <span class='ocrx_word' id='word_1_85' title='bbox 1403 1002 1516 1035; x_wconf 87' lang='lat' dir='ltr'>curn</span> <span class='ocrx_word' id='word_1_86' title='bbox 1558 989 1826 1038; x_wconf 77' lang='lat' dir='ltr'>necessitas</span> 
     </span>
     <span class='ocr_line' id='line_1_13' title="bbox 124 1061 1826 1124; baseline 0.002 -15"><span class='ocrx_word' id='word_1_87' title='bbox 124 1062 294 1122; x_wconf 89' lang='lat' dir='ltr'>fuerit,</span> <span class='ocrx_word' id='word_1_88' title='bbox 329 1064 380 1109; x_wconf 92' lang='lat' dir='ltr'>et</span> <span class='ocrx_word' id='word_1_89' title='bbox 410 1077 583 1124; x_wconf 87' lang='lat' dir='ltr'>pacem</span> <span class='ocrx_word' id='word_1_90' title='bbox 612 1061 756 1122; x_wconf 82' lang='lat' dir='ltr'>tueri,</span> <span class='ocrx_word' id='word_1_91' title='bbox 788 1077 941 1123; x_wconf 90' lang='lat' dir='ltr'>quam</span> <span class='ocrx_word' id='word_1_92' title='bbox 966 1062 1310 1123; x_wconf 74' lang='lat' dir='ltr'>procuraverit</span> <span class='ocrx_word' id='word_1_93' title='bbox 1340 1061 1483 1110; x_wconf 93' lang='lat' dir='ltr'>labor</span> <span class='ocrx_word' id='word_1_94' title='bbox 1513 1064 1564 1110; x_wconf 90' lang='lat' dir='ltr'>et</span> <span class='ocrx_word' id='word_1_95' title='bbox 1596 1062 1826 1112; x_wconf 77' lang='lat' dir='ltr'>fortunae</span> 
     </span>
     <span class='ocr_line' id='line_1_14' title="bbox 125 1134 1829 1200; baseline 0.001 -17"><span class='ocrx_word' id='word_1_96' title='bbox 125 1136 433 1200; x_wconf 81' lang='lat' dir='ltr'>suffragium.</span> <span class='ocrx_word' id='word_1_97' title='bbox 511 1136 582 1184; x_wconf 92' lang='lat' dir='ltr'>sic</span> <span class='ocrx_word' id='word_1_98' title='bbox 626 1137 797 1198; x_wconf 87' lang='lat' dir='ltr'>posuit</span> <span class='ocrx_word' id='word_1_99' title='bbox 856 1150 995 1183; x_wconf 84' lang='lat' dir='ltr'>socer</span> <span class='ocrx_word' id='word_1_100' title='bbox 1042 1134 1256 1184; x_wconf 87' lang='lat' dir='ltr'>Latinus</span> <span class='ocrx_word' id='word_1_101' title='bbox 1303 1135 1487 1184; x_wconf 87' lang='lat' dir='ltr'>habeto</span> <span class='ocrx_word' id='word_1_102' title='bbox 1545 1151 1710 1198; x_wconf 83' lang='lat' dir='ltr'>arma,</span> <span class='ocrx_word' id='word_1_103' title='bbox 1767 1139 1829 1185; x_wconf 89' lang='lat' dir='ltr'>ut</span> 
     </span>
     <span class='ocr_line' id='line_1_15' title="bbox 126 1209 1827 1275; baseline 0.002 -18"><span class='ocrx_word' id='word_1_104' title='bbox 126 1225 282 1274; x_wconf 90' lang='lat' dir='ltr'>genus</span> <span class='ocrx_word' id='word_1_105' title='bbox 329 1211 396 1258; x_wconf 91' lang='lat' dir='ltr'>sit</span> <span class='ocrx_word' id='word_1_106' title='bbox 441 1211 603 1274; x_wconf 88' lang='lat' dir='ltr'>magis</span> <span class='ocrx_word' id='word_1_107' title='bbox 648 1209 912 1258; x_wconf 84' lang='lat' dir='ltr'>locutionis</span> <span class='ocrx_word' id='word_1_108' title='bbox 960 1225 1110 1272; x_wconf 88' lang='lat' dir='ltr'>quam</span> <span class='ocrx_word' id='word_1_109' title='bbox 1157 1209 1503 1258; x_wconf 82' lang='lat' dir='ltr'>declinationis</span> <span class='ocrx_word' id='word_1_110' title='bbox 1547 1211 1827 1275; x_wconf 81' lang='lat' dir='ltr'>integritas.</span> 
     </span>
     <span class='ocr_line' id='line_1_16' title="bbox 124 1283 1827 1348; baseline 0.002 -17"><span class='ocrx_word' id='word_1_111' title='bbox 124 1283 250 1331; x_wconf 88' lang='lat' dir='ltr'>mihi</span> <span class='ocrx_word' id='word_1_112' title='bbox 286 1300 403 1333; x_wconf 85' lang='lat' dir='ltr'>vero</span> <span class='ocrx_word' id='word_1_113' title='bbox 444 1284 571 1332; x_wconf 87' lang='lat' dir='ltr'>citra</span> <span class='ocrx_word' id='word_1_114' title='bbox 600 1284 823 1331; x_wconf 88' lang='lat' dir='ltr'>laborem</span> <span class='ocrx_word' id='word_1_115' title='bbox 861 1283 1067 1344; x_wconf 87' lang='lat' dir='ltr'>civium,</span> <span class='ocrx_word' id='word_1_116' title='bbox 1108 1285 1233 1332; x_wconf 86' lang='lat' dir='ltr'>citra</span> <span class='ocrx_word' id='word_1_117' title='bbox 1271 1285 1564 1347; x_wconf 90' lang='lat' dir='ltr'>cuiusquam</span> <span class='ocrx_word' id='word_1_118' title='bbox 1593 1286 1827 1348; x_wconf 85' lang='lat' dir='ltr'>inpensas</span> 
     </span>
     <span class='ocr_line' id='line_1_17' title="bbox 53 1357 1827 1408; baseline 0.001 -3"><span class='ocrx_word' id='word_1_119' title='bbox 53 1370 96 1403; x_wconf 81' lang='lat'>15</span> <span class='ocrx_word' id='word_1_120' title='bbox 124 1359 225 1406; x_wconf 90' lang='lat' dir='ltr'>mei</span> <span class='ocrx_word' id='word_1_121' title='bbox 255 1357 564 1406; x_wconf 84' lang='lat' dir='ltr'>constituent</span> <span class='ocrx_word' id='word_1_122' title='bbox 591 1358 765 1406; x_wconf 90' lang='lat' dir='ltr'>urbem</span> <span class='ocrx_word' id='word_1_123' title='bbox 788 1360 838 1405; x_wconf 90' lang='lat' dir='ltr'>et</span> <span class='ocrx_word' id='word_1_124' title='bbox 859 1358 982 1406; x_wconf 91' lang='lat' dir='ltr'>haec</span> <span class='ocrx_word' id='word_1_125' title='bbox 1005 1357 1245 1406; x_wconf 87' lang='lat' dir='ltr'>Laviniae</span> <span class='ocrx_word' id='word_1_126' title='bbox 1269 1358 1584 1407; x_wconf 86' lang='lat' dir='ltr'>decorabitur</span> <span class='ocrx_word' id='word_1_127' title='bbox 1613 1359 1827 1408; x_wconf 89' lang='lat' dir='ltr'>nomine.</span> 
     </span>
    </p>
   </div>
   <div class='ocr_carea' id='block_1_4' title="bbox 125 1431 1931 1494">
    <p class='ocr_par' dir='ltr' id='par_1_4' title="bbox 125 1431 1931 1494">
     <span class='ocr_line' id='line_1_18' title="bbox 125 1431 1931 1494; baseline 0.002 -14"><span class='ocrx_word' id='word_1_128' title='bbox 125 1433 196 1480; x_wconf 79' lang='lat' dir='ltr'>sie</span> <span class='ocrx_word' id='word_1_129' title='bbox 239 1435 383 1492; x_wconf 84' lang='lat' dir='ltr'>pater</span> <span class='ocrx_word' id='word_1_130' title='bbox 426 1431 644 1488; x_wconf 72' lang='lat' dir='ltr'>Aeneae,</span> <span class='ocrx_word' id='word_1_131' title='bbox 695 1433 912 1493; x_wconf 78' lang='lat' dir='ltr'>sequitur</span> <span class='ocrx_word' id='word_1_132' title='bbox 960 1433 1031 1480; x_wconf 76' lang='lat' dir='ltr'>sic</span> <span class='ocrx_word' id='word_1_133' title='bbox 1076 1432 1248 1480; x_wconf 82' lang='lat' dir='ltr'>deinde</span> <span class='ocrx_word' id='word_1_134' title='bbox 1292 1433 1509 1481; x_wconf 82' lang='lat' dir='ltr'>Latinus</span> <span class='ocrx_word' id='word_1_135' title='bbox 1558 1434 1829 1494; x_wconf 71' lang='lat' dir='ltr'>suspiciens</span> <span class='ocrx_word' id='word_1_136' title='bbox 1846 1443 1931 1484; x_wconf 84' lang='lat'>195</span> 
     </span>
    </p>
   </div>
   <div class='ocr_carea' id='block_1_5' title="bbox 53 1506 1831 2014">
    <p class='ocr_par' dir='ltr' id='par_1_5' title="bbox 53 1506 1831 2014">
     <span class='ocr_line' id='line_1_19' title="bbox 126 1506 1829 1572; baseline 0.001 -18"><span class='ocrx_word' id='word_1_137' title='bbox 126 1506 314 1554; x_wconf 83' lang='lat' dir='ltr'>eaelwm</span> <span class='ocrx_word' id='word_1_138' title='bbox 362 1507 603 1566; x_wconf 78' lang='lat' dir='ltr'>tenditque</span> <span class='ocrx_word' id='word_1_139' title='bbox 648 1507 715 1555; x_wconf 80' lang='lat' dir='ltr'>ad</span> <span class='ocrx_word' id='word_1_140' title='bbox 759 1507 926 1554; x_wconf 80' lang='lat' dir='ltr'>sidera</span> <span class='ocrx_word' id='word_1_141' title='bbox 971 1507 1216 1555; x_wconf 73' lang='lat' dir='ltr'>dextram:</span> <span class='ocrx_word' id='word_1_142' title='bbox 1274 1506 1458 1555; x_wconf 91' lang='lat' dir='ltr'>idcirco</span> <span class='ocrx_word' id='word_1_143' title='bbox 1510 1508 1564 1555; x_wconf 93' lang='lat' dir='ltr'>in</span> <span class='ocrx_word' id='word_1_144' title='bbox 1614 1523 1829 1572; x_wconf 88' lang='lat' dir='ltr'>superna</span> 
     </span>
     <span class='ocr_line' id='line_1_20' title="bbox 127 1580 1830 1643; baseline 0.002 -15"><span class='ocrx_word' id='word_1_145' title='bbox 127 1580 368 1643; x_wconf 80' lang='lat' dir='ltr'>aspiciens</span> <span class='ocrx_word' id='word_1_146' title='bbox 401 1582 617 1642; x_wconf 88' lang='lat' dir='ltr'>caelum,</span> <span class='ocrx_word' id='word_1_147' title='bbox 650 1580 771 1643; x_wconf 88' lang='lat' dir='ltr'>quia</span> <span class='ocrx_word' id='word_1_148' title='bbox 799 1581 1042 1643; x_wconf 89' lang='lat' dir='ltr'>templum</span> <span class='ocrx_word' id='word_1_149' title='bbox 1071 1580 1125 1628; x_wconf 91' lang='lat' dir='ltr'>in</span> <span class='ocrx_word' id='word_1_150' title='bbox 1157 1597 1331 1643; x_wconf 91' lang='lat' dir='ltr'>campo</span> <span class='ocrx_word' id='word_1_151' title='bbox 1362 1596 1462 1629; x_wconf 92' lang='lat' dir='ltr'>non</span> <span class='ocrx_word' id='word_1_152' title='bbox 1489 1582 1665 1630; x_wconf 81' lang='lat' dir='ltr'>fuerat.</span> <span class='ocrx_word' id='word_1_153' title='bbox 1712 1583 1830 1631; x_wconf 79' lang='lat' dir='ltr'>haec</span> 
     </span>
     <span class='ocr_line' id='line_1_21' title="bbox 128 1654 1831 1717; baseline 0.001 -15"><span class='ocrx_word' id='word_1_154' title='bbox 128 1655 316 1712; x_wconf 84' lang='lat' dir='ltr'>eadem,</span> <span class='ocrx_word' id='word_1_155' title='bbox 348 1654 540 1711; x_wconf 87' lang='lat' dir='ltr'>Aenea,</span> <span class='ocrx_word' id='word_1_156' title='bbox 573 1659 775 1711; x_wconf 82' lang='lat' dir='ltr'>terram,</span> <span class='ocrx_word' id='word_1_157' title='bbox 806 1669 965 1711; x_wconf 84' lang='lat' dir='ltr'>mare,</span> <span class='ocrx_word' id='word_1_158' title='bbox 997 1655 1162 1703; x_wconf 79' lang='lat' dir='ltr'>sidera</span> <span class='ocrx_word' id='word_1_159' title='bbox 1193 1656 1302 1702; x_wconf 79' lang='lat' dir='ltr'>iuro</span> <span class='ocrx_word' id='word_1_160' title='bbox 1333 1655 1649 1715; x_wconf 77' lang='lat' dir='ltr'>Latonaeque</span> <span class='ocrx_word' id='word_1_161' title='bbox 1675 1671 1831 1717; x_wconf 77' lang='lat' dir='ltr'>qenus</span> 
     </span>
     <span class='ocr_line' id='line_1_22' title="bbox 53 1729 1831 1789; baseline 0.003 -15"><span class='ocrx_word' id='word_1_162' title='bbox 53 1741 98 1774; x_wconf 71' lang='lat' dir='ltr'>so</span> <span class='ocrx_word' id='word_1_163' title='bbox 127 1729 306 1789; x_wconf 79' lang='lat' dir='ltr'>duplex</span> <span class='ocrx_word' id='word_1_164' title='bbox 335 1730 615 1789; x_wconf 75' lang='lat' dir='ltr'>Ianumque</span> <span class='ocrx_word' id='word_1_165' title='bbox 653 1730 910 1789; x_wconf 77' lang='lat' dir='ltr'>bifrontem</span> <span class='ocrx_word' id='word_1_166' title='bbox 946 1730 1137 1788; x_wconf 81' lang='lat' dir='ltr'>vimque</span> <span class='ocrx_word' id='word_1_167' title='bbox 1175 1730 1318 1777; x_wconf 85' lang='lat' dir='ltr'>deum</span> <span class='ocrx_word' id='word_1_168' title='bbox 1354 1730 1604 1789; x_wconf 79' lang='lat' dir='ltr'>infernam</span> <span class='ocrx_word' id='word_1_169' title='bbox 1642 1734 1687 1778; x_wconf 89' lang='lat' dir='ltr'>et</span> <span class='ocrx_word' id='word_1_170' title='bbox 1715 1731 1831 1779; x_wconf 79' lang='lat' dir='ltr'>duri</span> 
     </span>
     <span class='ocr_line' id='line_1_23' title="bbox 126 1802 1828 1866; baseline 0.001 -15"><span class='ocrx_word' id='word_1_171' title='bbox 126 1804 355 1851; x_wconf 76' lang='lat' dir='ltr'>sacraria</span> <span class='ocrx_word' id='word_1_172' title='bbox 377 1804 536 1851; x_wconf 77' lang='lat' dir='ltr'>Ditis:</span> <span class='ocrx_word' id='word_1_173' title='bbox 565 1807 624 1851; x_wconf 88' lang='lat' dir='ltr'>ut</span> <span class='ocrx_word' id='word_1_174' title='bbox 654 1802 936 1852; x_wconf 83' lang='lat' dir='ltr'>ostenderet</span> <span class='ocrx_word' id='word_1_175' title='bbox 957 1803 1170 1852; x_wconf 89' lang='lat' dir='ltr'>Latinus</span> <span class='ocrx_word' id='word_1_176' title='bbox 1202 1819 1253 1851; x_wconf 92' lang='lat' dir='ltr'>se</span> <span class='ocrx_word' id='word_1_177' title='bbox 1276 1803 1423 1851; x_wconf 90' lang='lat' dir='ltr'>fidem</span> <span class='ocrx_word' id='word_1_178' title='bbox 1445 1804 1646 1866; x_wconf 87' lang='lat' dir='ltr'>plenam</span> <span class='ocrx_word' id='word_1_179' title='bbox 1675 1804 1828 1854; x_wconf 86' lang='lat' dir='ltr'>inter·</span> 
     </span>
     <span class='ocr_line' id='line_1_24' title="bbox 127 1877 1831 1942; baseline 0.002 -18"><span class='ocrx_word' id='word_1_180' title='bbox 127 1877 305 1939; x_wconf 81' lang='lat' dir='ltr'>positis</span> <span class='ocrx_word' id='word_1_181' title='bbox 337 1877 652 1940; x_wconf 86' lang='lat' dir='ltr'>pactionibus</span> <span class='ocrx_word' id='word_1_182' title='bbox 684 1879 1021 1938; x_wconf 85' lang='lat' dir='ltr'>servaturum,</span> <span class='ocrx_word' id='word_1_183' title='bbox 1061 1881 1112 1926; x_wconf 90' lang='lat' dir='ltr'>et</span> <span class='ocrx_word' id='word_1_184' title='bbox 1142 1893 1255 1941; x_wconf 89' lang='lat' dir='ltr'>ego,</span> <span class='ocrx_word' id='word_1_185' title='bbox 1293 1877 1484 1939; x_wconf 84' lang='lat' dir='ltr'>inquit,</span> <span class='ocrx_word' id='word_1_186' title='bbox 1514 1877 1706 1940; x_wconf 87' lang='lat' dir='ltr'>Aenea,</span> <span class='ocrx_word' id='word_1_187' title='bbox 1740 1896 1831 1942; x_wconf 88' lang='lat' dir='ltr'>per</span> 
     </span>
     <span class='ocr_line' id='line_1_25' title="bbox 129 1951 1828 2014; baseline 0.002 -16"><span class='ocrx_word' id='word_1_188' title='bbox 129 1952 246 1999; x_wconf 91' lang='lat' dir='ltr'>deos</span> <span class='ocrx_word' id='word_1_189' title='bbox 283 1953 418 2014; x_wconf 90' lang='lat' dir='ltr'>ipsos</span> <span class='ocrx_word' id='word_1_190' title='bbox 455 1951 566 1999; x_wconf 92' lang='lat' dir='ltr'>iuro</span> <span class='ocrx_word' id='word_1_191' title='bbox 604 1968 695 2014; x_wconf 91' lang='lat' dir='ltr'>per</span> <span class='ocrx_word' id='word_1_192' title='bbox 725 1967 852 2014; x_wconf 88' lang='lat' dir='ltr'>quos</span> <span class='ocrx_word' id='word_1_193' title='bbox 890 1952 995 2014; x_wconf 88' lang='lat' dir='ltr'>ipse</span> <span class='ocrx_word' id='word_1_194' title='bbox 1026 1953 1206 2000; x_wconf 88' lang='lat' dir='ltr'>iurasti</span> <span class='ocrx_word' id='word_1_195' title='bbox 1244 1954 1294 2000; x_wconf 88' lang='lat' dir='ltr'>et</span> <span class='ocrx_word' id='word_1_196' title='bbox 1329 1952 1686 2000; x_wconf 89' lang='lat' dir='ltr'>elementorum</span> <span class='ocrx_word' id='word_1_197' title='bbox 1725 1969 1828 2002; x_wconf 90' lang='lat' dir='ltr'>om-</span> 
     </span>
    </p>
   </div>
   <div class='ocr_carea' id='block_1_6' title="bbox 16 1656 23 1846">
    <p class='ocr_par' dir='ltr' id='par_1_6' title="bbox 16 1656 23 1846">
     <span class='ocr_line' id='line_1_26' title="bbox 16 1656 23 1846; baseline 0 0"><span class='ocrx_word' id='word_1_198' title='bbox 16 1656 23 1846; x_wconf 95' lang='lat' dir='ltr'> </span> 
     </span>
    </p>
   </div>
   <div class='ocr_carea' id='block_1_7' title="bbox 128 2025 1931 2088">
    <p class='ocr_par' dir='ltr' id='par_1_7' title="bbox 128 2025 1931 2088">
     <span class='ocr_line' id='line_1_27' title="bbox 128 2025 1931 2088; baseline 0.003 -16"><span class='ocrx_word' id='word_1_199' title='bbox 128 2025 267 2072; x_wconf 91' lang='lat' dir='ltr'>nium</span> <span class='ocrx_word' id='word_1_200' title='bbox 305 2025 514 2073; x_wconf 87' lang='lat' dir='ltr'>numina</span> <span class='ocrx_word' id='word_1_201' title='bbox 550 2026 741 2088; x_wconf 89' lang='lat' dir='ltr'>pariter</span> <span class='ocrx_word' id='word_1_202' title='bbox 776 2025 966 2074; x_wconf 83' lang='lat' dir='ltr'>invoco.</span> <span class='ocrx_word' id='word_1_203' title='bbox 1029 2030 1172 2087; x_wconf 77' lang='lat' dir='ltr'>tanqo</span> <span class='ocrx_word' id='word_1_204' title='bbox 1214 2040 1352 2082; x_wconf 70' lang='lat' dir='ltr'>arae,</span> <span class='ocrx_word' id='word_1_205' title='bbox 1401 2026 1584 2075; x_wconf 79' lang='lat' dir='ltr'>medios</span> <span class='ocrx_word' id='word_1_206' title='bbox 1620 2028 1750 2088; x_wconf 78' lang='lat' dir='ltr'>iqnis</span> <span class='ocrx_word' id='word_1_207' title='bbox 1788 2031 1931 2078; x_wconf 83' lang='lat' dir='ltr'>et201</span> 
     </span>
    </p>
   </div>
   <div class='ocr_carea' id='block_1_8' title="bbox 131 2173 1831 2237">
    <p class='ocr_par' dir='ltr' id='par_1_8' title="bbox 131 2173 1831 2237">
     <span class='ocr_line' id='line_1_28' title="bbox 131 2173 1831 2237; baseline 0.002 -16"><span class='ocrx_word' id='word_1_208' title='bbox 131 2189 244 2222; x_wconf 88' lang='lat' dir='ltr'>aras</span> <span class='ocrx_word' id='word_1_209' title='bbox 268 2177 318 2222; x_wconf 90' lang='lat' dir='ltr'>et</span> <span class='ocrx_word' id='word_1_210' title='bbox 340 2175 488 2237; x_wconf 84' lang='lat' dir='ltr'>ignis,</span> <span class='ocrx_word' id='word_1_211' title='bbox 517 2190 643 2236; x_wconf 88' lang='lat' dir='ltr'>quae</span> <span class='ocrx_word' id='word_1_212' title='bbox 667 2173 888 2237; x_wconf 86' lang='lat' dir='ltr'>contingi</span> <span class='ocrx_word' id='word_1_213' title='bbox 911 2189 1065 2221; x_wconf 91' lang='lat' dir='ltr'>manu</span> <span class='ocrx_word' id='word_1_214' title='bbox 1087 2176 1372 2236; x_wconf 88' lang='lat' dir='ltr'>potuerunt.</span> <span class='ocrx_word' id='word_1_215' title='bbox 1432 2175 1639 2223; x_wconf 81' lang='lat' dir='ltr'>numina</span> <span class='ocrx_word' id='word_1_216' title='bbox 1663 2178 1831 2224; x_wconf 84' lang='lat' dir='ltr'>autem</span> 
     </span>
    </p>
   </div>
   <div class='ocr_carea' id='block_1_9' title="bbox 133 2253 489 2257">
    <p class='ocr_par' dir='ltr' id='par_1_9' title="bbox 133 2253 489 2257">
     <span class='ocr_line' id='line_1_29' title="bbox 133 2253 489 2257; baseline 0 0"><span class='ocrx_word' id='word_1_217' title='bbox 133 2253 489 2257; x_wconf 95' lang='lat' dir='ltr'> </span> 
     </span>
    </p>
   </div>
   <div class='ocr_carea' id='block_1_10' title="bbox 16 2285 1833 3052">
    <p class='ocr_par' dir='ltr' id='par_1_10' title="bbox 16 2285 1833 2936">
     <span class='ocr_line' id='line_1_30' title="bbox 250 2285 1826 2346; baseline 0.002 -18"><span class='ocrx_word' id='word_1_218' title='bbox 250 2289 276 2328; x_wconf 82' lang='lat'>2</span> <span class='ocrx_word' id='word_1_219' title='bbox 307 2286 385 2330; x_wconf 82' lang='lat' dir='ltr'>sed</span> <span class='ocrx_word' id='word_1_220' title='bbox 407 2285 450 2329; x_wconf 92' lang='lat' dir='ltr'><strong>V</strong></span> <span class='ocrx_word' id='word_1_221' title='bbox 474 2286 546 2330; x_wconf 93' lang='lat' dir='ltr'>ed.</span> <span class='ocrx_word' id='word_1_222' title='bbox 578 2300 624 2330; x_wconf 82' lang='lat' dir='ltr'>se</span> <span class='ocrx_word' id='word_1_223' title='bbox 655 2299 751 2329; x_wconf 88' lang='lat' dir='ltr'>nos.</span> <span class='ocrx_word' id='word_1_224' title='bbox 876 2289 900 2328; x_wconf 88' lang='grc'><strong>3</strong></span> <span class='ocrx_word' id='word_1_225' title='bbox 942 2290 1164 2342; x_wconf 85' lang='lat' dir='ltr'>quantum</span> <span class='ocrx_word' id='word_1_226' title='bbox 1201 2300 1246 2331; x_wconf 80' lang='lat' dir='ltr'>se</span> <span class='ocrx_word' id='word_1_227' title='bbox 1280 2285 1324 2329; x_wconf 91' lang='lat' dir='ltr'><strong>V</strong></span> <span class='ocrx_word' id='word_1_228' title='bbox 1360 2287 1542 2341; x_wconf 82' lang='lat' dir='ltr'>futwros</span> <span class='ocrx_word' id='word_1_229' title='bbox 1581 2301 1671 2332; x_wconf 84' lang='lat' dir='ltr'>esse</span> <span class='ocrx_word' id='word_1_230' title='bbox 1712 2287 1783 2331; x_wconf 91' lang='lat' dir='ltr'>ed.</span> <span class='ocrx_word' id='word_1_231' title='bbox 1821 2287 1826 2346; x_wconf 90' lang='grc' dir='ltr'>Ι</span> 
     </span>
     <span class='ocr_line' id='line_1_31' title="bbox 132 2344 1828 2391; baseline 0.001 -3"><span class='ocrx_word' id='word_1_232' title='bbox 132 2345 386 2388; x_wconf 81' lang='lat' dir='ltr'>benivolum</span> <span class='ocrx_word' id='word_1_233' title='bbox 423 2344 467 2387; x_wconf 91' lang='lat' dir='ltr'><strong>V</strong></span> <span class='ocrx_word' id='word_1_234' title='bbox 512 2359 558 2390; x_wconf 82' lang='lat' dir='ltr'>se</span> <span class='ocrx_word' id='word_1_235' title='bbox 605 2346 642 2389; x_wconf 89' lang='lat' dir='ltr'>b.</span> <span class='ocrx_word' id='word_1_236' title='bbox 693 2345 765 2388; x_wconf 90' lang='lat' dir='ltr'>ed.</span> <span class='ocrx_word' id='word_1_237' title='bbox 909 2349 937 2387; x_wconf 88' lang='lat'>4</span> <span class='ocrx_word' id='word_1_238' title='bbox 983 2345 1121 2389; x_wconf 83' lang='lat' dir='ltr'>adeos</span> <span class='ocrx_word' id='word_1_239' title='bbox 1157 2344 1199 2388; x_wconf 94' lang='lat' dir='ltr'><strong>V</strong></span> <span class='ocrx_word' id='word_1_240' title='bbox 1245 2360 1300 2390; x_wconf 86' lang='lat' dir='ltr'>ae</span> <span class='ocrx_word' id='word_1_241' title='bbox 1345 2346 1448 2391; x_wconf 80' lang='lat' dir='ltr'>deos</span> <span class='ocrx_word' id='word_1_242' title='bbox 1492 2360 1576 2389; x_wconf 91' lang='lat' dir='ltr'>nos</span> <span class='ocrx_word' id='word_1_243' title='bbox 1624 2359 1710 2389; x_wconf 91' lang='lat' dir='ltr'>orn.</span> <span class='ocrx_word' id='word_1_244' title='bbox 1757 2346 1828 2390; x_wconf 90' lang='lat' dir='ltr'>ed.</span> 
     </span>
     <span class='ocr_line' id='line_1_32' title="bbox 134 2403 1831 2463; baseline 0.001 -16"><span class='ocrx_word' id='word_1_245' title='bbox 134 2409 188 2447; x_wconf 84' lang='lat'>12</span> <span class='ocrx_word' id='word_1_246' title='bbox 219 2417 344 2448; x_wconf 78' lang='lat' dir='ltr'>socer</span> <span class='ocrx_word' id='word_1_247' title='bbox 366 2403 409 2446; x_wconf 96' lang='lat' dir='ltr'><strong>V</strong></span> <span class='ocrx_word' id='word_1_248' title='bbox 434 2404 507 2448; x_wconf 91' lang='lat' dir='ltr'>ed.</span> <span class='ocrx_word' id='word_1_249' title='bbox 540 2406 590 2448; x_wconf 88' lang='lat' dir='ltr'>at</span> <span class='ocrx_word' id='word_1_250' title='bbox 619 2404 762 2460; x_wconf 90' lang='lat' dir='ltr'>paulo</span> <span class='ocrx_word' id='word_1_251' title='bbox 796 2404 1008 2459; x_wconf 86' lang='lat' dir='ltr'>superius</span> <span class='ocrx_word' id='word_1_252' title='bbox 1037 2409 1185 2460; x_wconf 85' lang='lat' dir='ltr'>pater,</span> <span class='ocrx_word' id='word_1_253' title='bbox 1216 2407 1400 2449; x_wconf 87' lang='lat' dir='ltr'>mutare</span> <span class='ocrx_word' id='word_1_254' title='bbox 1431 2405 1574 2449; x_wconf 89' lang='lat' dir='ltr'>nolui.</span> <span class='ocrx_word' id='word_1_255' title='bbox 1669 2410 1723 2448; x_wconf 87' lang='lat'>13</span> <span class='ocrx_word' id='word_1_256' title='bbox 1755 2419 1831 2463; x_wconf 77' lang='lat' dir='ltr'>ye-</span> 
     </span>
     <span class='ocr_line' id='line_1_33' title="bbox 130 2461 1829 2522; baseline 0.001 -15"><span class='ocrx_word' id='word_1_257' title='bbox 130 2477 220 2507; x_wconf 80' lang='lat' dir='ltr'>nus</span> <span class='ocrx_word' id='word_1_258' title='bbox 243 2461 284 2505; x_wconf 93' lang='lat' dir='ltr'><strong>V</strong></span> <span class='ocrx_word' id='word_1_259' title='bbox 314 2464 460 2519; x_wconf 79' lang='lat' dir='ltr'>qentis</span> <span class='ocrx_word' id='word_1_260' title='bbox 492 2463 562 2507; x_wconf 91' lang='lat' dir='ltr'>ed.</span> <span class='ocrx_word' id='word_1_261' title='bbox 597 2477 710 2507; x_wconf 90' lang='lat' dir='ltr'>corr.</span> <span class='ocrx_word' id='word_1_262' title='bbox 745 2463 817 2507; x_wconf 90' lang='lat' dir='ltr'>ed.</span> <span class='ocrx_word' id='word_1_263' title='bbox 850 2465 969 2519; x_wconf 86' lang='lat' dir='ltr'>post.</span> <span class='ocrx_word' id='word_1_264' title='bbox 1022 2464 1026 2521; x_wconf 68' lang='lat'>1</span> <span class='ocrx_word' id='word_1_265' title='bbox 1083 2465 1323 2522; x_wconf 77' lang='lat' dir='ltr'>inteyritas</span> <span class='ocrx_word' id='word_1_266' title='bbox 1345 2464 1387 2508; x_wconf 97' lang='lat' dir='ltr'><strong>V</strong></span> <span class='ocrx_word' id='word_1_267' title='bbox 1418 2466 1632 2509; x_wconf 78' lang='lat' dir='ltr'>interitus</span> <span class='ocrx_word' id='word_1_268' title='bbox 1663 2464 1700 2508; x_wconf 90' lang='lat' dir='ltr'>O</span> <span class='ocrx_word' id='word_1_269' title='bbox 1733 2465 1829 2510; x_wconf 89' lang='lat' dir='ltr'>ed.:</span> 
     </span>
     <span class='ocr_line' id='line_1_34' title="bbox 134 2520 1828 2580; baseline 0.002 -15"><span class='ocrx_word' id='word_1_270' title='bbox 134 2520 318 2565; x_wconf 86' lang='lat' dir='ltr'>collatis</span> <span class='ocrx_word' id='word_1_271' title='bbox 360 2535 480 2577; x_wconf 85' lang='lat' dir='ltr'>quae</span> <span class='ocrx_word' id='word_1_272' title='bbox 511 2522 800 2578; x_wconf 89' lang='lat' dir='ltr'>praecedunt</span> <span class='ocrx_word' id='word_1_273' title='bbox 831 2536 1016 2566; x_wconf 85' lang='lat' dir='ltr'>sensum</span> <span class='ocrx_word' id='word_1_274' title='bbox 1048 2523 1115 2567; x_wconf 84' lang='lat' dir='ltr'>sic</span> <span class='ocrx_word' id='word_1_275' title='bbox 1151 2524 1353 2580; x_wconf 83' lang='lat' dir='ltr'>accipio,</span> <span class='ocrx_word' id='word_1_276' title='bbox 1389 2528 1443 2567; x_wconf 91' lang='lat' dir='ltr'>ut</span> <span class='ocrx_word' id='word_1_277' title='bbox 1477 2523 1594 2568; x_wconf 90' lang='lat' dir='ltr'>Don.</span> <span class='ocrx_word' id='word_1_278' title='bbox 1627 2538 1828 2568; x_wconf 86' lang='lat' dir='ltr'>arma—-</span> 
     </span>
     <span class='ocr_line' id='line_1_35' title="bbox 131 2580 1829 2639; baseline 0.001 -15"><span class='ocrx_word' id='word_1_279' title='bbox 131 2582 372 2637; x_wconf 78' lang='lat' dir='ltr'>imperium</span> <span class='ocrx_word' id='word_1_280' title='bbox 419 2594 564 2638; x_wconf 85' lang='lat' dir='ltr'>genus</span> <span class='ocrx_word' id='word_1_281' title='bbox 611 2581 860 2625; x_wconf 83' lang='lat' dir='ltr'>locutionis</span> <span class='ocrx_word' id='word_1_282' title='bbox 913 2580 1043 2625; x_wconf 85' lang='lat' dir='ltr'>dicat</span> <span class='ocrx_word' id='word_1_283' title='bbox 1091 2597 1176 2639; x_wconf 91' lang='lat' dir='ltr'>pro</span> <span class='ocrx_word' id='word_1_284' title='bbox 1229 2597 1498 2638; x_wconf 83' lang='lat' dir='ltr'>„armorum</span> <span class='ocrx_word' id='word_1_285' title='bbox 1544 2583 1829 2639; x_wconf 86' lang='lat' dir='ltr'>imperium“</span> 
     </span>
     <span class='ocr_line' id='line_1_36' title="bbox 134 2639 1831 2699; baseline 0.002 -17"><span class='ocrx_word' id='word_1_286' title='bbox 134 2639 402 2694; x_wconf 86' lang='lat' dir='ltr'>(locutionis</span> <span class='ocrx_word' id='word_1_287' title='bbox 434 2654 581 2696; x_wconf 85' lang='lat' dir='ltr'>genus</span> <span class='ocrx_word' id='word_1_288' title='bbox 616 2640 833 2683; x_wconf 84' lang='lat' dir='ltr'>similiter</span> <span class='ocrx_word' id='word_1_289' title='bbox 864 2640 984 2683; x_wconf 86' lang='lat' dir='ltr'>dixit</span> <span class='ocrx_word' id='word_1_290' title='bbox 1017 2645 1086 2695; x_wconf 79' lang='lat'>11,</span> <span class='ocrx_word' id='word_1_291' title='bbox 1111 2644 1228 2698; x_wconf 86' lang='lat'>489).</span> <span class='ocrx_word' id='word_1_292' title='bbox 1330 2647 1384 2685; x_wconf 89' lang='lat'>14</span> <span class='ocrx_word' id='word_1_293' title='bbox 1422 2656 1538 2699; x_wconf 76' lang='lat' dir='ltr'>qyra</span> <span class='ocrx_word' id='word_1_294' title='bbox 1569 2643 1765 2686; x_wconf 86' lang='lat' dir='ltr'>laborem</span> <span class='ocrx_word' id='word_1_295' title='bbox 1788 2642 1831 2685; x_wconf 93' lang='lat' dir='ltr'><strong>V</strong></span> 
     </span>
     <span class='ocr_line' id='line_1_37' title="bbox 134 2699 1830 2759; baseline 0.001 -17"><span class='ocrx_word' id='word_1_296' title='bbox 134 2713 250 2742; x_wconf 87' lang='lat' dir='ltr'>corr.</span> <span class='ocrx_word' id='word_1_297' title='bbox 274 2700 346 2743; x_wconf 87' lang='lat' dir='ltr'>ed.</span> <span class='ocrx_word' id='word_1_298' title='bbox 379 2699 596 2757; x_wconf 86' lang='lat' dir='ltr'>(alterum</span> <span class='ocrx_word' id='word_1_299' title='bbox 627 2701 746 2744; x_wconf 83' lang='lat' dir='ltr'>eitra</span> <span class='ocrx_word' id='word_1_300' title='bbox 778 2699 922 2743; x_wconf 90' lang='lat' dir='ltr'>etiam</span> <span class='ocrx_word' id='word_1_301' title='bbox 946 2699 1019 2754; x_wconf 93' lang='lat' dir='ltr'>V).</span> <span class='ocrx_word' id='word_1_302' title='bbox 1070 2701 1075 2759; x_wconf 83' lang='grc' dir='ltr'>Ι</span> <span class='ocrx_word' id='word_1_303' title='bbox 1132 2704 1240 2757; x_wconf 86' lang='lat' dir='ltr'>post</span> <span class='ocrx_word' id='word_1_304' title='bbox 1269 2703 1486 2757; x_wconf 79' lang='lat' dir='ltr'>inpensas</span> <span class='ocrx_word' id='word_1_305' title='bbox 1515 2703 1610 2744; x_wconf 86' lang='lat' dir='ltr'>tres</span> <span class='ocrx_word' id='word_1_306' title='bbox 1641 2701 1830 2745; x_wconf 85' lang='lat' dir='ltr'>litterae</span> 
     </span>
     <span class='ocr_line' id='line_1_38' title="bbox 134 2758 1833 2814; baseline 0.002 -13"><span class='ocrx_word' id='word_1_307' title='bbox 134 2771 317 2812; x_wconf 80' lang='lat' dir='ltr'>erasae,</span> <span class='ocrx_word' id='word_1_308' title='bbox 357 2759 568 2814; x_wconf 82' lang='lat' dir='ltr'>sequitur</span> <span class='ocrx_word' id='word_1_309' title='bbox 608 2761 696 2803; x_wconf 85' lang='lat' dir='ltr'>mei</span> <span class='ocrx_word' id='word_1_310' title='bbox 732 2759 847 2802; x_wconf 75' lang='lat' dir='ltr'><strong><em>mihi</em></strong></span> <span class='ocrx_word' id='word_1_311' title='bbox 876 2758 919 2802; x_wconf 96' lang='lat' dir='ltr'><strong>V</strong></span> <span class='ocrx_word' id='word_1_312' title='bbox 949 2759 1020 2803; x_wconf 91' lang='lat' dir='ltr'>ed.</span> <span class='ocrx_word' id='word_1_313' title='bbox 1060 2762 1173 2805; x_wconf 71' lang='lat' dir='ltr'><strong><em>mihi</em></strong></span> <span class='ocrx_word' id='word_1_314' title='bbox 1215 2760 1385 2804; x_wconf 83' lang='lat' dir='ltr'>delevi:</span> <span class='ocrx_word' id='word_1_315' title='bbox 1429 2759 1626 2803; x_wconf 84' lang='lat' dir='ltr'>fortasse</span> <span class='ocrx_word' id='word_1_316' title='bbox 1671 2761 1833 2805; x_wconf 74' lang='lat' dir='ltr'>Teucri</span> 
     </span>
     <span class='ocr_line' id='line_1_39' title="bbox 134 2817 1832 2876; baseline 0.002 -15"><span class='ocrx_word' id='word_1_317' title='bbox 134 2818 221 2861; x_wconf 74' lang='lat' dir='ltr'>‘mei</span> <span class='ocrx_word' id='word_1_318' title='bbox 265 2817 340 2862; x_wconf 85' lang='lat' dir='ltr'>vel</span> <span class='ocrx_word' id='word_1_319' title='bbox 382 2819 498 2862; x_wconf 80' lang='lat' dir='ltr'>cives</span> <span class='ocrx_word' id='word_1_320' title='bbox 542 2819 630 2862; x_wconf 86' lang='lat' dir='ltr'>mei</span> <span class='ocrx_word' id='word_1_321' title='bbox 676 2817 972 2861; x_wconf 83' lang='lat' dir='ltr'>scribendum</span> <span class='ocrx_word' id='word_1_322' title='bbox 1022 2821 1105 2863; x_wconf 88' lang='lat' dir='ltr'>est.</span> <span class='ocrx_word' id='word_1_323' title='bbox 1248 2825 1303 2863; x_wconf 83' lang='lat'>16</span> <span class='ocrx_word' id='word_1_324' title='bbox 1343 2825 1478 2875; x_wconf 80' lang='lat' dir='ltr'>pater</span> <span class='ocrx_word' id='word_1_325' title='bbox 1510 2818 1554 2862; x_wconf 93' lang='lat' dir='ltr'><strong>V</strong></span> <span class='ocrx_word' id='word_1_326' title='bbox 1585 2819 1656 2862; x_wconf 90' lang='lat' dir='ltr'>ed.</span> <span class='ocrx_word' id='word_1_327' title='bbox 1698 2821 1832 2876; x_wconf 83' lang='lat' dir='ltr'>prior</span> 
     </span>
     <span class='ocr_line' id='line_1_40' title="bbox 16 2876 1832 2936; baseline 0.002 -18"><span class='ocrx_word' id='word_1_328' title='bbox 16 2910 51 2931; x_wconf 29' lang='lat'>.,</span> <span class='ocrx_word' id='word_1_329' title='bbox 135 2889 294 2919; x_wconf 84' lang='lat' dir='ltr'>omnes</span> <span class='ocrx_word' id='word_1_330' title='bbox 325 2876 462 2932; x_wconf 85' lang='lat' dir='ltr'>Verg.</span> <span class='ocrx_word' id='word_1_331' title='bbox 497 2876 620 2920; x_wconf 89' lang='lat' dir='ltr'>libri.</span> <span class='ocrx_word' id='word_1_332' title='bbox 669 2878 672 2934; x_wconf 72' lang='grc'>1</span> <span class='ocrx_word' id='word_1_333' title='bbox 722 2878 974 2933; x_wconf 66' lang='lat' dir='ltr'>suscipiens</span> <span class='ocrx_word' id='word_1_334' title='bbox 1003 2877 1057 2922; x_wconf 88' lang='lat' dir='ltr'>V.</span> <span class='ocrx_word' id='word_1_335' title='bbox 1197 2883 1249 2922; x_wconf 79' lang='lat'>17</span> <span class='ocrx_word' id='word_1_336' title='bbox 1291 2879 1563 2934; x_wconf 78' lang='lat' dir='ltr'>tendensque</span> <span class='ocrx_word' id='word_1_337' title='bbox 1602 2878 1672 2922; x_wconf 88' lang='lat' dir='ltr'>ed.</span> <span class='ocrx_word' id='word_1_338' title='bbox 1725 2879 1729 2936; x_wconf 91' lang='grc'>1</span> <span class='ocrx_word' id='word_1_339' title='bbox 1779 2879 1832 2922; x_wconf 82' lang='lat' dir='ltr'>in</span> 
     </span>
    </p>

    <p class='ocr_par' dir='ltr' id='par_1_11' title="bbox 133 2935 1828 2992">
     <span class='ocr_line' id='line_1_41' title="bbox 133 2935 1828 2992; baseline 0.001 -13"><span class='ocrx_word' id='word_1_340' title='bbox 133 2949 333 2990; x_wconf 82' lang='lat' dir='ltr'>superna</span> <span class='ocrx_word' id='word_1_341' title='bbox 355 2935 398 2979; x_wconf 95' lang='lat' dir='ltr'><strong>V</strong></span> <span class='ocrx_word' id='word_1_342' title='bbox 420 2938 472 2980; x_wconf 80' lang='lat' dir='ltr'>in</span> <span class='ocrx_word' id='word_1_343' title='bbox 496 2950 583 2980; x_wconf 91' lang='lat' dir='ltr'>om.</span> <span class='ocrx_word' id='word_1_344' title='bbox 611 2936 681 2980; x_wconf 91' lang='lat' dir='ltr'>ed.</span> <span class='ocrx_word' id='word_1_345' title='bbox 761 2940 816 2979; x_wconf 91' lang='lat'>18</span> <span class='ocrx_word' id='word_1_346' title='bbox 847 2937 1022 2981; x_wconf 86' lang='lat' dir='ltr'>caelum</span> <span class='ocrx_word' id='word_1_347' title='bbox 1045 2937 1087 2980; x_wconf 94' lang='lat' dir='ltr'><strong>V</strong></span> <span class='ocrx_word' id='word_1_348' title='bbox 1112 2942 1157 2982; x_wconf 86' lang='lat' dir='ltr'>et</span> <span class='ocrx_word' id='word_1_349' title='bbox 1178 2951 1213 2982; x_wconf 87' lang='lat' dir='ltr'>e.</span> <span class='ocrx_word' id='word_1_350' title='bbox 1241 2938 1313 2981; x_wconf 91' lang='lat' dir='ltr'>ed.</span> <span class='ocrx_word' id='word_1_351' title='bbox 1398 2941 1455 2980; x_wconf 82' lang='lat'>20</span> <span class='ocrx_word' id='word_1_352' title='bbox 1487 2938 1750 2992; x_wconf 81' lang='lat' dir='ltr'>biforentem</span> <span class='ocrx_word' id='word_1_353' title='bbox 1774 2937 1828 2981; x_wconf 92' lang='lat' dir='ltr'>V.</span> 
     </span>
    </p>

    <p class='ocr_par' dir='ltr' id='par_1_12' title="bbox 138 2995 1829 3052">
     <span class='ocr_line' id='line_1_42' title="bbox 138 2995 1829 3052; baseline 0.004 -16"><span class='ocrx_word' id='word_1_354' title='bbox 138 2998 194 3036; x_wconf 81' lang='lat'>24</span> <span class='ocrx_word' id='word_1_355' title='bbox 224 2995 478 3052; x_wconf 83' lang='lat' dir='ltr'>mediosque</span> <span class='ocrx_word' id='word_1_356' title='bbox 507 2995 578 3039; x_wconf 91' lang='lat' dir='ltr'>ed.</span> <span class='ocrx_word' id='word_1_357' title='bbox 672 3000 727 3039; x_wconf 84' lang='lat'>25</span> <span class='ocrx_word' id='word_1_358' title='bbox 759 3000 894 3041; x_wconf 77' lang='lat' dir='ltr'>testor</span> <span class='ocrx_word' id='word_1_359' title='bbox 915 2997 1034 3041; x_wconf 79' lang='lat' dir='ltr'>nihil</span> <span class='ocrx_word' id='word_1_360' title='bbox 1057 2995 1100 3042; x_wconf 91' lang='lat' dir='ltr'><strong>V</strong></span> <span class='ocrx_word' id='word_1_361' title='bbox 1130 2997 1299 3042; x_wconf 83' lang='lat' dir='ltr'>medios</span> <span class='ocrx_word' id='word_1_362' title='bbox 1322 2997 1434 3042; x_wconf 83' lang='lat' dir='ltr'>dicit</span> <span class='ocrx_word' id='word_1_363' title='bbox 1463 2997 1685 3052; x_wconf 85' lang='lat' dir='ltr'>interpos.</span> <span class='ocrx_word' id='word_1_364' title='bbox 1711 2996 1829 3042; x_wconf 85' lang='lat' dir='ltr'>edF.</span> 
     </span>
    </p>
   </div>
   <div class='ocr_carea' id='block_1_11' title="bbox 226 3082 1558 3128">
    <p class='ocr_par' dir='ltr' id='par_1_13' title="bbox 226 3082 1558 3128">
     <span class='ocr_line' id='line_1_43' title="bbox 226 3082 1558 3128; baseline 0.008 -14"><span class='ocrx_word' id='word_1_365' title='bbox 226 3082 323 3117; x_wconf 82' lang='lat' dir='ltr'>Don.</span> <span class='ocrx_word' id='word_1_366' title='bbox 340 3083 499 3124; x_wconf 81' lang='lat' dir='ltr'>interpr.</span> <span class='ocrx_word' id='word_1_367' title='bbox 511 3085 624 3125; x_wconf 82' lang='lat' dir='ltr'>Verg.</span> <span class='ocrx_word' id='word_1_368' title='bbox 647 3085 722 3118; x_wconf 84' lang='lat' dir='ltr'>vol.</span> <span class='ocrx_word' id='word_1_369' title='bbox 738 3085 789 3118; x_wconf 89' lang='grc' dir='ltr'>Π.</span> <span class='ocrx_word' id='word_1_370' title='bbox 1505 3090 1558 3128; x_wconf 83' lang='grc'>37</span> 
     </span>
    </p>
   </div>
   <div class='ocr_carea' id='block_1_12' title="bbox 15 1962 1831 2540">
    <p class='ocr_par' dir='ltr' id='par_1_14' title="bbox 15 1962 1831 2540">
     <span class='ocr_line' id='line_1_44' title="bbox 16 1962 26 2020; baseline 0 0"><span class='ocrx_word' id='word_1_371' title='bbox 16 1962 26 2020; x_wconf 60' lang='lat' dir='ltr'><strong>b</strong></span> 
     </span>
     <span class='ocr_line' id='line_1_45' title="bbox 16 2032 1831 2191; baseline 0.003 -47"><span class='ocrx_word' id='word_1_372' title='bbox 16 2032 24 2191; x_wconf 50' lang='grc' dir='ltr'>ξ</span> <span class='ocrx_word' id='word_1_373' title='bbox 55 2111 98 2144; x_wconf 74' lang='lat'>25</span> <span class='ocrx_word' id='word_1_374' title='bbox 127 2101 338 2148; x_wconf 77' lang='lat' dir='ltr'>nwmina</span> <span class='ocrx_word' id='word_1_375' title='bbox 376 2103 543 2148; x_wconf 82' lang='lat' dir='ltr'>testor:</span> <span class='ocrx_word' id='word_1_376' title='bbox 592 2099 717 2147; x_wconf 88' lang='lat' dir='ltr'>nihil</span> <span class='ocrx_word' id='word_1_377' title='bbox 756 2101 888 2147; x_wconf 91' lang='lat' dir='ltr'>enim</span> <span class='ocrx_word' id='word_1_378' title='bbox 935 2099 1072 2147; x_wconf 88' lang='lat' dir='ltr'>aliud</span> <span class='ocrx_word' id='word_1_379' title='bbox 1118 2100 1296 2148; x_wconf 83' lang='lat' dir='ltr'>habuit</span> <span class='ocrx_word' id='word_1_380' title='bbox 1339 2099 1393 2148; x_wconf 90' lang='lat' dir='ltr'>in</span> <span class='ocrx_word' id='word_1_381' title='bbox 1442 2101 1696 2163; x_wconf 88' lang='lat' dir='ltr'>praesenti</span> <span class='ocrx_word' id='word_1_382' title='bbox 1732 2102 1831 2150; x_wconf 88' lang='lat' dir='ltr'>nisi</span> 
     </span>
     <span class='ocr_line' id='line_1_46' title="bbox 15 2197 22 2253; baseline 0 0"><span class='ocrx_word' id='word_1_383' title='bbox 15 2197 22 2253; x_wconf 88' lang='grc'>1</span> 
     </span>
     <span class='ocr_line' id='line_1_47' title="bbox 15 2271 22 2540; baseline 0 0"><span class='ocrx_word' id='word_1_384' title='bbox 15 2271 22 2540; x_wconf 78' lang='grc'>1</span> 
     </span>
    </p>
   </div>
  </div>
 </body>
</html>
