2050 3226
704 833 1074 889 AENEIDOS
1113 834 1335 889 LIBER
1371 836 1435 890 X.

339 958 585 1006 Panditur
613 958 799 1007 interea
837 958 1010 1006 domus
1043 959 1379 1020 omnipotentis
1409 958 1602 1020 Olympi
1639 959 1914 1007 concilium-

222 1047 311 1092 que
359 1035 498 1080 vocat
547 1032 716 1081 divum
756 1035 903 1093 pater
951 1036 1093 1094 atquc
1139 1033 1390 1081 hominum
1437 1047 1523 1082 rex
1572 1033 1812 1082 sideream
1859 1033 1914 1081 in

220 1106 379 1154 sedem
417 1105 604 1168 [terras
647 1107 778 1155 wude
824 1107 1013 1159 ardems
1058 1107 1216 1155 omnis
1262 1110 1516 1168 castraque
1559 1107 1915 1156 Dardanidmn

221 1184 436 1240 aspectat
450 1181 753 1241 populosque
775 1181 987 1229 Latinos
980 1179 1016 1243 ]
1023 1198 1039 1229 .-
1069 1181 1224 1244 pandi
1248 1184 1298 1230 et
1322 1181 1489 1230 claudi
1520 1181 1712 1230 caelum
1741 1180 1912 1230 multis

219 1254 342 1303 locis
375 1256 602 1303 auctores
634 1255 865 1304 nonnulli
895 1254 1148 1304 dixerunt:
1186 1257 1308 1304 tunc
1345 1256 1501 1318 pandi
1545 1271 1658 1304 cum
1696 1256 1916 1304 exoritur

221 1328 347 1390 dieS‚
392 1331 512 1377 tunc
558 1328 724 1378 claudi
778 1345 892 1377 cum
942 1330 1085 1378 finito
1133 1328 1211 1378 (110
1257 1333 1452 1392 tempus
1503 1329 1661 1378 noctis
1710 1329 1914 1391 accedit,

222 1405 292 1464 et,
332 1419 393 1451 ne
439 1403 638 1467 longius
685 1403 979 1452 adsertionis
1034 1403 1179 1452 istius
1231 1403 1526 1453 documenta
1578 1403 1914 1466 requirantur,

219 1476 378 1540 ipsius
416 1477 635 1526 Maronis
667 1477 1018 1526 consentientis
1056 1478 1108 1526 in
1146 1478 1268 1527 haec
1306 1478 1441 1527 dicta
1477 1480 1772 1542 repetamus.
1833 1477 1914 1528 1110

221 1552 352 1599 0111111
385 1552 458 1600 ait
486 1552 746 1614 panditur,
785 1554 843 1600 ut
883 1552 1164 1601 ostenderet
1195 1552 1325 1601 diem
1355 1553 1569 1614 venisse,
1609 1552 1708 1600 alio
1745 1553 1913 1601 autem

220 1626 328 1674 loco
377 1619 453 1692 (1,
494 1619 624 1692 374)
673 1626 801 1674 dixit
849 1628 1002 1688 „ante
1053 1627 1184 1674 diem
1234 1627 1403 1675 clauso
1451 1628 1695 1690 conponet
1739 1641 1915 1688 vesper

223 1698 438 1763 Olympo
450 1697 492 1747 “.
568 1701 661 1748 hoc
705 1699 872 1763 ipsum
917 1700 1144 1749 firmatur
1190 1717 1248 1748 ex
1295 1717 1351 1750 00
1408 1701 1540 1763 quod
1587 1701 1722 1749 00010
1762 1701 1915 1748 etiam

219 1777 390 1836 portas
447 1773 734 1838 adsignantz
791 1774 923 1837 quod
977 1774 1108 1822 enim
1160 1774 1312 1822 habet
1363 1777 1534 1838 portas
1590 1774 1811 1838 aperitur
1865 1777 1915 1822 et

222 1847 471 1895 clauditur
525 1864 616 1897 1100
670 1848 809 1897 aliud
857 1848 1075 1896 officium
1119 1851 1286 1911 potest
1335 1864 1439 1898 esse
1485 1851 1766 1912 portarum,
1815 1848 1915 1897 nisi

219 1923 279 1968 ut
318 1922 517 1970 clausae
562 1923 840 1986 ingressum
886 1923 1129 1987 denegent
1175 1924 1262 1971 aut
1308 1939 1422 1971 cum
1459 1924 1635 1986 patent
1672 1922 1913 1972 venientis

221 1995 506 2044 admittant.
566 2013 718 2045 unam
740 1997 961 2045 referunt
982 1998 1180 2059 portam
1204 2013 1303 2059 qua
1333 1998 1409 2046 sol
1441 1997 1672 2059 exoritur,
1705 1997 1915 2045 alteram

222 2086 349 2131 quae
395 2070 539 2118 illum
586 2071 769 2134 excipit
815 2070 1132 2120 occidentem.
1209 2087 1322 2119 cum
1366 2071 1526 2136 igitur
1574 2071 1677 2120 dies
1729 2070 1911 2120 exactis

220 2144 380 2192 noctis
426 2145 731 2207 temporibus
780 2144 1061 2194 advenisset
1099 2148 1148 2194 et
1187 2146 1376 2194 caelum
1423 2147 1553 2194 esset
1589 2145 1913 2208 patefactum,

221 2217 484 2266 concilium
535 2218 738 2266 deorum
787 2219 896 2267 fieri
940 2219 1166 2282 Iuppiter
1210 2220 1358 2269 iussit
1403 2222 1454 2268 et
1498 2221 1551 2268 in
1597 2236 1753 2267 unum
1800 2234 1912 2267 con-

222 2292 420 2356 gregari
457 2292 727 2342 universos.
804 2293 910 2342 11110
957 2295 1089 2342 0111111
1128 2293 1243 2342 deos
1283 2294 1451 2342 sedere
1492 2294 1787 2342 convenerat
1824 2292 1913 2340 ubi

220 2365 519 2415 tenebantur
565 2368 615 2415 et
661 2366 835 2415 sidera.
912 2384 1002 2416 1100
1046 2368 1174 2416 illud
1211 2370 1359 2417 vacat
1405 2367 1540 2430 quod
1578 2366 1704 2415 dixit
1743 2366 1913 2415 divum

220 2441 364 2503 pater
409 2442 559 2503 atque
604 2441 863 2489 hominum
907 2458 1015 2503 rex,
1066 2442 1304 2504 quoniam
1340 2442 1393 2489 id
1431 2442 1588 2490 dicere
1627 2442 1792 2490 fuerat
1829 2457 1910 2489 ne-

222 2514 503 2562 cessarium.
582 2515 668 2577 qui
713 2515 843 2563 enim
890 2515 1006 2564 deos
1054 2518 1203 2578 atque
1250 2516 1471 2564 homines
1518 2531 1619 2563 una
1665 2515 1911 2578 potestate

220 2588 467 2637 retinebat
506 2588 676 2637 debuit
707 2590 865 2637 omnis
899 2605 1057 2652 aequo
1096 2589 1449 2638 moderationis
1490 2589 1695 2638 arbitrio
1721 2588 1911 2653 ‘guber-

221 2678 340 2710 nare
388 2665 438 2711 et
480 2662 586 2711 illic
631 2662 810 2711 habere
857 2664 1120 2712 concilium
1164 2663 1252 2711 ubi
1298 2664 1368 2711 dii
1417 2665 1698 2726 praesentes
1750 2664 1912 2712 essent

342 2808 367 2847 3
392 2809 537 2848 terras
551 2809 643 2848 —4
660 2804 857 2849 Latinos
881 2805 1011 2849 deest
1034 2805 1083 2848 in
1099 2805 1197 2860 VR,
1215 2806 1296 2850 sed
1314 2804 1585 2860 explicatur.
1647 2809 1675 2847 4
1691 2804 1909 2861 pandi—

223 2867 248 2904 5
283 2864 391 2907 locis
413 2862 498 2906 VR
529 2864 672 2908 lucem
703 2863 772 2907 ed.
897 2869 950 2907 12
990 2866 1233 2922 obsiynant
1269 2865 1341 2909 ed.
1464 2867 1518 2907 15
1551 2865 1824 2919 alteramque
1854 2862 1909 2907 V.

223 2925 279 2964 20
333 2923 568 2967 tenebatur
612 2922 710 2976 VR,
757 2922 839 2966 sed
885 2922 926 2965 R
973 2938 1078 2967 cum
1123 2925 1298 2980 puncto
1345 2922 1430 2966 sub
1477 2928 1538 2967 at.
1675 2927 1730 2966 22
1779 2926 1911 2979 atque

223 2993 310 3024 om.
336 2981 389 3024 R.
513 2986 568 3025 23
599 2982 730 3027 modo
760 2982 1010 3027 deratio‘nis
1030 2982 1086 3028 V.

1968 1268 1988 1302 ⁵
2038 1182 2044 1386 1

2038 1396 2043 1450 3

2040 1463 2043 1491 Ι

1946 1639 1989 1672 10
2040 1626 2041 1632 ’

1945 2009 1987 2043 15

1943 2380 1986 2413 20
