2078 3260
759 169 1064 218 AENEIDOS
1095 169 1182 214 XII
1713 172 1820 226 625

125 327 243 360 nam
274 310 407 375 quod
438 312 510 359 ait
541 311 840 374 generaliter
869 310 1130 360 confusum
1157 308 1298 359 varia
1326 308 1544 373 imagine
1575 311 1823 359 malorum

125 385 390 449 stupuisse,
420 386 514 434 hoc
538 386 822 447 specialiter
844 385 1073 433 subiecit:
1103 384 1265 447 prima
1295 383 1396 432 fuit
1422 383 1626 446 pudoris
1651 400 1822 446 causa3

126 476 227 523 qua
265 462 397 508 enim
434 459 597 508 fronte
635 459 826 508 veniret
864 459 927 507 ad
967 474 1081 508 suos
1114 459 1334 507 desertor
1372 457 1620 507 commodi
1658 460 1735 507 sui
1774 462 1823 506 et

123 534 324 583 inflictis
372 536 449 583 tot
486 532 665 582 malis?
717 532 935 582 secunda
981 534 1082 582 fuit
1125 533 1343 594 insania,
1394 547 1522 595 quae
1568 532 1824 582 oriebatur

74 620 93 653 5
125 624 183 657 ex
214 623 270 657 eo
302 608 422 670 quia
453 607 911 657 convalescentibus
938 607 1158 656 adversis
1189 623 1288 656 non
1319 606 1522 656 valebat
1545 621 1823 667 occurrere3

124 686 243 730 tunc
281 683 411 730 enim
451 682 613 730 acrius
651 683 893 743 saevitur,
934 696 1043 730 cum
1076 697 1187 744 spes
1227 683 1387 730 cessat
1421 680 1649 730 ultionis:
1689 680 1822 730 simi-

123 757 238 806 liter
276 759 328 804 et
366 756 465 805 alio
498 757 606 804 loco
647 751 723 821 (4,
748 751 879 823 300)
918 755 1044 803 dixit
1074 756 1275 817 „saevit
1302 755 1447 818 inops
1483 753 1688 803 animi“.
1745 769 1822 805 ac-

125 830 330 880 cedebat
368 830 482 878 huic
522 833 573 878 et
610 830 772 879 luctus
824 846 882 878 ex
929 829 1032 879 eius
1084 832 1243 878 morte
1290 829 1586 879 descendens
1631 831 1684 878 in
1724 845 1824 892 qua

124 905 224 952 fuit
263 906 422 961 omnis
461 904 644 952 fiducia
682 905 850 953 uxoris
892 904 1221 968 accipiendae.
1298 903 1603 967 sequebatur
1639 905 1822 952 amoris

50 991 92 1023 ιο
124 994 277 1027 causa
315 978 421 1028 eius
461 978 667 1042 virginis
714 995 867 1041 quam
906 977 1203 1042 desperabat
1248 978 1344 1026 sibi
1381 994 1526 1040 posse
1573 979 1822 1042 coniungi.

124 1053 412 1102 cumulabat
442 1052 666 1101 omnium
694 1054 943 1101 malorum
973 1054 1248 1117 congeriem
1272 1052 1474 1102 virtutis
1506 1052 1823 1113 conscientia,

125 1142 252 1190 quae
299 1130 378 1175 tot
423 1127 644 1176 adversis
691 1126 840 1176 simul
887 1142 1125 1191 oppressa
1169 1126 1415 1189 respirare
1465 1143 1564 1175 non
1611 1129 1822 1189 poterat.

122 1205 176 1249 ut
201 1202 420 1262 primum
450 1202 700 1250 discussae
733 1202 960 1250 umbrae:
997 1202 1202 1264 pulchre
1242 1201 1367 1249 dixit
1404 1201 1606 1249 umbras
1646 1200 1823 1262 animi3

122 1275 209 1323 ubi
248 1277 380 1324 enim
418 1276 739 1338 perturbatus
786 1276 959 1337 fuerit,
1007 1276 1087 1324 vel
1133 1275 1346 1324 maxime
1386 1275 1614 1338 plurimis
1660 1275 1823 1335 malis,

50 1360 91 1393 15
122 1353 383 1413 tamquam
420 1350 473 1397 in
511 1349 728 1398 tenebris
768 1350 959 1411 positus
998 1366 1096 1398 non
1137 1350 1274 1398 videt
1306 1349 1426 1411 quid
1466 1352 1584 1413 agat
1621 1365 1711 1398 nec
1748 1350 1822 1396 in-

123 1424 260 1472 venit
305 1424 439 1473 viam
479 1439 580 1486 qua
625 1440 677 1472 se
726 1425 883 1486 possit
929 1425 1166 1473 exolvere.
1223 1427 1266 1471 et
1303 1425 1388 1471 lux
1424 1424 1616 1472 reddita
1653 1424 1824 1472 menti:

124 1499 324 1561 copiosa
356 1497 532 1560 dictio;
562 1498 649 1547 ubi
681 1498 812 1546 enim
843 1501 1063 1547 remotae
1093 1499 1279 1546 fuerint
1308 1498 1561 1559 tenebrae,
1592 1498 1678 1546 lux
1710 1513 1822 1546 con-

120 1572 262 1620 tinuo
316 1572 589 1636 subrogata
647 1573 887 1633 succedit,
943 1576 1000 1621 ut
1044 1573 1102 1621 fit
1151 1588 1262 1620 cum
1312 1588 1409 1620 nox
1452 1574 1824 1620 consummatur

122 1650 172 1695 et
195 1648 518 1710 consequitur
541 1647 659 1695 dies.
705 1647 922 1694 ardentis
945 1648 1191 1695 oculorum
1215 1647 1346 1694 orbis
1377 1646 1444 1694 ad
1465 1648 1658 1694 moenia
1689 1647 1825 1694 torsit
1841 1649 1927 1690 670

49 1733 92 1766 20
122 1721 347 1769 turbidus
386 1734 500 1780 eque
538 1722 657 1769 rotis
698 1736 930 1782 mayuam
974 1722 1184 1781 respeoeit
1221 1721 1288 1768 ad
1324 1722 1518 1768 urbem:
1569 1723 1823 1782 resumpta

121 1795 229 1843 luce
269 1798 383 1857 post
427 1795 678 1856 tenebras,
728 1795 816 1843 ubi
868 1796 1087 1844 animum
1137 1794 1359 1858 collegit,
1408 1795 1557 1843 torsit
1604 1794 1667 1843 ad
1713 1810 1823 1842 eam

121 1871 316 1931 partem
354 1869 521 1918 oculos
571 1869 623 1916 in
663 1885 764 1932 qua
811 1869 987 1918 civitas
1034 1870 1132 1917 fuit
1182 1874 1332 1930 atque
1378 1868 1452 1916 ita
1489 1871 1547 1916 ut
1583 1868 1636 1916 in
1676 1884 1822 1917 curru

122 1943 287 1991 fuerat
316 1944 514 1992 moenia
543 1943 655 2005 ipsa
685 1943 914 2006 respexit.
969 1958 1069 1991 eece
1101 1946 1261 1991 autem
1291 1944 1506 2001 flammis
1535 1944 1662 1991 inter
1684 1944 1821 1991 tabu-

122 2018 225 2066 lata
262 2018 455 2066 volutus
501 2018 567 2065 ad
612 2018 799 2066 caelwm
843 2018 1066 2066 undabat
1109 2020 1269 2065 vertex
1308 2018 1575 2076 turrimque
1613 2018 1822 2066 tenebat.-

48 2102 90 2136 25
121 2091 294 2139 multis
335 2092 455 2141 locis
496 2090 801 2140 ostendimus
843 2091 1051 2140 adversa
1096 2090 1318 2139 nuntiari
1362 2091 1451 2139 ubi
1498 2107 1607 2140 ecce
1654 2093 1821 2140 autem

121 2165 464 2227 praecesserit,
515 2165 727 2229 denique
774 2169 825 2214 et
868 2166 949 2214 hic
999 2165 1283 2214 incendium
1332 2165 1493 2214 visum
1540 2169 1616 2214 est
1652 2166 1820 2227 turris,

123 2255 252 2301 quae
299 2240 369 2288 sic
415 2240 622 2288 ardebat
669 2240 1012 2288 tabulatorum
1062 2239 1296 2288 firmitate
1354 2241 1602 2302 correpta,
1656 2242 1714 2288 ut
1762 2256 1819 2286 ex

122 2315 225 2362 eius
265 2329 460 2362 summa
497 2317 639 2376 parte
678 2316 731 2361 in
770 2315 959 2362 caelum
998 2314 1199 2362 flamma
1243 2317 1573 2378 consurgeret.
1630 2315 1818 2369 turrim,

122 2390 366 2448 compactis
404 2389 625 2436 trabibus
662 2403 808 2448 quam
855 2388 1086 2436 eduxerat
1120 2389 1225 2448 ipse
1269 2388 1643 2448 subdideratque
1687 2390 1820 2435 rotas
1837 2396 1922 2436 675

49 2475 92 2508 so
114 2463 372 2522 pontisque
409 2463 706 2510 instraverat
743 2462 865 2510 altos
874 2480 889 2509 .·
926 2462 1299 2510 multiformiter
1333 2463 1529 2510 Turnus
1570 2462 1722 2509 etiam
1761 2477 1819 2509 ex

123 2535 508 2600 conflagratione
548 2536 699 2584 turris
740 2535 907 2583 dolore
939 2552 1199 2599 percussus
1232 2539 1328 2597 est,
1367 2537 1528 2598 primo
1561 2535 1679 2598 quia
1711 2551 1819 2598 per·

122 2612 247 2658 ierat
276 2610 405 2657 illud
436 2610 570 2671 quod
602 2610 864 2674 diligentia
894 2625 984 2659 sua
1015 2612 1066 2658 et
1096 2611 1297 2674 proprio
1322 2610 1489 2658 labore
1522 2609 1818 2671 perfecerat3

243 2756 267 2794 2
311 2753 524 2807 stipuisse
563 2749 616 2795 V.
747 2756 773 2795 5
817 2765 872 2796 ex
914 2765 964 2796 eo
1005 2753 1085 2808 qui
1119 2751 1159 2794 V
1196 2751 1266 2794 ed.
1306 2764 1339 2795 e.
1374 2765 1408 2795 e.
1443 2751 1554 2807 quia
1593 2750 1664 2794 ed.
1696 2752 1816 2805 post,

124 2814 151 2854 8
182 2813 280 2855 eius
302 2810 344 2854 V
368 2810 456 2854 edI
482 2811 678 2855 Amatae
702 2810 818 2855 edF.
913 2816 967 2854 14
997 2812 1152 2865 fuerat
1182 2810 1254 2854 ed.
1350 2814 1403 2853 18
1436 2811 1717 2854 consumitur
1744 2809 1815 2854 ed.

124 2873 179 2912 21
217 2870 389 2927 eolliyit
418 2869 459 2912 V
493 2883 605 2913 corr.
643 2869 715 2913 ed.
838 2874 893 2913 23
933 2871 1092 2914 tabula
1124 2869 1177 2913 V.
1302 2872 1356 2911 25
1389 2868 1533 2913 ubiV
1563 2869 1668 2913 urbi
1699 2868 1769 2913 ed.
1807 2869 1812 2927 Ι

124 2942 219 2972 ecce
246 2954 300 2961 —
335 2934 390 2972 26
431 2930 727 2985 praecesserit
771 2942 858 2972 om.
900 2929 971 2972 ed.
1109 2932 1164 2971 30
1210 2929 1463 2973 intraverat
1502 2928 1542 2971 V
1588 2929 1816 2972 instruxe-

70 2992 73 2994 ’
124 2992 200 3032 rat
232 2988 303 3032 ed.

214 3078 310 3110 Don.
328 3078 483 3118 interpr.
498 3078 609 3119 Vei-g.
626 3078 700 3111 vol.
714 3078 763 3111 IL
1490 3081 1547 3119 40
