2050 3226
88 1007 131 1040 10

89 1376 132 1410 15

0 1748 133 1791 >20

92 2117 134 2150 25

804 176 1110 223 ,ammos
1141 176 1206 221 XI
1742 182 1851 236 443

158 319 386 367 remissos
423 332 547 378 quae
576 319 794 378 referant
820 319 927 379 fari
954 318 1086 367 iubet
1114 321 1157 366 ei
1184 331 1419 378 responsa
1453 320 1659 378 reposcit
1687 321 1854 368 ordine
1871 329 1958 369 240

161 396 333 441 cuneta
361 406 475 440 suo:
511 395 720 441 noverat
742 392 952 441 Latinus
985 392 1194 442 adversa
1222 392 1467 440 relaturos
1493 394 1544 440 et
1564 393 1687 441 haec
1709 397 1855 457 potu-

160 468 269 515 erat
303 467 411 529 ipse
450 467 515 514 ad
553 469 757 515 cunctos
796 467 1013 529 adferre,
1059 466 1144 516 sed
1190 465 1338 515 aliter
1373 466 1689 515 multitudini
1728 484 1855 530 quae

160 541 331 590 favore
381 539 538 588 Turni
586 540 860 590 ducebatur
907 539 1198 604 persuaderi
1248 556 1349 588 non
1397 543 1567 603 posset
1616 542 1749 603 quod
1797 542 1856 590 de

160 615 330 663 Aenea
365 612 696 677 sentiebatur,
734 616 834 664 nisi
865 631 923 664 ex
959 615 1081 679 ipsis
1121 614 1342 664 audisset
1371 615 1460 677 qui
1490 614 1553 663 ab
1583 615 1707 664 urbe
1737 616 1855 663 Dio-

159 688 316 738 medis
354 691 555 738 fuerant
590 690 818 754 regressi.
895 689 969 738 ait
1004 690 1163 754 igitur
1207 691 1358 752 atque
1395 689 1503 751 hic,
1548 689 1642 738 hoc
1691 692 1767 738 est
1803 691 1857 737 in

158 763 250 812 illa
288 764 672 829 congregatione
711 766 996 813 conventus.
1060 764 1253 828 legatos
1290 763 1474 812 Aetola
1519 779 1578 812 ex
1621 763 1743 812 urbe
1780 780 1856 812 re·

159 840 359 887 missos:
403 838 636 887 remissos
684 839 874 902 inquit,
918 842 977 887 ut
1021 838 1302 887 ostenderet
1337 837 1614 887 Diomeden
1659 853 1857 901 quoque

161 913 228 960 ad
277 911 435 961 vicem
472 912 739 977 legationis
789 928 909 961 suae
955 912 1257 976 legationem
1311 911 1464 961 aliam
1509 928 1598 975 per
1642 928 1725 961 eos
1771 914 1859 974 qui

159 987 300 1036 missi
329 988 530 1036 fuerant
558 987 817 1035 remisisse.
871 986 942 1036 sic
972 1002 1089 1051 ergo
1122 986 1358 1035 audiendi
1385 987 1588 1035 fuerant
1616 988 1675 1035 ut
1702 986 1859 1047 missi,

161 1061 232 1110 sic
268 1077 465 1110 rursum
502 1063 562 1110 ut
597 1062 814 1122 remissi,
851 1062 912 1109 ut
949 1060 1170 1110 officium
1199 1060 1384 1124 duplex
1420 1062 1472 1109 et
1501 1060 1711 1124 duplicis
1749 1077 1859 1109 mu-

161 1136 292 1184 neris
330 1135 578 1184 sarcinam
615 1135 857 1185 sustinere
893 1134 1202 1197 viderentur3
1239 1151 1393 1183 unam
1427 1136 1612 1198 quippe
1649 1135 1859 1198 legatio-

161 1226 273 1258 nem
312 1212 640 1273 pervexerant
686 1208 1043 1258 mandantibus
1092 1209 1258 1271 Italis,
1304 1210 1603 1258 rettulerant
1649 1210 1861 1258 alteram

163 1300 222 1333 ex
259 1285 507 1333 sententia
545 1284 801 1333 Diomedis
842 1285 931 1346 qui
970 1284 1097 1331 dixit
1142 1283 1243 1331 alia
1293 1300 1432 1332 arma
1468 1283 1664 1333 Latinis
1712 1299 1860 1347 quae-

161 1358 318 1407 renda
355 1360 447 1407 aut
483 1358 750 1421 petendam
787 1373 963 1420 pacem
1001 1357 1063 1406 ab
1102 1357 1286 1406 Aenea.
1342 1374 1471 1420 quae
1507 1358 1727 1407 referant
1763 1356 1862 1406 fari

161 1432 322 1495 iubet3
372 1433 515 1495 loqui
552 1433 684 1481 enim
720 1434 775 1480 in
814 1433 1079 1495 conspectu
1115 1431 1315 1494 publico
1354 1449 1455 1481 non
1492 1434 1716 1496 possent,
1762 1431 1862 1479 nisi

161 1523 248 1555 rex
284 1506 446 1570 primo
483 1506 726 1556 iussisset.
796 1522 923 1570 quae
959 1506 1202 1567 referant,
1239 1507 1333 1555 hoc
1371 1509 1447 1555 est
1484 1507 1656 1570 qualia
1692 1521 1859 1569 repor-

161 1582 272 1629 tent
320 1583 371 1630 et
419 1582 561 1630 cuius
611 1581 719 1644 spei
765 1582 1082 1644 quantaeque
1129 1580 1452 1629 substantiae.
1530 1584 1580 1630 et
1623 1596 1863 1644 responsa

162 1656 380 1718 reposcit
418 1655 589 1703 ordine
621 1658 799 1704 cuncta
830 1671 941 1704 suo:
980 1654 1240 1718 praevenit
1268 1655 1482 1718 legatOS‚
1521 1671 1583 1704 ne
1620 1656 1703 1704 usi
1735 1655 1860 1703 rela-

163 1729 314 1779 tionis
340 1729 614 1792 conpendio
639 1729 1006 1793 supprimerent
1033 1746 1092 1778 ea
1116 1745 1243 1793 quae
1261 1729 1498 1792 sopiendo
1515 1729 1645 1778 bello
1661 1730 1863 1777 fuerant

162 1806 456 1853 necessaria.
496 1807 686 1867 quanto
711 1804 842 1853 enim
866 1821 926 1852 ex
949 1804 1169 1853 adversis
1200 1803 1527 1852 relationibus
1559 1803 1864 1852 deiciebatur

164 1879 355 1927 animus
393 1878 570 1941 populi
605 1880 748 1928 tanto
787 1879 1024 1941 proficere
1063 1879 1263 1942 poterat
1300 1878 1434 1940 quod
1471 1879 1661 1941 optimo
1696 1877 1861 1927 studio

163 1968 254 2015 pro
293 1953 490 2001 Aeneae
528 1953 755 2015 partibus
802 1953 1035 2015 cupiebat
1078 1952 1272 2016 inpleri.
1349 1955 1451 2000 twm
1487 1954 1624 2012 faeta
1668 1953 1863 2000 silentia

166 2027 371 2088 linquis:
420 2026 720 2076 curiositatis
762 2027 858 2076 hoc
894 2027 995 2075 fuit
1040 2029 1092 2075 et
1134 2026 1318 2091 regalis
1362 2026 1692 2089 reverentiae3
1745 2042 1863 2074 nam

166 2116 278 2150 cum
307 2117 394 2149 rex
423 2100 562 2149 iubet
592 2101 810 2164 aliquem
840 2102 1001 2164 loqui,
1033 2102 1204 2150 eadem
1234 2100 1451 2150 iussione
1479 2101 1654 2150 ceteris
1684 2101 1864 2149 indicit

166 2175 442 2236 silentium3
490 2175 756 2224 accedebat
794 2176 858 2224 ad
895 2176 1148 2239 publicam
1186 2174 1504 2238 disciplinam
1542 2175 1677 2239 quod
1714 2189 1861 2223 unus-

167 2250 380 2313 quisque
420 2248 480 2296 de
510 2249 715 2311 propria
746 2250 908 2298 salute
940 2249 1184 2298 sollicitus
1224 2249 1406 2298 idcirco
1438 2249 1691 2298 silentium
1721 2265 1861 2311 prae-

166 2324 338 2385 bebat,
367 2325 428 2371 ut
458 2323 579 2386 quid
602 2323 698 2372 sibi
722 2324 827 2386 spei
850 2326 1129 2386 superesset
1150 2326 1319 2386 posset
1342 2323 1528 2374 audire.
1580 2327 1623 2372 et
1647 2323 1862 2372 Venulus

168 2399 291 2446 dicio
323 2411 511 2458 parens
547 2399 619 2446 ita
648 2399 806 2457 farier
835 2399 970 2457 infit:
1007 2400 1159 2461 atque
1190 2399 1265 2446 ita
1294 2397 1542 2459 VenuluS‚
1582 2398 1669 2460 qui
1699 2398 1863 2460 potior

167 2471 350 2536 legatis
388 2472 563 2520 ceteris
603 2471 723 2532 fuit,
770 2471 920 2520 iussis
959 2472 1303 2536 obtemperans
1343 2472 1413 2521 sic
1450 2472 1672 2520 instituit
1708 2472 1861 2534 loqui.

298 2546 535 2602 Vidimus,
568 2560 595 2593 ο
627 2547 765 2602 eives‘,
789 2546 1074 2595 Diomedem
1096 2546 1379 2608 Argivaque
1410 2549 1572 2594 castra
1603 2549 1743 2604 atque
1772 2546 1863 2592 iter

170 2621 349 2668 emensi
387 2635 532 2668 casus
561 2621 902 2680 superavimus
931 2622 1089 2670 omnis
1128 2622 1502 2682 eontiyimusque
1531 2635 1736 2668 manum
1766 2634 1861 2680 qua
1878 2632 1965 2671 245

291 2767 314 2805 1
353 2763 607 2817 referebant
635 2761 691 2805 V.
814 2766 840 2805 2
866 2767 1078 2818 potuerat
1100 2762 1142 2806 V
1165 2766 1414 2818 putaverat
1444 2761 1515 2805 ed.
1638 2765 1664 2804 5
1704 2761 1863 2805 audis-

169 2826 268 2865 sent
298 2821 369 2866 ed.
491 2825 518 2865 8
549 2821 702 2877 inquit
731 2833 819 2864 om.
845 2821 916 2865 ed.
961 2821 966 2880 Ι
1007 2822 1274 2866 Diomedem
1303 2820 1479 2876 ubique
1511 2820 1583 2863 ed.
1707 2824 1761 2863 14
1791 2820 1863 2864 Ζα-

170 2881 296 2924 tinus
318 2879 361 2923 V
393 2894 506 2924 corr.
541 2880 611 2923 ed.
735 2884 791 2923 15
822 2880 885 2924 ad
914 2893 1055 2925 aenea
1082 2880 1125 2925 V
1157 2895 1270 2924 corr.
1304 2880 1375 2924 ed.
1505 2883 1561 2923 23
1594 2879 1791 2935 paribus
1820 2878 1864 2922 V

172 2952 286 2982 corr.
327 2939 398 2983 ed.
529 2943 585 2983 26
628 2939 921 2994 disciplinam
962 2953 1050 2983 om.
1088 2940 1159 2984 ed.
1294 2944 1347 2983 27
1389 2939 1443 2983 de
1477 2938 1519 2982 V
1562 2943 1659 2984 erat
1695 2939 1747 2983 in
1789 2938 1861 2983 ed.

174 3003 227 3042 31
261 2997 496 3043 diomeden
527 3000 688 3041 contra
719 3002 919 3042 metrum
941 2997 998 3044 V.
