2050 3226
239 123 343 176 128
709 121 942 166 DONATI
971 121 1251 166 INTERPR.
1276 120 1456 166 VERG.

236 261 462 323 Thybris.
551 262 799 309 ‘mirantur
852 265 895 309 et
945 262 1129 317 undae,
1183 262 1395 309 miratur
1442 276 1613 309 nemas
1661 263 1928 310 insuetam:

234 335 472 383 vertenda
503 334 751 383 ordinatio
784 338 880 397 est3
911 352 1054 383 nemo
1088 335 1217 383 enim
1250 335 1372 383 dicit
1403 334 1526 396 „et“
1557 335 1655 384 nisi
1679 337 1766 398 qui
1787 337 1926 398 prius

235 409 427 471 aliquid
465 409 664 457 dixerit:
703 411 761 456 ut
799 410 866 458 sit
902 409 1149 457 mirantur
1186 410 1348 457 undae
1381 411 1430 457 et
1460 426 1631 459 nemus
1661 409 1925 458 insuetum.

234 482 468 532 dicuntur
505 484 616 546 ipsa
654 483 919 531 miracula:
957 484 1196 543 falyentia
1236 484 1371 544 lonyc
1401 488 1539 532 scuta
1575 485 1739 531 virum
1775 485 1925 542 flavio

226 558 478 617 pietasque
507 558 684 605 innare
716 559 928 606 carinas,
975 558 1139 604 undae
1171 559 1220 605 et
1250 573 1422 606 nemus
1446 558 1760 606 mirabantur
1784 561 1927 606 scuta

234 634 284 679 et
336 633 478 680 navis
534 634 706 679 natare
761 647 849 694 per
901 631 1122 679 fiuvium.
1209 631 1596 694 pulcherrimum
1656 634 1806 695 poeta
1868 648 1927 680 ex

233 707 488 754 occasione
527 707 691 753 tenuit
728 706 906 766 locum,
946 707 1151 767 propter
1187 706 1391 754 Aenean
1430 707 1620 754 factum
1657 709 1715 754 ut
1753 708 1927 754 contra

156 825 161 828 .
231 780 389 828 totius
450 779 767 842 antiquitatis
821 780 968 827 fidem
1023 780 1132 827 loca
1178 780 1268 828 illa
1316 783 1366 828 et
1411 782 1553 829 navis
1599 780 1826 829 viderent
1877 783 1927 827 et

233 856 450 902 armatos
477 856 529 900 in
560 854 785 902 navibus.
841 854 925 901 olli
947 854 1145 914 remiyio
1169 857 1442 914 noctemque
1465 855 1683 914 diemque
1712 855 1928 915 fatiyant

159 937 214 977 95
233 932 276 974 et
336 928 499 988 lonyos
559 932 795 987 superant
853 929 1007 986 flexas
1067 929 1314 989 variisque
1382 932 1607 989 teyantur
1667 929 1925 976 arboribus

231 1002 496 1061 viridisque
545 1005 710 1049 secant
747 1002 948 1061 placido
1000 1016 1204 1061 aequore
1253 1003 1430 1050 silvas:
1477 1002 1695 1051 ostendit
1735 1004 1924 1064 quanto

230 1076 394 1138 spatio
433 1077 670 1138 temporis
709 1077 990 1138 pervenisse
1029 1075 1328 1124 viderentur.
1397 1078 1540 1124 nocte
1579 1092 1702 1137 una,
1741 1077 1920 1138 inquit,

231 1153 280 1197 et
320 1149 398 1197 die
436 1150 585 1198 remis
625 1150 826 1198 fuerunt
864 1150 1047 1198 intenti
1086 1152 1136 1198 et
1165 1150 1470 1198 transierunt
1499 1151 1673 1214 longos
1706 1150 1923 1198 fluminis

229 1224 396 1273 flexus.
452 1224 563 1272 ideo
603 1226 892 1272 curvaturas
933 1226 982 1272 et
1018 1224 1305 1273 inflexiones
1335 1226 1528 1288 tetigit,
1569 1225 1688 1287 quia
1717 1224 1924 1272 flumina

231 1298 397 1346 omnia
442 1300 579 1346 recta
625 1313 729 1346 esse
775 1314 874 1346 non
921 1300 1142 1360 possunt.
1220 1315 1308 1360 per
1346 1315 1542 1347 omnem
1581 1301 1749 1346 autem
1786 1299 1923 1346 illius

229 1372 565 1435 navigationis
617 1387 816 1420 cursum
866 1375 915 1420 et
963 1373 1255 1434 placiditate
1304 1372 1552 1420 undarum
1601 1374 1682 1420 usi
1720 1374 1837 1420 sunt
1874 1374 1924 1420 et

230 1448 478 1508 opacitate
516 1462 786 1494 nemorum.
859 1447 930 1493 sol
967 1447 1177 1494 medium
1218 1447 1339 1494 caeli
1377 1447 1718 1494 conscenderat
1752 1448 1924 1507 tyneus

229 1521 410 1576 orbem,
452 1535 560 1568 cam
596 1535 762 1568 maros
795 1535 1044 1579 arcemque
1073 1521 1250 1580 procul
1281 1535 1339 1568 ac
1369 1535 1491 1568 rara
1522 1521 1773 1568 domorum
1804 1524 1921 1568 tecta

228 1594 414 1641 vident:
459 1594 587 1642 dixit
625 1610 767 1642 omne
804 1596 999 1656 tempus
1040 1611 1139 1656 quo
1187 1594 1524 1658 navigationis
1570 1596 1801 1656 peractus
1848 1597 1924 1641 est

229 1683 415 1729 cursus,
438 1684 569 1716 nunc
591 1669 766 1716 horam
790 1667 912 1715 dicit
936 1684 1037 1731 qua
1061 1669 1124 1716 ad
1155 1669 1318 1717 locum
1342 1670 1546 1716 ventum
1570 1670 1659 1729 est,
1688 1668 1922 1730 medium,

227 1742 416 1804 inquit,
458 1743 650 1790 caelum
688 1742 762 1791 sol
799 1743 1052 1804 tenuerat,
1090 1743 1200 1805 ipsa
1232 1744 1308 1790 est
1339 1745 1476 1790 sexta
1513 1743 1659 1803 hora,
1698 1743 1769 1803 et,
1809 1758 1922 1790 cum

227 1817 327 1863 iam
357 1832 457 1863 non
486 1818 773 1880 tegerentur
801 1816 958 1864 nimia
995 1816 1171 1864 umbra
1210 1816 1456 1877 arborum,
1498 1815 1807 1879 apparebant
1843 1816 1920 1864 his

228 1890 358 1937 muri
405 1891 645 1951 civitatis,
694 1906 780 1938 arx
828 1906 1024 1953 quoque
1072 1893 1122 1938 et
1158 1906 1274 1938 rara
1313 1890 1571 1938 domorum
1608 1892 1755 1938 tecta.
1832 1890 1920 1938 illo

227 1966 448 2025 tempore
496 1965 569 2012 ait
605 1980 719 2012 rara
759 1981 857 2027 quo
897 1964 1088 2012 Aeneas
1129 1966 1422 2025 accesserat,
1469 1978 1591 2024 qaae
1629 1979 1780 2021 nanc,
1827 1965 1922 2011 hoc

230 2040 306 2085 est
355 2053 468 2085 curn
506 2038 756 2102 Vergilius
795 2039 916 2086 haec
956 2038 1222 2099 scribebat,
1274 2039 1503 2086 Romana
1535 2039 1751 2097 potentia
1791 2038 1920 2086 caelo

127 2121 211 2162 100
229 2113 474 2170 aequavit,
539 2116 652 2159 tunc
711 2127 789 2159 res
842 2114 1008 2172 inopes
1060 2113 1337 2160 Euandrus
1397 2113 1615 2160 habebat.
1718 2113 1768 2159 et
1827 2112 1920 2159 hoc

228 2185 424 2233 Aeneae
461 2186 736 2235 virtutibus
770 2185 1069 2248 adplicatum
1102 2187 1332 2235 felicitati
1365 2187 1496 2234 enim
1525 2186 1780 2233 Romanae
1811 2186 1918 2247 ipse

226 2260 429 2307 initium
469 2260 618 2320 dedit,
657 2262 716 2307 ut
755 2277 813 2307 ex
851 2261 1031 2307 humili
1069 2262 1119 2308 et
1156 2277 1313 2322 parva
1350 2261 1489 2308 fieret
1525 2260 1686 2307 maior
1724 2261 1774 2307 et
1811 2276 1919 2321 per—

227 2334 418 2382 veniret
464 2335 658 2382 0111111011
706 2335 809 2382 eius
858 2334 921 2381 ad
961 2335 1167 2382 caelum.
1250 2336 1383 2382 ocius
1437 2334 1694 2382 advertunt
1738 2347 1919 2393 proras

227 2409 429 2468 urbique
451 2409 799 2468 propinquant.
855 2408 989 2456 ocius
1027 2408 1154 2470 ideo,
1194 2408 1312 2470 quia
1351 2407 1414 2456 ad
1445 2406 1779 2455 desideratum
1809 2423 1918 2469 per·

227 2484 466 2530 venerant
502 2482 679 2530 locum.
1724 2478 1726 2481 ’

226 2638 359 2681 vadis
396 2651 492 2680 nos.
545 2637 548 2695 Ι
598 2642 794 2682 struerat
824 2636 866 2679 V
906 2651 1019 2680 corr.
1053 2638 1124 2682 ed.
1261 2643 1283 2680 1
1323 2637 1516 2693 Thybris
1555 2649 1658 2679 cum
1697 2635 1917 2679 lemmate

229 2697 514 2753 coniungens
549 2697 616 2740 sic
653 2696 841 2751 scripsit
867 2696 922 2740 V:
963 2697 1023 2740 th.
1056 2699 1252 2741 miratur
1290 2702 1329 2740 et
1366 2695 1521 2739 undae
1554 2696 1784 2738 mirantur
1813 2709 1859 2738 n.
1884 2697 1914 2738 i.

229 2760 253 2798 2
287 2761 329 2799 et
359 2769 445 2798 om.
473 2755 544 2799 ed.
600 2803 605 2810 ⁴
653 2761 678 2799 5
710 2755 831 2799 unde
854 2755 896 2798 V
926 2756 1055 2799 unda
1087 2756 1157 2799 ed.
1210 2756 1214 2814 Ι
1264 2755 1520 2799 mirabatur
1551 2753 1621 2797 ed.
1737 2757 1763 2796 8
1794 2754 1916 2797 vide-

227 2820 327 2857 rent
360 2814 402 2857 V
443 2816 647 2859 veherent
687 2815 758 2858 ed.
882 2819 907 2857 9
951 2816 1063 2858 navi
1105 2815 1176 2858 ed.
1301 2819 1355 2858 16
1398 2827 1453 2858 ex
1483 2813 1756 2869 placiditate
1798 2812 1869 2856 ed.
1907 2812 1911 2870 Ι

227 2874 308 2916 ubi
337 2873 377 2915 V
416 2876 491 2917 asi
524 2887 607 2917 nos
645 2875 734 2917 tuti
765 2873 836 2917 ed.
959 2878 1014 2916 23
1046 2876 1144 2918 arci
1167 2873 1209 2917 V
1241 2887 1329 2918 arx
1359 2873 1429 2916 ed.
1553 2876 1609 2915 26
1640 2873 1792 2927 inopis
1815 2870 1867 2915 V.
1907 2871 1911 2929 Ι

229 2932 454 2976 Euander
485 2933 554 2976 ed.
680 2937 733 2975 29
768 2938 976 2977 avertunt
1007 2933 1078 2976 ed.

1956 911 2050 971 10¹

1956 1307 1997 1340 15

1954 1678 1997 1710 20

1951 2047 1996 2080 25

1950 2418 1993 2450 30
