2050 3226
797 179 1102 226 AENmnos
1133 180 1198 224 XI
1736 183 1846 238 495

279 323 492 372 Velocem
522 323 707 370 interea
737 322 929 382 superis
956 321 1013 370 in
1042 321 1237 370 sedibus
1271 319 1434 380 Opim,
1474 336 1629 370 unam
1663 336 1720 370 ex
1749 322 1847 370 vir·

147 398 345 459 finibus
389 397 532 445 sociis
578 410 815 456 sacraque
861 399 1075 452 caterva,
1127 395 1428 456 conpellabat
1474 397 1518 442 et
1560 395 1651 443 has
1697 396 1848 443 tristis

150 472 369 520 Latonia
405 485 541 519 voees
578 485 659 518 ore
697 470 868 519 dabat:
914 469 1080 518 Diana
1115 467 1170 517 in
1213 469 1348 518 caelo
1387 468 1555 532 posita
1600 485 1752 517 unam
1790 486 1849 517 ex
1867 482 1951 522 535

151 545 427 610 virginibus
460 559 584 608 quas
617 546 777 593 socias
807 543 987 592 habuit
1016 546 1067 592 et
1098 540 1218 607 Opis
1251 543 1511 604 diceretur,
1534 543 1850 605 conpellabat

30 661 36 668 .
102 633 121 666 5
150 620 244 668 hoc
265 621 344 668 est
367 619 743 682 adloquebatur.
783 619 945 667 tristis
968 619 1190 681 positum
1213 618 1290 667 est
1311 619 1363 666 et
1383 619 1679 667 remansisse
1703 619 1850 680 puta-

151 696 234 742 tur
270 693 515 742 incertum
561 695 733 742 utrum
771 692 930 742 tristis
970 691 1186 740 Latonia
1232 692 1375 756 virgo
1422 707 1565 741 voces
1606 691 1748 740 daret
1787 708 1851 740 an

151 767 308 816 tristis
347 783 515 817 voces:
567 767 756 816 dictum
791 767 886 816 hoc
930 766 1109 815 melius
1149 765 1345 816 adverti
1381 780 1481 814 non
1519 768 1707 829 potest,
1754 765 1853 815 nisi

151 857 340 890 morem
377 843 554 905 poetae
591 841 861 890 retinentes
894 857 1043 904 quem
1079 840 1263 903 ubique
1302 839 1522 890 servavit
1551 840 1628 890 bis
1658 840 1851 889 intelle-

152 931 327 980 gamus
358 917 543 977 tristis,
581 918 641 964 ut
673 916 837 979 qualis
877 914 1042 964 animo
1073 914 1174 963 fuit
1202 915 1327 963 talia
1356 914 1589 964 habuisse
1619 915 1853 964 videatur

80 1005 123 1037 ιο
153 992 203 1038 et
240 990 413 1038 verba:
463 989 670 1053 proinde
716 989 876 1038 tristis
915 988 1131 1038 Latonia
1177 1004 1320 1039 voces
1370 988 1530 1038 tristis
1578 989 1851 1038 emittebat.

149 1064 377 1125 graditur
415 1065 591 1113 bellum
630 1064 696 1113 acl
727 1064 917 1112 crudele
951 1063 1182 1119 Camilla,
1224 1078 1250 1111 o
1280 1063 1437 1124 viv-90,
1478 1067 1522 1111 et
1554 1065 1734 1112 nostris
1771 1077 1854 1111 ne-

153 1139 410 1199 quicquam
440 1139 650 1199 cinyitur
680 1139 858 1187 armis:
896 1139 947 1185 et
977 1152 1240 1200 personam
1271 1137 1442 1202 tetigit
1476 1137 1624 1186 simul
1659 1138 1708 1186 et
1739 1152 1852 1186 cau-

155 1228 283 1275 sam,
338 1228 456 1261 nam
502 1216 551 1262 et
597 1228 724 1275 quae
770 1212 867 1261 iret
913 1213 962 1260 et
1008 1227 1107 1274 quo
1154 1214 1383 1276 pergeret
1428 1211 1555 1259 dixit
1600 1213 1651 1260 et
1696 1210 1855 1260 futuri

155 1286 437 1335 certaminis
470 1286 681 1336 adversa
718 1285 1039 1347 monstravit,
1080 1285 1263 1349 quippe
1298 1285 1408 1334 ideo
1441 1285 1637 1334 crudele
1667 1285 1854 1334 bellum

82 1377 123 1410 15
155 1360 425 1422 adstruxit,
464 1377 564 1410 non
597 1377 694 1423 quo
735 1361 801 1409 sit
832 1359 1102 1423 aliquando
1141 1376 1241 1409 non
1281 1359 1501 1421 crudele,
1539 1360 1626 1408 sed
1665 1376 1723 1407 ex
1754 1374 1852 1423 quo

155 1435 521 1498 significaretur
561 1434 825 1484 Camillam
869 1451 970 1482 non
1017 1449 1121 1483 esse
1167 1435 1464 1496 redituram,
1517 1434 1729 1497 denique
1768 1433 1853 1482 ad-

155 1509 285 1558 didit
322 1509 511 1558 frustra
550 1525 661 1558 eam
691 1508 874 1558 divinis
907 1508 1057 1557 armis
1096 1510 1415 1571 instructam,
1452 1510 1630 1571 utpote
1669 1509 1752 1557 cui
1790 1507 1854 1557 ad

155 1585 581 1633 conservationem
613 1583 785 1632 salutis
816 1599 917 1632 non
941 1586 1106 1631 essent
1127 1583 1404 1645 profutura.
1461 1582 1679 1631 ostendit
1705 1585 1854 1646 poeta

155 1657 292 1706 omni
330 1659 586 1707 occasione
623 1658 821 1706 nullum
852 1657 999 1706 deum
1031 1657 1270 1720 opitulari
1301 1658 1537 1719 cuiquam
1566 1673 1711 1720 posse
1742 1673 1854 1705 cum

82 1749 125 1780 20
154 1732 263 1781 vita
298 1731 513 1780 hominis
550 1733 605 1780 in
642 1731 879 1780 ultimum
910 1734 1108 1796 cogitur
1137 1732 1297 1780 finem.
1353 1731 1566 1794 denique
1605 1732 1705 1780 alio
1744 1731 1854 1780 loco

156 1799 267 1873 (10,
292 1800 425 1874 470)
464 1822 554 1855 nec
591 1807 757 1869 ipsum
795 1806 964 1855 Iovem
1012 1806 1114 1854 filio
1162 1821 1250 1854 suo
1292 1804 1570 1868 Sarpedoni
1606 1806 1854 1868 profuisse

155 1882 370 1929 testatus
409 1882 498 1929 est.
558 1881 641 1929 hic
679 1895 817 1945 erg0,
858 1881 1094 1943 quoniam
1134 1882 1332 1942 poterat
1372 1878 1493 1943 Opis
1533 1879 1692 1928 dicere
1729 1880 1856 1928 nihil

157 1957 232 2003 est
268 1954 322 2001 in
358 1954 453 2002 hac
484 1970 633 2003 causa
667 1954 1008 2016 metuendum,
1048 1955 1286 2017 quoniam
1317 1952 1530 2003 Camilla
1569 1955 1721 2003 armis
1752 1953 1854 2004 tuis

157 2027 455 2090 defenditur,
477 2029 738 2091 praevenit
761 2029 926 2077 dicens
957 2029 1000 2076 it
1031 2028 1095 2076 ad
1118 2028 1304 2076 bellum
1334 2043 1434 2076 non
1461 2044 1673 2078 evasura
1695 2045 1854 2092 neque

84 2117 126 2150 25
158 2103 204 2150 ei
242 2102 466 2165 proderit
505 2102 637 2165 quod
683 2104 835 2152 armis
882 2103 1063 2152 nostris
1112 2103 1332 2151 accincta
1371 2104 1459 2151 est.
1536 2102 1681 2167 signa
1719 2102 1856 2152 dedit

157 2177 442 2237 moriturae,
474 2192 573 2224 non
603 2179 771 2225 tamen
802 2177 1082 2225 nominavit
1105 2177 1240 2239 quod
1263 2193 1363 2226 non
1386 2177 1588 2226 valebat
1618 2180 1854 2227 avertere.

157 2250 364 2313 nostriS,
401 2251 588 2313 inquit,
628 2251 801 2313 armiS,
855 2251 1055 2314 sagittis
1095 2250 1285 2300 scilicet
1322 2251 1500 2314 quibus
1541 2267 1653 2300 cum
1690 2251 1855 2300 Diana

159 2326 322 2373 sociae
367 2326 585 2388 virgines
632 2325 914 2373 utebantur.
992 2340 1111 2373 cara
1147 2326 1267 2375 mihi
1305 2328 1416 2374 ante
1455 2326 1608 2374 alias:
1657 2325 1853 2374 subtilis

159 2401 210 2447 et
231 2399 441 2447 honesta
473 2399 779 2461 conparatio,
832 2399 994 2447 voluit
1025 2399 1155 2447 enim
1187 2399 1311 2448 alias
1341 2400 1559 2448 multum
1590 2399 1685 2448 sibi
1715 2414 1853 2447 caras

85 2488 128 2519 30
159 2488 285 2535 esse,
325 2474 410 2522 sed
443 2472 706 2521 Camillam
744 2474 859 2536 plus
891 2489 1044 2535 quam
1081 2475 1268 2522 ceteras
1301 2474 1562 2535 cariorem,
1602 2489 1691 2521 nec
1730 2472 1856 2521 dixit

160 2548 321 2595 carior
364 2549 454 2596 aut
500 2548 758 2596 carissima
804 2549 854 2596 et
897 2549 1067 2596 tamen
1114 2547 1277 2611 ipsam
1328 2548 1555 2597 omnibus
1602 2546 1854 2610 praetulit.

279 2709 304 2747 2
337 2704 615 2760 conpellebat
637 2702 691 2746 V.
814 2708 842 2747 4
873 2708 915 2748 et
937 2703 979 2747 V
1010 2718 1125 2760 quae
1157 2705 1226 2748 ed.
1262 2705 1341 2748 sed
1375 2703 1432 2748 cf.
1466 2708 1507 2756 5,
1534 2707 1632 2748 328.
1681 2703 1685 2761 Ι
1737 2703 1855 2747 dice-

162 2762 297 2807 batwr
327 2763 398 2806 ed.
433 2763 514 2807 scd
547 2762 604 2806 cf.
632 2766 731 2806 820.
781 2762 784 2819 Ι
836 2763 1120 2819 compellavit
1157 2764 1228 2808 ed.
1355 2767 1380 2805 5
1421 2763 1657 2818 alloquuta
1687 2767 1752 2806 est
1781 2762 1853 2806 ed.

163 2825 188 2864 6
219 2827 373 2866 utrum
402 2823 548 2867 tristis
571 2821 612 2863 V
643 2836 707 2865 an
738 2822 887 2866 tristes
918 2821 989 2867 ed.
1084 2827 1107 2866 7
1133 2824 1289 2878 potuit
1311 2822 1382 2866 ed.
1476 2825 1500 2864 9
1534 2822 1692 2865 anima
1715 2820 1758 2864 V
1782 2821 1853 2865 ed.

164 2883 218 2922 10
249 2894 372 2925 voces
403 2883 552 2926 tristes
575 2880 616 2923 V
641 2880 711 2924 cd.
823 2885 875 2925 15
908 2895 994 2938 quo
1017 2881 1059 2925 V
1090 2882 1210 2938 quod
1241 2881 1312 2925 ed.
1424 2886 1479 2924 22
1512 2895 1649 2936 quum
1675 2885 1856 2936 poterat

163 2938 234 2983 ed.
349 2945 405 2983 24
436 2954 530 2984 non
560 2953 754 2984 evasura
776 2939 819 2983 V
850 2941 1025 2985 temere
1055 2943 1167 2984 mut.
1199 2941 1270 2984 ed.
1386 2944 1442 2983 30
1475 2945 1515 2984 et
1547 2940 1790 2985 Camillam
1813 2939 1855 2982 V

164 3011 277 3042 corr.
311 2998 426 3042 edF.
479 2999 484 3057 Ι
533 3000 643 3055 plus
674 3013 810 3055 quam
841 3005 1008 3045 ceteras
1039 3002 1258 3045 cariorem
1283 2998 1322 3042 V
1354 3000 1510 3045 ceteris
1540 2999 1681 3044 multo
1712 3012 1747 3044 c.
1782 2999 1853 3043 ed.
