2050 3226
269 207 377 261 578
747 205 980 251 DONATI
1008 204 1289 249 INTERPR.
1313 205 1494 251 VERG.

267 345 554 407 invocabat,
592 348 650 393 ut
685 344 970 394 testimonio
1009 347 1174 393 essent
1202 344 1516 394 firmantibus
1546 346 1763 395 foedera.
1821 347 1961 396 nulla

267 420 371 468 dies
400 434 575 480 pacem
611 420 737 468 hanc
774 419 923 467 Italis
959 433 1047 466 nee
1081 418 1281 478 foedera
1323 423 1532 479 rumpet,
1585 435 1676 480 quo
1714 434 1792 468 res
1831 435 1960 469 cum-

265 507 355 555 que
392 494 586 542 cadent:
636 493 842 542 dicendo
891 508 988 554 quo
1035 507 1112 541 res
1164 508 1374 555 cumque
1420 493 1598 542 cadent
1643 493 1863 543 ostendit
1908 510 1959 544 se

265 568 485 616 medium
521 568 653 615 inter
690 566 812 615 duos
852 567 994 629 eique
1035 582 1084 614 se
1129 569 1443 615 servaturum
1479 567 1627 616 fidem
1665 569 1754 630 qui
1791 571 1960 630 posset

267 642 479 690 alterum
528 655 776 703 superare.
851 654 938 688 nee
973 655 1049 688 me
1086 641 1161 688 vis
1204 641 1311 689 ulla
1348 641 1579 689 volentem
1617 646 1818 690 avertet:
1859 659 1959 692 non
2013 657 2029 690 5

264 732 343 764 me
383 716 573 764 avertet
603 715 664 762 ab
693 714 840 763 istius
873 714 1083 763 foederis
1115 714 1210 762 fide
1241 730 1330 762 nec
1361 714 1435 763 vis
1466 715 1572 763 ulla
1601 731 1692 765 nec
1726 717 1957 766 voluntas

263 806 395 851 mea,
433 789 527 837 hoc
565 790 640 837 est
670 805 770 837 non
800 788 1005 836 mutabo
1037 790 1091 836 in
1122 787 1423 838 contrariam
1453 791 1750 838 sententiam
1779 806 1958 852 meam,

264 879 352 911 nec
384 863 427 911 si
456 865 531 911 vis
561 862 732 911 inruat
759 862 921 911 maior
952 879 1078 926 quae
1109 879 1188 910 me
1219 863 1312 911 hoc
1342 863 1504 925 ipsum
1535 864 1662 913 velle
1693 865 1956 928 conpellat.

161 948 247 989 205
263 952 380 993 non,
421 938 466 984 si
500 937 717 984 tellurem
753 937 989 997 infundat
1024 938 1078 984 in
1108 937 1271 985 undas
1302 937 1484 985 diluvio
1515 938 1720 986 miscens
1751 939 1956 987 caebum-

263 1025 351 1070 que
389 1011 443 1058 in
476 1011 693 1059 Tartara
730 1011 909 1059 solvat:
946 1027 1068 1072 non,
1106 1011 1298 1073 inquit,
1336 1014 1573 1074 rumpant
1605 1013 1756 1061 istam
1785 1028 1957 1075 pacem
1990 1030 2009 1061 1

262 1087 313 1133 et
343 1086 546 1147 exponit
585 1084 706 1148 quid
745 1086 812 1133 sit
850 1086 926 1133 vis
964 1084 1144 1133 maior:
1183 1101 1274 1133 nec
1306 1086 1350 1133 si
1378 1087 1646 1134 misceatur
1674 1089 1806 1135 terra
1844 1102 1956 1135 cum

261 1160 439 1223 pelago
491 1161 582 1207 aut
628 1159 820 1207 caelum
867 1159 930 1207 ad
974 1159 1158 1208 inferos
1206 1159 1414 1208 decidat.
1490 1163 1544 1207 ut
1588 1164 1828 1220 sceptrum
1871 1161 1958 1209 hoc

262 1233 455 1292 (dextra
469 1236 711 1292 sceptrum
725 1248 844 1281 nam
861 1234 985 1293 forte
996 1234 1231 1294 yerebat):
1255 1233 1395 1281 aliud
1415 1234 1704 1296 inpossibile
1728 1237 1958 1296 coeperat

261 1307 420 1356 dicere
458 1310 509 1355 et
547 1308 620 1355 ait
657 1310 715 1355 ut
753 1308 1001 1370 sceptrum
1038 1308 1130 1356 hoc
1170 1310 1219 1356 et
1256 1308 1559 1370 interposuit
1596 1311 1745 1371 poeta
1785 1309 1956 1357 dextra

259 1385 511 1444 sceptrum
549 1397 666 1429 nam
704 1382 834 1429 forte
873 1381 1096 1445 gerebat,
1137 1381 1312 1430 dehinc
1349 1382 1480 1444 quod
1519 1381 1758 1431 diviserat
1794 1383 1958 1431 reddit
1989 1399 2006 1430 1

259 1471 526 1516 numquam
549 1456 723 1515 fronde
747 1456 839 1503 levi
861 1456 1034 1515 fundet
1061 1456 1274 1516 viryulta
1304 1470 1390 1503 nec
1419 1457 1643 1513 umbras,
1678 1472 1785 1505 eum
1813 1457 1957 1506 semel

260 1544 284 1577 e
321 1530 459 1577 silvis
495 1530 613 1586 ime,
647 1530 705 1577 de
735 1530 904 1590 stirpe,
936 1531 1144 1577 recisum
1173 1533 1327 1578 matre
1357 1534 1487 1578 caret
1512 1532 1764 1591 posuitque
1795 1545 1956 1579 comas

156 1613 242 1653 210
260 1607 302 1651 et
333 1603 559 1652 bracchia
587 1604 741 1663 ferr0,
781 1604 896 1651 olim
927 1605 1091 1660 arbOS,
1128 1618 1260 1652 nime
1290 1605 1495 1662 artificis
1524 1619 1704 1652 manus
1736 1619 1846 1652 aere
1877 1605 1955 1652 de-

259 1692 366 1725 coro
396 1678 594 1726 inclusit
614 1679 935 1737 patribusque
973 1678 1104 1725 dedit
1128 1681 1316 1738 qestare
1346 1678 1570 1726 Latinis:
1606 1694 1847 1742 magnum
1879 1678 1953 1725 in-

258 1751 490 1814 possibile
530 1753 682 1800 etiam
718 1752 800 1800 hic
837 1753 1018 1814 posuit.
1081 1754 1139 1800 ut
1178 1753 1308 1800 enim
1347 1751 1537 1800 ferebat
1578 1755 1842 1815 sceptrum,
1881 1752 1954 1801 ait

258 1826 503 1886 quomodo
536 1827 629 1875 hoc
662 1828 932 1888 sceptrum,
973 1826 1106 1888 quod
1143 1825 1267 1873 mihi
1298 1825 1627 1889 regendorum
1658 1825 1953 1875 Latinorum

258 1915 407 1947 causa
445 1900 620 1948 datum
659 1902 754 1961 est,
801 1916 859 1948 ex
898 1915 995 1963 quo
1035 1916 1065 1948 a
1102 1902 1260 1948 matre
1300 1899 1549 1948 abscisum
1587 1903 1683 1960 est,
1729 1916 1818 1949 nec
1856 1900 1952 1949 vir-

257 1974 398 2036 gulta
428 1974 532 2021 iam
562 1976 727 2035 potest
757 1989 846 2022 nec
877 1973 1074 2022 frondes
1107 1975 1346 2035 emittere,
1379 1975 1449 2022 sic
1482 1990 1572 2038 ego
1600 1991 1699 2022 non
1723 1974 1954 2023 mutabor

255 2063 345 2094 nec
375 2047 610 2096 movebor
641 2063 670 2095 a
700 2047 1044 2111 praesentibus
1069 2048 1282 2109 placitis.
1335 2048 1434 2095 imo
1467 2048 1527 2096 de
1558 2048 1712 2111 stirpe
1742 2049 1952 2096 recisum

256 2121 300 2169 si
322 2122 600 2184 iungamus,
618 2123 853 2170 faciemus
878 2123 1083 2184 stirpem
1106 2138 1282 2186 genere
1297 2123 1572 2170 masculino
1597 2124 1770 2170 contra
1792 2122 1950 2185 ipsius
1982 2136 2033 2169 25.

255 2195 467 2259 Vergilii
499 2197 810 2257 sententiam,
843 2199 932 2258 qui
956 2195 1180 2244 omnibus
1206 2197 1326 2244 locis
1352 2197 1555 2258 stirpem
1578 2196 1814 2245 feminino
1838 2211 1949 2258 pro·

254 2269 374 2316 tulit
398 2285 587 2333 genere,
610 2272 668 2317 ut
692 2263 909 2336 (3,326)
935 2270 1142 2333 „stirpis
1167 2270 1420 2318 Achilleae
1445 2271 1603 2318 fastus
1614 2269 1641 2293 “
1666 2274 1716 2317 et
1733 2263 1947 2335 (7‚293)

255 2344 379 2404 „heu
412 2343 616 2406 stirpem
647 2343 890 2391 invisam“
916 2346 966 2392 et
988 2343 1068 2392 hic
1094 2360 1289 2406 quoque
1315 2360 1413 2391 non
1438 2345 1596 2391 multo
1622 2359 1771 2406 supra
1791 2337 1948 2409 (166)

254 2418 400 2478 „hinc
422 2419 565 2480 pater
588 2416 796 2477 Aeneas,
814 2419 1066 2465 Romanae
1091 2419 1258 2480 stirpis
1283 2417 1465 2481 origo“.
1509 2419 1639 2465 hunc
1663 2417 1948 2479 scrupulum

254 2492 340 2553 qui
365 2491 611 2539 declinare
635 2491 850 2538 voluerit
874 2493 943 2539 sic
967 2493 1288 2552 pronuntiare
1313 2492 1457 2539 debet
1481 2494 1532 2539 et
1555 2493 1624 2539 sic
1647 2491 1947 2553 intellegere,
1979 2506 2022 2537 30

253 2567 311 2613 ut
342 2565 475 2626 quod
508 2565 692 2613 dictum
725 2566 801 2613 est
829 2566 929 2613 imo
962 2568 1237 2627 separetur,
1276 2568 1335 2614 ut
1365 2566 1431 2614 sit
1463 2566 1523 2613 ab
1554 2567 1654 2613 imo
1688 2564 1946 2625 abscisum,

373 2725 397 2764 9
437 2721 658 2775 infundat
688 2719 729 2762 V
768 2721 976 2775 effundat
1006 2721 1076 2764 ed.
1111 2723 1157 2764 et
1188 2721 1325 2778 Verg.
1359 2721 1483 2764 libri.
1608 2725 1660 2764 11
1700 2721 1761 2764 sit
1799 2721 1946 2764 nzaior

252 2779 294 2822 V
319 2780 389 2823 ed.
423 2795 456 2824 s.
483 2795 539 2824 m.
565 2781 634 2824 vis
665 2779 735 2823 ed.
767 2782 887 2834 post.
919 2780 980 2823 sit
1009 2781 1077 2822 vis
1107 2795 1163 2823 m.
1197 2794 1294 2824 nos.
1411 2785 1464 2823 13
1498 2780 1696 2824 aliud—
1717 2783 1771 2822 15
1795 2779 1945 2823 reddit

254 2853 340 2882 om.
368 2840 438 2882 ed.
534 2844 586 2882 16
618 2839 790 2893 fundat
820 2838 891 2882 ed.
984 2843 1037 2880 17
1064 2853 1084 2881 e
1107 2840 1235 2882 silvis
1259 2839 1300 2882 V
1323 2841 1375 2883 in
1397 2854 1431 2883 s.
1459 2839 1529 2883 ed.
1557 2840 1603 2881 et
1627 2836 1763 2893 Verg.
1782 2836 1904 2881 libri.
1936 2839 1939 2895 ζ

251 2899 305 2941 de
329 2899 468 2953 stirpe
493 2898 704 2953 separavi
729 2910 817 2941 sec.
843 2897 1032 2951 interpr.
1118 2902 1171 2940 19
1189 2899 1404 2953 patribus
1428 2898 1526 2941 sine
1551 2910 1634 2953 que
1650 2895 1703 2939 V.
1785 2901 1839 2939 22
1865 2898 1943 2941 ab·

252 2971 444 3000 scessum
468 2963 531 3002 est
550 2956 588 2999 V
605 2958 850 3000 abscissum
873 2961 915 3000 et
938 2956 1009 3000 ed.
1029 2957 1252 3000 abscisum
1269 2957 1409 3013 (quod
1430 2957 1554 3000 infra
1571 2955 1711 2999 etiam
1723 2954 1766 2999 V
1781 2955 1940 3011 habet)

252 3021 315 3059 est
348 3030 444 3060 noe.
567 3020 623 3059 24
649 3016 966 3071 praesentibus
991 3015 1191 3070 placidis
1215 3014 1257 3058 V
1279 3016 1514 3071 praesenti
1541 3015 1719 3069 foedere
1751 3015 1821 3058 ed.
