2050 3226
199 165 308 218 492
670 163 903 208 DONATI
932 162 1213 208 INTERPR.
1238 162 1419 208 VERG.

199 303 363 365 coepit
393 303 439 351 ei
469 302 853 365 dispositionum
883 319 1087 351 suarum
1117 304 1305 352 secreta
1336 303 1657 352 committere.
1710 302 1888 350 relatio

197 379 367 425 tamen-
388 377 500 439 ipsa
522 393 623 426 non
645 377 875 426 fabulosa
905 377 1019 438 fuit,
1049 376 1135 424 sed
1163 378 1378 439 tempori
1399 376 1697 426 necessaria:
1728 377 1888 440 loqui-

196 452 302 512 tur,
323 451 519 513 inquit,
550 452 686 500 fama
715 451 863 499 fidem
891 467 1074 499 rerum.
1125 466 1203 499 res
1234 466 1366 501 nova
1395 452 1516 500 fuit:
1551 452 1687 500 fama
1716 451 1888 513 loque-

196 527 334 573 retur
357 525 628 587 aliquando
654 526 788 587 quod
812 524 945 573 credi
976 525 1247 574 debuisset!
1288 525 1409 574 dicit
1433 525 1534 573 iam
1561 525 1692 573 unde
1722 525 1890 587 potuit

195 598 303 647 fieri
339 601 398 647 ut
435 600 572 648 fama
606 598 697 647 illa
734 598 954 648 veridica
991 598 1309 661 probaretur:
1354 599 1591 662 missique
1629 601 1890 662 reportant
1941 613 1962 646 5
2044 598 2049 648 ξ

197 673 546 736 exploratores.
622 672 757 734 quod
795 672 922 721 dixit
957 672 1116 734 fama,
1159 674 1253 721 hoc
1300 672 1558 735 adserunt,
1602 673 1792 736 inquit,
1839 675 1890 721 et

167 748 284 814 ‘qui
322 748 634 809 exploratum
679 746 821 795 missi
859 749 996 808 sunt,
1041 746 1343 809 perindeque
1388 763 1488 796 non
1534 747 1775 796 creditum
1814 748 1890 795 est

194 823 377 869 temere
402 821 536 884 quod
558 821 694 869 fama
716 820 940 883 pertulit,
965 822 1085 884 quia
1116 821 1502 870 confirmabatur
1517 820 1887 871 adseveratione

194 895 466 944 multorum
498 896 548 942 et
579 910 751 943 eorum
783 911 998 957 quorum
1029 895 1251 943 officium
1281 897 1358 943 est
1378 896 1507 944 nihil
1535 895 1766 944 nuntiare
1789 895 1889 943 nisi

196 969 328 1031 quod
366 970 433 1017 sit
469 970 618 1031 plena
656 970 871 1019 veritate
908 970 1182 1018 suffultum.
1249 985 1366 1017 nam
1400 970 1514 1018 inde
1546 970 1640 1018 hoe
1669 971 1888 1018 tractum
1921 983 1963 1015 ιο

196 1045 270 1091 est
316 1044 684 1105 exploratorum
732 1060 935 1105 nomen,
986 1044 1105 1105 quia
1151 1044 1408 1106 explorata.
1449 1044 1616 1092 ferunt
1669 1044 1764 1092 hoc
1814 1047 1889 1092 est

194 1119 429 1179 conperta
460 1120 610 1180 atque
635 1117 870 1167 discussa.
923 1117 1071 1166 fidem
1101 1117 1175 1166 bis
1202 1118 1436 1166 debemus
1467 1118 1710 1181 accipere:
1740 1116 1889 1165 fidem

194 1191 366 1240 attulit
403 1192 560 1253 fama,
598 1192 746 1240 fidem
784 1193 1064 1240 attulerunt
1102 1193 1451 1255 exploratores,
1514 1193 1724 1253 equitum
1763 1192 1890 1240 levia

192 1266 427 1325 inprobus
454 1281 598 1314 arma
620 1267 893 1326 praemisit,
918 1270 1169 1325 quaterent
1198 1281 1417 1327 campos:
1454 1266 1719 1330 inprobum
1750 1265 1888 1327 dixit,

192 1356 252 1387 ne
290 1339 550 1389 inimicum
588 1356 734 1388 suum
772 1341 876 1389 sine
914 1340 1214 1389 laceratione
1244 1342 1502 1402 transiret,
1541 1341 1621 1389 vel
1659 1339 1774 1388 inde
1811 1341 1887 1387 in·
1920 1351 1961 1386 15

192 1413 424 1476 probum,
476 1415 594 1477 quia
639 1415 828 1463 bellum
869 1414 1009 1476 prior
1057 1415 1325 1478 repetebat.
1401 1415 1534 1464 levia
1583 1429 1745 1475 arma,
1794 1414 1888 1462 hoc

192 1490 267 1536 est
305 1488 559 1551 expeditos
591 1490 808 1552 equites,
846 1487 1104 1552 praemisit
1142 1489 1206 1537 ad
1235 1490 1328 1537 hoc
1367 1490 1548 1550 solum,
1587 1490 1647 1536 ut
1687 1488 1887 1551 ungulis

191 1562 449 1611 verberent
487 1578 687 1625 campos
727 1562 1075 1612 ostentationis
1115 1578 1267 1611 causa
1305 1564 1355 1611 et
1390 1565 1595 1626 propter
1623 1562 1886 1625 tegendam

191 1636 439 1698 fraudem,
478 1653 577 1685 non
615 1639 786 1686 tamen
815 1639 875 1684 ut
906 1639 1153 1685 certamen
1187 1637 1475 1699 inciperent.
1535 1635 1744 1699 proinde
1774 1637 1885 1683 nul-

190 1709 296 1758 lum
335 1711 596 1760 adserebat
633 1727 738 1760 esse
767 1713 1029 1773 terrorem,
1069 1711 1269 1774 quando
1299 1710 1384 1759 ille
1423 1712 1666 1759 exercitus
1699 1710 1764 1758 ad
1792 1711 1885 1758 hoc
1916 1724 1960 1756 20

191 1787 407 1847 venerat,
438 1787 497 1834 ut
525 1785 786 1848 proludere
813 1785 980 1849 potius
1006 1802 1156 1849 quam
1188 1786 1253 1833 ad
1283 1787 1532 1833 certamen
1562 1783 1886 1833 exercendum

189 1860 380 1907 venisse
397 1860 663 1909 videretur.
686 1861 791 1919 ipse
813 1860 977 1908 ardua
997 1861 1174 1907 montis
1189 1874 1283 1920 per
1298 1859 1486 1907 deserta
1509 1860 1620 1920 iuyo
1644 1872 1886 1918 superans

191 1933 421 1981 adventat
450 1934 517 1981 ad
553 1936 746 1983 urbem:
789 1935 896 1996 ipse
933 1950 1022 1996 per
1058 1934 1243 1983 montis
1285 1933 1480 1982 deserta
1519 1935 1570 1981 et
1607 1933 1764 1980 ardua
1802 1948 1883 1982 su·

190 2022 391 2068 perans,
436 2008 529 2055 hoc
569 2011 644 2057 est
682 2008 745 2057 ad
782 2009 949 2071 ipsum
988 2023 1223 2056 cacumen
1262 2007 1552 2068 ascendens,
1597 2009 1883 2055 transcenso

190 2081 373 2130 montis
411 2081 529 2144 iugo
570 2082 633 2130 ad
663 2082 839 2130 urbem
867 2081 1034 2130 venire
1067 2082 1326 2145 disposuit.
1382 2081 1612 2143 conpleta
1641 2081 1883 2129 relatione
1915 2092 1957 2125 25

191 2155 574 2217 dispositionum
621 2156 779 2218 partis
832 2155 1078 2217 diversae,
1130 2157 1183 2204 in
1238 2172 1340 2218 qua
1392 2155 1610 2204 ostendit
1662 2154 1883 2203 laborem

192 2228 430 2277 Camillae
460 2245 560 2277 non
590 2230 695 2277 fore
727 2230 885 2292 oneri,
917 2245 1062 2278 suum
1091 2246 1231 2291 vero,
1261 2229 1350 2278 ubi
1378 2229 1485 2292 ipse
1516 2229 1708 2278 Aeneas
1741 2230 1882 2288 esset,

190 2304 418 2351 futurum
440 2318 544 2351 esse
566 2305 819 2364 maiorem,
844 2304 1163 2352 consiliorum
1185 2306 1503 2366 propriorum
1524 2303 1701 2365 incipit
1722 2302 1880 2365 partis

89 2386 172 2425 515
189 2379 391 2426 intrare.
467 2380 625 2437 furta,
669 2377 857 2440 inquit,
897 2393 1025 2437 paro
1065 2379 1199 2426 belli:
1247 2378 1437 2426 furtum
1481 2377 1601 2425 belli
1646 2378 1720 2424 est
1759 2391 1882 2444 ¹cum

190 2468 289 2499 non
328 2454 500 2514 aperto
547 2452 834 2512 certamine,
884 2451 970 2499 sed
1017 2453 1142 2500 dolis
1189 2453 1238 2500 et
1282 2451 1459 2499 fraude
1508 2451 1572 2498 ad
1620 2448 1882 2499 victoriam
1912 2462 1955 2494 30

189 2525 426 2574 tenditur.
487 2524 662 2573 devexo
693 2526 747 2572 in
777 2526 968 2573 tramite
997 2526 1151 2574 silvae
1179 2529 1234 2573 ut
1260 2527 1418 2574 bivias
1441 2526 1630 2573 armato
1660 2523 1880 2571 obsidam

189 2600 338 2647 milite
374 2602 567 2659 fauces:
611 2600 704 2647 hoc
743 2600 850 2646 erat
887 2599 1079 2647 furtum
1116 2599 1257 2661 belli,
1301 2601 1381 2648 cui
1425 2601 1607 2647 natura
1645 2596 1740 2645 loci
1780 2597 1879 2644 suf-

310 2745 335 2783 3
373 2741 466 2795 fuit
499 2740 542 2784 V
579 2741 612 2794 f.
649 2745 702 2785 ut
739 2739 811 2784 ed.
944 2744 969 2783 5
1012 2740 1066 2794 fa
1094 2741 1180 2784 illa
1213 2739 1269 2784 V.
1402 2743 1428 2783 8
1471 2740 1765 2794 confirmatur
1806 2737 1877 2780 ed.

193 2803 248 2843 10
272 2800 423 2855 plana
445 2799 487 2842 V
510 2801 653 2855 plena
684 2812 798 2843 corr.
831 2798 902 2843 ed.
1011 2803 1065 2841 15
1096 2800 1315 2843 transiret
1335 2798 1379 2843 V
1402 2798 1776 2854 praetermitteret
1806 2796 1876 2839 ed.

193 2862 246 2901 17
290 2859 477 2915 unyulis
509 2858 553 2902 V
593 2860 761 2902 iaculis
803 2858 873 2901 ed.
1013 2861 1067 2900 18
1107 2859 1336 2903 verberent
1369 2857 1411 2901 V
1446 2857 1517 2900 ed.
1563 2856 1878 2900 verberarent?

193 2922 247 2960 21
273 2917 518 2973 proludere
540 2917 582 2960 V
606 2918 669 2961 ad
691 2916 1056 2973 praeludendum
1081 2916 1153 2960 ed.
1246 2921 1301 2959 23
1334 2921 1376 2961 et
1406 2930 1493 2959 om.
1520 2914 1635 2958 edF.
1721 2918 1776 2957 26
1809 2914 1879 2958 la-

193 2977 293 3021 bore
316 2975 358 3019 V
390 2990 503 3020 corr.
537 2976 609 3020 ed.
732 2980 785 3019 31
819 2976 982 3021 devexo
1005 2974 1048 3018 V
1072 2975 1143 3019 ed.
1176 2989 1371 3020 convexo
1401 2973 1512 3018 libri
1534 2973 1672 3030 Verg.
1706 2986 1878 3017 omnes.
