2050 3226
0 1422 85 1454 ‘15

43 1791 87 1824 20

44 2162 86 2194 85

46 2531 90 2564 80

758 229 1063 275 AENEmos
1094 229 1158 274 1x
1697 232 1806 286 245

116 372 333 420 exitium.
402 370 583 419 diversi
621 370 1038 430 circumspiciant.-
1076 385 1176 418 non
1215 383 1382 418 omnes
1421 385 1575 418 unam
1613 372 1807 432 partem

114 445 459 506 intuebantur,
506 442 592 494 sed
631 443 721 492 alii
759 444 933 505 aliam,
978 444 1200 493 volentes
1247 441 1389 492 missi
1425 443 1516 491 teli
1555 445 1809 492 auctorem

115 521 166 568 et
202 517 323 568 mali
359 518 491 567 tanti
522 517 765 582 originem
802 533 960 567 nosse.
1035 518 1123 566 hoc
1163 517 1324 566 acrior
1364 518 1493 566 idem
1531 531 1632 566 ecce
1670 518 1810 565 aliud

114 608 306 642 summa
345 592 491 640 telwm
529 592 741 641 librabat
778 593 839 640 ab
880 606 1024 640 aare:
1068 607 1252 656 magna
1290 592 1435 654 copia
1474 591 1810 653 describentis,

113 682 298 731 magna
328 667 569 715 varietas:
608 681 760 729 supra
792 665 920 715 dixit
950 665 1164 714 adducto
1196 665 1383 714 lacerto
1407 666 1616 714 missum
1638 666 1810 727 telum,

114 741 195 790 hic
244 741 373 789 dixit
421 739 483 789 ab
534 756 654 789 aure
702 740 933 789 librabat.
1018 739 1105 788 ubi
1153 739 1310 805 igitur
1358 740 1575 803 primum
1624 739 1812 788 iactum

115 816 318 864 eventus
360 817 650 864 consecutus
690 817 787 876 est,
835 815 998 863 acrior
1042 815 1207 863 factus
1245 814 1459 877 parabat
1497 814 1710 862 alterum
1749 814 1810 863 ab

112 890 224 952 ipsa
274 905 415 951 aure3
467 891 658 952 quanto
708 888 841 937 enim
889 891 1161 937 retrorsum
1213 887 1413 937 ducitur
1461 889 1618 936 telum
1667 889 1810 936 tanto

113 965 242 1012 ictus
281 965 333 1012 et
369 962 568 1027 longius
607 963 748 1012 vadit
786 965 837 1011 et
874 963 1054 1012 fortior
1090 963 1332 1025 pervenit.
1395 963 1512 1011 diem
1551 963 1810 1023 trepidant,

112 1038 151 1085 it
198 1037 342 1086 kasta
393 1038 527 1098 Tayo
573 1051 664 1098 per
716 1041 903 1098 tempas
955 1041 1212 1096 utrumqne
1264 1036 1474 1085 stridens
1526 1037 1812 1096 traiectoque

113 1112 268 1160 haesit
313 1112 550 1171 tepefacta
597 1112 811 1160 cerebro:
857 1111 973 1160 dum
1012 1111 1194 1159 Rutuli
1230 1109 1380 1159 unius
1419 1126 1540 1159 casu
1579 1111 1813 1159 commoti

113 1185 403 1247 turbantur,
435 1201 698 1248 percussus
730 1188 806 1234 est
836 1185 990 1234 etiam
1020 1186 1182 1250 Tag03
1220 1200 1338 1232 nam
1367 1201 1457 1247 per
1487 1184 1592 1234 eius
1623 1187 1812 1233 utrum-

116 1276 210 1323 que
248 1262 445 1323 tempus
476 1260 693 1308 transiit.
755 1276 934 1308 nomen
963 1259 1110 1309 istius
1140 1261 1491 1322 monoptotum
1523 1259 1813 1321 declinavit3

115 1351 232 1383 nam
272 1333 456 1383 diceret
494 1350 582 1397 per
613 1334 831 1398 Tagonis
871 1337 1140 1397 utrumque
1178 1336 1374 1396 tempus
1414 1334 1614 1382 transiit
1650 1334 1812 1382 hasta.

114 1409 268 1456 saevit
321 1411 460 1457 atrox
505 1408 712 1456 Valcens
761 1423 848 1456 nec
898 1409 979 1456 teli
1029 1409 1261 1467 conspicit
1308 1423 1520 1468 nsquam
1570 1411 1814 1456 auctorem
1830 1417 1916 1457 420

115 1496 201 1531 nec
250 1497 341 1543 qao
386 1497 438 1530 se
483 1482 664 1531 ardens
709 1483 949 1530 inmittere
987 1483 1171 1542 possit‚·
1213 1474 1333 1545 'plus
1384 1481 1515 1531 enim
1566 1481 1815 1531 crescebat

115 1555 375 1605 iracundia
412 1557 542 1619 eius,
583 1557 717 1619 quod
751 1558 928 1605 auctor
966 1557 1090 1605 facti
1127 1572 1228 1605 non
1260 1555 1535 1620 apparebat
1573 1573 1662 1605 nec
1702 1571 1814 1604 con-

116 1630 285 1679 stabat
332 1629 462 1679 unde
515 1631 643 1679 ultio
698 1630 951 1680 debuisset
1004 1630 1216 1694 exposci.
1310 1634 1362 1679 tn
1416 1634 1577 1679 tamen
1628 1632 1814 1679 interea

117 1705 272 1755 calido
329 1705 450 1753 mihi
501 1706 742 1766 sanquine
791 1720 980 1765 poenas
1029 1705 1273 1766 persolves
1321 1705 1575 1754 amborum
1634 1706 1814 1764 inquit:

118 1779 355 1842 quoniam
404 1779 550 1840 latet,
598 1778 788 1842 inquit,
843 1779 1004 1828 socius
1056 1781 1197 1841 tuus,
1246 1781 1304 1828 tu
1353 1778 1554 1827 interim
1605 1778 1815 1827 duorum

116 1869 301 1916 poenas
347 1853 605 1916 expendes
682 1853 830 1902 simul
876 1868 986 1902 ense
1031 1854 1217 1902 recluso
1265 1854 1370 1902 ibat
1413 1853 1467 1901 in
1511 1853 1791 1914 Euryalum
1800 1870 1816 1900 .·

119 1928 270 1976 dictio
317 1928 437 1976 irati
482 1927 678 1976 fervens
725 1929 848 1976 satis
897 1930 947 1977 et
991 1927 1176 1990 brevis;
1223 1943 1323 1975 non
1369 1929 1502 1975 enim
1546 1930 1599 1976 in
1638 1928 1816 1989 verbiS,

118 2001 204 2049 sed
234 2002 287 2049 in
319 2001 453 2050 facto
484 2001 612 2050 ultio
651 2001 816 2050 fuerat
845 2002 1162 2065 reposcenda.
1230 2002 1340 2051 ibat
1368 2001 1525 2067 igitur
1561 2003 1615 2050 in
1653 2002 1814 2064 Eury·

118 2076 254 2124 alum
292 2075 470 2124 educto
509 2076 675 2140 gladio
708 2078 758 2125 et
794 2078 971 2139 parato
1004 2076 1066 2124 ad
1099 2077 1389 2125 feriendum.
1450 2080 1552 2124 tam
1588 2090 1700 2124 vero
1739 2090 1816 2124 ex-

118 2150 313 2198 territus
352 2164 520 2198 amens
560 2150 829 2198 conclamat
863 2151 1022 2199 Nisus
1060 2165 1147 2199 nec
1184 2165 1235 2199 se
1274 2151 1430 2199 celare
1468 2150 1675 2198 tenebris
1714 2165 1815 2198 am·
1833 2157 1917 2197 425

110 2224 248 2284 plius
287 2227 374 2272 ant
404 2227 594 2272 tantum
624 2225 785 2285 potuit
816 2226 1038 2285 perferre
1068 2224 1303 2273 dolorem:
1342 2224 1540 2288 quando
1573 2224 1638 2272 ad
1670 2223 1817 2273 amici

118 2313 286 2346 necem
316 2299 522 2346 ventum
554 2301 651 2359 est,
682 2298 899 2347 latebras
932 2298 1075 2347 dolor
1105 2299 1314 2348 ulterius
1346 2299 1473 2347 ferre
1504 2314 1605 2346 non
1636 2297 1816 2361 potuit,

118 2373 171 2419 in
216 2373 415 2420 tantum
475 2374 536 2421 ut
588 2388 638 2421 se
690 2373 858 2434 ipsum
911 2388 1003 2421 sua
1056 2373 1287 2436 proderet
1340 2389 1475 2422 voce.
1559 2372 1814 2422 videamus

119 2461 251 2494 nunc
297 2447 459 2508 qualis
506 2462 602 2496 vox
648 2446 928 2510 perturbati
974 2462 1077 2495 esse
1116 2449 1284 2509 potuit
1331 2449 1381 2496 et
1419 2448 1526 2495 eius
1574 2463 1719 2509 quem
1758 2461 1816 2493 ex

120 2535 270 2568 causa
300 2521 507 2568 maximi
538 2520 723 2569 doloris
758 2522 1004 2569 amentem
1036 2521 1164 2569 dixit
1194 2521 1445 2583 effectum3
1486 2521 1550 2569 ad
1588 2536 1646 2568 ea
1685 2519 1816 2567 enim

119 2594 412 2657 respondere
452 2594 725 2659 cogebatur
764 2611 889 2657 quae
930 2594 1124 2643 dixerat
1146 2594 1363 2644 Vulcens
1403 2597 1499 2657 „tu
1538 2597 1704 2642 tamen
1742 2594 1814 2640 in·

118 2670 255 2717 terea
305 2669 466 2717 calido
516 2668 639 2716 mihi
689 2670 929 2733 sanguine
979 2684 1165 2732 poenas
1211 2670 1459 2732 persolves
1508 2665 1814 2716 amborum“.

120 2741 270 2791 Nisus
312 2743 486 2791 contra
525 2745 598 2791 ait
626 2757 722 2799 me,
762 2757 858 2799 me,
900 2743 1076 2791 adsum
1107 2744 1191 2803 qui
1219 2744 1334 2804 feci,
1375 2744 1427 2790 in
1458 2756 1532 2790 me
1564 2741 1815 2789 convertite

239 2874 267 2912 4
299 2869 519 2913 liberabat
550 2871 614 2925 (et
644 2869 786 2925 infra)
819 2868 874 2912 V.
998 2873 1052 2913 12
1099 2870 1250 2927 Tayus
1292 2868 1363 2913 ed.
1488 2871 1542 2910 13
1582 2880 1812 2911 nomen—

125 2932 179 2970 14
210 2929 398 2972 transiit
429 2942 517 2972 om.
543 2928 614 2972 ed.
740 2933 794 2971 16
825 2942 882 2972 ne
912 2942 998 2984 quo
1021 2927 1076 2972 V.
1200 2933 1256 2971 24
1281 2932 1503 2984 paratum
1527 2925 1568 2969 V
1593 2940 1706 2970 corr.
1742 2926 1812 2970 ed.

124 2989 179 3029 28
210 3000 296 3031 sua
318 2988 531 3043 proderet
560 3001 707 3033 vocem
730 2986 772 3031 V
803 3001 837 3032 s.
856 2987 1065 3043 perderet
1090 3000 1192 3032 voce
1222 2986 1294 3031 ed.
1388 2990 1444 3029 30
1475 2986 1538 3030 ad
1561 2999 1614 3030 ea
1637 2987 1756 3030 enim
1773 2984 1815 3028 V

123 3059 260 3101 quum
291 3046 353 3090 ad
384 3060 436 3091 ea
468 3046 539 3091 ed.
664 3050 716 3090 31
750 3051 978 3104 coyeretwr
1009 3046 1081 3091 ed.
