2050 3226
207 225 313 278 228
677 222 910 268 DONATI
939 222 1219 267 INTERPR.
1246 223 1426 268 VERG.

205 363 326 426 quid
365 363 637 412 arbitratus
684 363 836 412 fueris
882 365 932 411 te
973 362 1200 426 dignum,
1248 364 1362 411 ante
1401 362 1564 426 ipsam
1602 363 1895 426 petitionem

202 440 262 485 tu
298 437 394 486 tibi
433 437 671 500 spondere
710 453 770 485 ne
811 436 986 484 dubita
1025 438 1176 498 atque
1215 436 1311 498 ita,
1349 439 1408 485 ut
1436 437 1539 486 iam
1568 440 1618 485 te
1649 438 1895 499 accepisse

203 511 442 573 confidas,
481 527 570 559 neo
609 514 658 560 te
697 512 907 559 ulterius
942 511 1115 558 matris
1149 526 1267 558 cura
1299 511 1556 573 sollicitet3
1597 527 1724 574 quae
1764 512 1897 558 enim

203 588 291 634 tua
331 588 406 634 est
442 587 619 634 merito
667 585 908 633 efficietur
954 586 1003 632 et
1048 600 1158 632 mea
1204 587 1475 648 tantusque
1519 585 1655 634 illius
1704 585 1799 634 erit
1843 585 1897 632 in

203 661 369 707 animo
408 675 517 708 meo
548 659 804 723 religionis
837 659 1060 719 effeetus,
1098 660 1157 706 ut
1186 660 1278 707 hoe
1311 660 1470 707 solum
1503 660 1722 720 differat,
1763 659 1898 722 quod

204 733 388 783 Creusa
417 749 516 781 non
547 733 741 782 dicitur.
803 734 1019 780 meretur
1050 735 1232 796 quippe
1263 749 1498 797 magnam
1529 735 1746 798 gratiam
1770 749 1896 796 quae

203 809 377 871 genuit
420 809 573 855 talem
618 823 708 856 nec
753 807 832 855 illi
877 808 1083 855 eventus
1130 807 1274 869 faeti,
1316 807 1402 856 sed
1438 807 1639 856 initium
1679 807 1898 856 debitam

174 881 629 930 honorificentiam
667 881 808 929 dabit
846 883 895 929 et
931 880 1063 943 quod
1095 882 1245 929 semel
1275 884 1460 930 meruit
1490 881 1585 930 erit
1613 881 1667 929 in
1699 883 1897 931 saecula

100 965 186 1005 300
201 957 508 1018 perpetuum.
563 970 656 1016 per
687 959 832 1015 caput
860 956 946 1003 hoc
976 956 1099 1011 iuro,
1119 970 1211 1015 per
1234 956 1361 1014 quod
1382 959 1529 1015 pater
1553 959 1664 1003 ante
1694 957 1898 1004 solebat:

202 1031 324 1078 haec
372 1045 498 1092 quae
545 1029 863 1092 loquebatur,
900 1033 959 1076 ut
995 1030 1157 1113 magis
1197 1030 1447 1092 Euryalus
1489 1029 1727 1091 crederet,
1770 1029 1898 1078 iure-

201 1104 411 1152 iurando
472 1104 742 1152 confirmat.
828 1103 960 1165 quod
1016 1104 1182 1166 ipsum
1230 1119 1329 1151 non
1381 1104 1526 1166 quasi
1573 1104 1791 1153 incertus
1839 1105 1897 1152 de

202 1179 364 1227 salute
411 1177 568 1240 patris
617 1177 764 1239 dixit,
805 1177 1017 1238 solebat,
1064 1177 1151 1225 sed
1201 1179 1299 1226 alio
1347 1179 1492 1226 illum
1538 1193 1671 1225 more
1723 1178 1898 1226 dehinc

201 1253 367 1300 iurare
418 1267 676 1301 consuesse
730 1252 890 1300 voluit
940 1252 1290 1300 demonstrare.
1369 1266 1491 1312 quae
1537 1253 1623 1300 tibi
1666 1251 1899 1312 polliceor

201 1327 368 1375 reduci
404 1328 639 1385 rebusque
676 1327 901 1374 secundis
938 1327 1055 1374 haec
1094 1326 1261 1374 eadem
1297 1327 1536 1386 matrique
1575 1329 1686 1374 tuae
1713 1327 1899 1387 yeneri-

203 1416 292 1460 que
322 1402 608 1448 manebunt:
646 1416 736 1448 nec
775 1401 935 1449 solu'm
972 1399 1090 1461 tibi,
1127 1399 1315 1462 inquit,
1355 1400 1508 1463 digna
1539 1402 1900 1462 promittuntur

202 1491 376 1524 verum
429 1477 580 1522 etiam
634 1477 784 1522 matri
835 1477 950 1522 tuae
1005 1476 1055 1522 et
1108 1476 1277 1538 generi
1329 1475 1431 1522 tuo.
1517 1475 1638 1522 haec
1692 1474 1897 1523 dicendo

203 1551 274 1610 et,
314 1549 357 1598 si
387 1548 619 1610 redisset,
659 1548 888 1611 promisit
925 1549 1314 1596 benivolentiam
1346 1551 1417 1610 et,
1457 1548 1500 1597 si
1539 1565 1638 1597 non
1668 1548 1897 1611 redisset,

203 1622 290 1672 sed
329 1623 461 1685 quod
501 1622 763 1671 adversum
803 1622 900 1670 fuit
937 1623 1101 1671 noluit
1139 1622 1438 1683 evidentius,
1477 1638 1537 1669 ne
1576 1623 1710 1670 mala.
1749 1639 1899 1685 quam

202 1698 333 1745 bona
363 1697 652 1759 promittere
675 1697 941 1745 videretur.
1002 1698 1073 1744 sie
1096 1698 1167 1744 ait
1188 1697 1524 1753 inlacrimans,
1556 1711 1721 1744 umero
1752 1697 1900 1744 simul

101 1780 186 1819 305
205 1773 334 1819 exuit
357 1786 518 1819 ensem
540 1774 785 1826 auratum,
809 1772 940 1818 inira
964 1785 1102 1829 quem
1123 1772 1304 1830 fecerat
1327 1774 1430 1818 arte
1454 1770 1657 1831 Lycaon
1683 1769 1899 1818 Gnosius

205 1849 346 1905 atque
390 1846 600 1894 habilem
644 1846 827 1906 vayina
867 1848 1067 1904 aptarat
1101 1846 1308 1901 eburna,
1362 1845 1446 1892 dat
1483 1845 1634 1892 Niso:
1682 1861 1798 1893 mox
1843 1847 1899 1893 ut

203 1920 326 1967 haec
356 1919 601 1968 Ascanius
642 1919 789 1979 dixit,
829 1918 1044 1966 detraxit
1081 1934 1252 1966 umero
1293 1934 1383 1967 suo
1424 1919 1677 1966 conditum
1716 1918 1899 1982 vagina

206 1993 449 2058 gladium,
499 2009 647 2055 quem
692 1992 933 2056 praetulit
978 1994 1193 2041 auctoris
1232 1993 1409 2040 merito
1451 1995 1500 2041 et
1537 1993 1697 2055 pretio
1738 1993 1898 2041 eboris

207 2083 304 2130 quo
343 2068 441 2115 fuit
477 2068 661 2131 vagina
698 2069 809 2130 ipsa
849 2067 1080 2130 perfecta.
1144 2067 1231 2114 dat
1261 2067 1382 2115 Niso
1414 2067 1699 2115 Mnestheus
1721 2068 1899 2126 pellem

205 2143 533 2200 horrentisque
565 2142 714 2188 leonis
746 2143 967 2198 exuviaS,
1007 2139 1227 2202 [yaleain
1257 2141 1389 2199 fidus
1412 2144 1661 2200 permutat
1685 2139 1877 2202 Aletes]
1885 2158 1899 2188 .·

205 2215 329 2264 Niso
370 2216 458 2263 dat
495 2216 738 2263 Ascanius
779 2214 1023 2278 gladium,
1070 2215 1193 2263 Niso
1242 2215 1329 2263 dat
1370 2215 1654 2263 Mnestheus
1702 2215 1898 2277 pellem.

206 2290 329 2339 Niso
362 2292 412 2337 et
443 2288 530 2337 dat
559 2290 689 2337 inter
721 2290 841 2338 duos
872 2291 947 2338 est
977 2291 1026 2337 et
1058 2290 1122 2337 ad
1151 2291 1418 2351 utrumque
1443 2289 1658 2351 pertinet
1688 2288 1899 2352 largien-

328 2406 353 2444 2
385 2401 563 2445 dubites
594 2401 663 2444 ed.
757 2407 784 2443 4
816 2401 1013 2456 eflicitur
1044 2401 1115 2444 ed.
1208 2406 1234 2445 5
1267 2402 1454 2455 affectus
1486 2400 1556 2443 ed.
1601 2400 1604 2458 Ι
1651 2400 1837 2455 differat
1859 2400 1900 2443 V

209 2476 239 2505 a
270 2475 369 2505 mea
400 2465 541 2505 matre
571 2460 677 2503 add.
705 2460 775 2504 ed
884 2464 909 2503 8
941 2461 993 2504 in
1022 2462 1204 2504 saecula
1237 2474 1324 2504 om.
1350 2459 1420 2503 ed.
1530 2464 1582 2502 11
1617 2460 1903 2514 confirmavit

210 2521 281 2565 ed.
406 2524 459 2563 12
502 2524 542 2563 et
584 2520 745 2563 dehinc
779 2519 820 2562 V
857 2519 926 2563 ed.
971 2525 1012 2563 et
1050 2519 1213 2563 delevi.
1339 2523 1392 2562 16
1429 2519 1624 2575 yenitori
1653 2524 1730 2563 tuo
1757 2518 1800 2562 V
1828 2518 1898 2562 ed

208 2580 361 2636 generi
398 2584 428 2623 t.
468 2591 564 2622 nos,
690 2582 743 2621 18
782 2579 858 2622 sed
896 2592 984 2622 om.
1022 2579 1092 2622 ed.
1145 2578 1148 2637 Ι
1207 2579 1356 2622 noluit
1387 2576 1428 2620 V
1466 2579 1648 2622 reticuit
1683 2592 1741 2622 ne
1783 2578 1854 2621 ed
1891 2577 1896 2635 Ι

211 2639 461 2683 evidentius
494 2636 536 2679 V
579 2651 613 2681 e.
648 2651 705 2681 ne
747 2651 830 2680 nos
874 2638 1098 2681 evidentia
1139 2637 1209 2681 ed.
1259 2636 1264 2695 Ι
1324 2651 1459 2692 quam
1490 2636 1532 2679 V
1564 2638 1722 2692 potius
1751 2650 1790 2692 q.
1828 2636 1899 2680 ed.

213 2702 266 2741 19
306 2699 413 2765 post
449 2697 674 2741 videretur
713 2696 914 2751 spatium
955 2697 1092 2739 unius
1131 2710 1288 2740 versus
1324 2697 1372 2738 et
1402 2708 1482 2738 sex
1511 2695 1608 2739 fere
1638 2696 1899 2740 litterarum

213 2757 357 2813 signis
390 2755 624 2811 expletum
656 2755 706 2798 in
730 2755 783 2799 V.
908 2760 961 2797 22
994 2757 1078 2800 hac
1102 2755 1142 2798 V
1173 2757 1281 2799 haee
1312 2754 1382 2798 ed.
1425 2755 1428 2812 Ι
1471 2755 1593 2798 inter
1624 2755 1823 2798 detraxit
1853 2756 1901 2798 et

211 2829 364 2859 umero
409 2815 594 2858 dimidii
629 2828 787 2858 versus
827 2815 1029 2869 spatium
1067 2817 1260 2870 propter
1297 2827 1461 2869 rugam
1492 2813 1790 2858 membranae
1821 2827 1899 2856 va-

215 2889 351 2918 cuum
382 2874 432 2917 in
457 2873 509 2917 V.
558 2874 562 2931 Ι
613 2874 669 2917 ab
707 2874 890 2917 humero
930 2874 1000 2916 ed.
1124 2878 1179 2917 24
1211 2874 1292 2917 dat
1319 2874 1422 2916 niso
1453 2873 1624 2928 repetit
1647 2872 1689 2916 V
1713 2886 1800 2917 om.
1827 2873 1897 2916 ed.

215 2938 269 2976 25
301 2935 476 2990 yaleam
490 2933 699 2977 —Aletes
731 2933 861 2975 deest
891 2932 939 2989 in
964 2932 1018 2986 V,
1052 2932 1133 2976 sed
1165 2931 1434 2988 explicatur.
1528 2937 1583 2975 26
1609 2933 1726 2976 Niso
1749 2932 1897 2975 dat—

216 2997 269 3035 27
305 2993 565 3049 laryientem
605 2991 777 3047 partim
821 3005 909 3035 om.
941 2992 1112 3046 partim
1144 2993 1257 3035 mut.
1292 2991 1362 3034 ed.
1486 2995 1541 3034 26
1573 2991 1797 3035 daudium
1827 2990 1900 3034 vel

215 3052 447 3096 claudium
472 3051 512 3094 V
542 3051 749 3108 yladium
779 3050 823 3093 H
846 3064 944 3094 nos.
1068 3055 1121 3093 27
1157 3054 1223 3094 {Et
1254 3051 1315 3107 <=
1339 3051 1476 3106 esset)
1504 3050 1544 3093 V
1575 3055 1638 3094 est
1668 3054 1710 3094 et
1740 3063 1836 3093 nos,

1931 1014 1971 1076 1‹‘›

1931 1413 1972 1446 15

1931 1784 1973 1816 20

1932 2152 1973 2184 25
