2050 3226
819 163 1125 210 AENEmos
1155 163 1198 208 x
1751 167 1861 222 295

93 344 107 353 ,
162 305 334 370 periit,
385 305 575 369 inquit,
629 306 841 368 antiqua
894 305 1047 354 Troia
1099 320 1190 354 nec
1244 304 1455 354 alteram
1506 306 1700 354 renasci
1752 322 1861 368 per-

26 988 133 1037 ,ιο

90 1358 133 1392 15

20 1705 134 1763 ’πο

163 380 405 442 mittitur3
434 378 639 429 recessit
661 377 965 429 Graecorum
993 379 1251 440 exercitus,
1284 378 1371 443 qui
1400 379 1616 428 stantem
1646 379 1864 443 perdidit

162 454 401 518 patriam,
462 454 591 503 alter
649 453 877 516 inminet,
938 469 1000 502 ne
1060 450 1298 503 recidiva*
1341 455 1624 518 consurgat.
1723 456 1863 514 atque

161 530 338 578 iterwm
384 529 440 576 in
490 528 703 576 Teucros
752 527 938 576 Aetolis
986 528 1144 589 suryit
1192 528 1254 576 ab
1292 525 1450 588 Arpis
1489 527 1726 588 Tydides:
1764 543 1864 575 non

162 602 291 667 ipse,
336 601 424 651 sed
469 600 533 651 ad
578 602 736 666 ipsius
783 601 1166 651 similitudinem
1212 601 1357 650 alius.
1446 601 1663 662 equidem
1710 601 1863 658 cred0,

161 691 272 726 mea
318 676 526 725 vulnera
573 678 782 724 restant:
832 692 862 725 a
910 675 1152 725 Diomede
1202 676 1334 724 enim
1375 675 1557 724 dicitur
1601 675 1866 725 vulnerata

164 767 221 800 ac
269 766 358 813 per
405 750 521 812 hoc,
571 751 616 799 si
665 750 964 814 sperabatur
1013 751 1144 799 alius
1194 765 1473 799 emersurus
1517 749 1571 797 in
1609 749 1865 798 Diomedis

164 826 344 886 vicem,
394 824 515 887 quid
565 826 843 887 supererat,
894 825 992 873 nisi
1040 826 1100 873 ut
1146 825 1378 874 humanis
1423 823 1656 873 manibus
1695 823 1864 872 Venus

161 900 344 948 iterum
399 897 715 948 laederetur?
799 898 933 962 quod
991 898 1117 947 dixit
1172 915 1284 948 mea
1339 898 1568 960 vulnera,
1625 899 1738 961 ipsa
1787 915 1866 946 ex-

162 974 368 1037 posuit
382 972 505 1036 quid
562 973 613 1022 in
670 972 960 1036 pronomine
1022 973 1198 1022 debeat
1253 972 1480 1037 intellegi
1537 971 1763 1022 addendo
1826 975 1869 1020 et

163 1051 250 1096 tua
295 1047 556 1109 progenies
604 1048 834 1096 ‘mortalia
894 1047 1115 1096 demoror
1167 1062 1335 1096 arma:
1394 1046 1702 1111 pronominis
1763 1047 1868 1096 vim

165 1122 370 1170 alterius
408 1121 716 1185 pronominis
757 1121 1042 1171 substantia
1080 1122 1330 1185 patefecit.
1407 1137 1526 1170 nam
1564 1120 1701 1184 quod
1740 1121 1868 1169 dixit

163 1212 275 1245 mea
312 1196 541 1258 vulnera,
579 1196 674 1244 hoc
713 1197 944 1260 exposuit
982 1195 1188 1244 dicendo
1228 1197 1278 1244 et
1324 1198 1414 1244 tua
1451 1196 1730 1259 progenies.
1807 1198 1866 1256 si,

163 1269 354 1333 inquit,
405 1272 744 1333 contemptum
793 1272 870 1319 est
918 1271 970 1318 in
1020 1286 1098 1318 me
1137 1269 1374 1318 meritum
1410 1286 1578 1318 meum
1614 1272 1668 1317 in
1706 1269 1866 1332 primo

164 1345 383 1406 vulnere,
408 1344 490 1392 vel
511 1360 644 1393 nunc
667 1345 795 1393 nihil
819 1344 922 1393 tale
954 1343 1100 1393 debet
1130 1343 1323 1405 exoriri,
1352 1345 1473 1406 quia
1496 1344 1603 1392 fflia
1625 1345 1718 1392 tua
1742 1359 1866 1392 sum.

164 1420 209 1468 si
246 1420 352 1467 sine
386 1432 508 1479 pace
546 1421 633 1467 tua
672 1422 813 1480 atque
850 1419 1002 1467 invito
1032 1419 1234 1467 nmine
1267 1419 1417 1467 Troes
1447 1418 1655 1466 Italiam
1670 1420 1866 1479 petiere,

165 1493 307 1542 luant
318 1495 523 1553 peccata
545 1507 697 1553 neque
718 1493 829 1541 illos
850 1493 1035 1541 iuveris
1059 1493 1268 1542 auxilio:
1292 1508 1466 1541 secura
1494 1493 1619 1541 haec
1651 1491 1868 1555 dicebat3

163 1567 292 1615 nihil
330 1568 460 1616 enim
498 1567 688 1616 factum
730 1569 806 1616 est
843 1567 943 1615 nisi
981 1584 1040 1615 ex
1086 1567 1193 1616 eius
1240 1567 1515 1616 voluntate.
1601 1569 1755 1629 certe,
1793 1568 1867 1615 in-

163 1643 296 1705 quit,
346 1641 390 1691 si
439 1643 612 1690 contra
661 1642 963 1690 sententiam
1009 1643 1151 1691 tuam
1202 1642 1408 1691 Troiani
1458 1641 1683 1690 fecerunt
1719 1641 1772 1689 in
1810 1657 1867 1689 eo

165 1716 287 1779 quia
335 1718 579 1765 venerunt
628 1716 693 1765 ad
741 1715 968 1778 Italiam,
1018 1732 1108 1765 nec
1156 1716 1408 1765 intercedo
1455 1731 1544 1764 nec
1581 1731 1727 1780 rogo,
1765 1715 1870 1764 noli

163 1789 337 1840 iuvare
375 1790 611 1852 inprobos
644 1793 694 1839 et
725 1790 1032 1840 contumacis
1065 1789 1318 1855 extingue:
1360 1806 1446 1839 cur
1474 1789 1554 1838 illi
1583 1806 1684 1839 non
1713 1806 1868 1838 mere-

166 1866 314 1913 antur
351 1864 632 1926 interitum,
672 1867 716 1914 si
753 1867 803 1914 te
840 1865 999 1914 invito
1041 1864 1235 1928 aliquid
1267 1863 1380 1913 ausi
1411 1863 1745 1928 deteguntur?
1790 1865 1870 1912 sin

165 1942 230 1987 tot
280 1953 517 2000 responsa
569 1940 740 1996 secuti,
796 1953 921 1999 quae
973 1940 1141 2000 superi
1193 1953 1455 1998 manesque
1509 1939 1718 1987 dabant:
1778 1953 1869 2001 pro

164 2014 368 2076 peccato
416 2012 602 2061 habent
649 2014 770 2076 quia
815 2013 1073 2076 praedicta
1110 2013 1295 2062 totiens
1342 2016 1393 2062 et
1437 2014 1516 2062 tot
1554 2012 1757 2061 deorum
1795 2029 1869 2060 re-

165 2102 349 2150 sponsa
398 2088 577 2136 sectati
626 2090 744 2136 sunt
793 2091 843 2136 et
892 2088 1084 2137 monita
1123 2104 1181 2136 ex
1218 2087 1427 2136 infernis
1466 2087 1695 2150 partibus
1737 2087 1870 2135 data.

166 2176 253 2210 cur
290 2175 422 2210 nunc
459 2164 547 2210 tua
585 2163 843 2221 quisquam
879 2165 1061 2210 vertere
1098 2163 1239 2210 iussa
1275 2165 1436 2222 potest
1480 2165 1567 2210 aut
1612 2176 1699 2210 cur
1743 2176 1871 2209 nova

166 2235 366 2284 condere
403 2236 550 2296 fata?
605 2235 740 2298 quis,
780 2235 874 2298 ait,
913 2237 1008 2285 iste
1048 2240 1123 2285 est
1160 2237 1211 2285 te
1249 2238 1417 2299 potior
1455 2235 1537 2284 cui
1574 2236 1692 2284 licet
1730 2238 1871 2284 tuam

166 2309 363 2358 abolere
412 2309 712 2358 sententiam
766 2311 857 2359 aut
905 2325 1036 2359 nova
1085 2311 1194 2359 fata
1243 2308 1582 2359 conscribere?
1659 2310 1757 2358 duo
1796 2309 1870 2356 in-

165 2383 307 2432 licita
356 2384 549 2446 posuit3
599 2385 728 2433 verti
778 2384 910 2432 enim
960 2400 1060 2432 non
1103 2384 1275 2433 debuit
1326 2384 1459 2447 quod
1504 2383 1727 2446 oportuit
1766 2398 1869 2432 esse

167 2460 463 2522 perpetuum
515 2460 566 2506 et
614 2457 741 2506 nihil
791 2458 944 2507 statui
995 2475 1180 2508 novum
1227 2461 1399 2507 contra
1436 2458 1660 2506 instituti
1690 2457 1869 2506 veteris

166 2532 387 2580 formam.
466 2532 665 2597 signato
707 2534 875 2581 autem
921 2533 1069 2582 verbo
1116 2548 1233 2581 usus
1283 2534 1358 2581 est
1403 2532 1608 2581 dicendo
1655 2534 1870 2593 vertere3

168 2606 303 2669 quod
340 2605 555 2655 vertitur
593 2607 726 2655 enim
763 2607 956 2655 nullam
995 2623 1132 2670 spem
1168 2605 1474 2670 reparandae
1504 2607 1576 2654 rei
1607 2605 1869 2670 significat.

289 2753 312 2792 1
331 2749 456 2804 perit
471 2747 557 2792 VR
581 2761 695 2792 corr.
714 2748 785 2792 ed.
822 2748 826 2804 Ι
865 2748 1126 2793 admittitur
1149 2748 1220 2792 ed.
1315 2752 1340 2791 2
1373 2749 1475 2804 quis
1498 2752 1666 2792 tantem
1684 2745 1768 2789 VR
1791 2748 1871 2802 qui

168 2807 353 2852 tandem
384 2807 455 2851 ed.
548 2812 576 2850 4
608 2813 762 2864 cuv-yet
790 2807 844 2850 R.
941 2812 997 2851 14
1028 2813 1093 2853 est
1114 2807 1200 2851 VR
1229 2807 1323 2862 fuit
1354 2807 1425 2851 ed.
1523 2811 1577 2850 16
1608 2806 1790 2850 nomine
1814 2804 1868 2848 V.

169 2870 223 2909 21
251 2871 292 2910 et
307 2865 393 2910 VR
414 2866 493 2911 sed
516 2866 586 2911 ed.
667 2871 722 2910 22
748 2880 858 2911 ause
879 2866 934 2911 R.
1013 2871 1069 2910 23
1094 2880 1249 2912 manes
1272 2880 1386 2922 quae
1410 2866 1463 2909 R.
1550 2869 1606 2908 26
1632 2866 1818 2921 quisque
1851 2865 1874 2923 s

170 2938 275 2968 cum
299 2939 388 2969 ras.
404 2925 459 2969 R.
544 2929 600 2969 29
624 2927 739 2970 verti
760 2925 801 2968 R
824 2939 925 2970 vere
940 2925 982 2969 V
997 2931 1164 2971 vertere
1188 2926 1260 2971 ed.
1346 2930 1397 2968 31
1426 2924 1811 2981 siynato—dicen
1845 2938 1871 2968 o

170 2997 259 3028 om.
278 2984 348 3028 ed.
435 2988 491 3028 32
516 2985 830 3041 quod—enim
855 2999 943 3029 om.
962 2985 1033 3030 ed.
1057 2986 1061 3043 Ι
1089 2984 1318 3030 nullaVR
1336 2998 1449 3028 corr.
1470 2983 1539 3027 ed.
1572 2984 1576 3042 Ι
1603 2983 1868 3039 reparanda

1900 982 1956 1022 30

1903 2168 1959 2208 35
