2050 3226
830 194 1133 241 AENEmos
1165 194 1228 239 1x
1767 198 1876 253 269

188 354 246 387 ea
293 353 418 401 quae
465 335 629 386 colitis
674 335 973 385 recensendo
1020 335 1284 397 convolvo3
1333 350 1422 382 nec
1468 335 1699 383 inmerito
1747 336 1879 383 enim

186 411 365 460 Idaeae
402 411 577 459 matris
617 425 759 459 sacra
798 409 1071 459 sectamini.
1131 409 1223 471 ite,
1254 409 1436 457 saltate
1467 424 1580 457 cum
1610 409 1879 471 tympani8‚

186 485 377 534 habetis
408 484 513 533 illic
545 484 871 534 amoenitates
903 501 963 532 ex
992 483 1144 544 buxo,
1174 482 1384 546 potestis
1413 499 1589 532 vacare
1629 482 1707 531 his
1750 498 1878 545 quae

187 562 380 609 vestrae
410 574 648 622 personae
679 558 1000 622 moribusque
1032 557 1343 607 conveniant.
1404 557 1547 606 sinite
1585 571 1730 605 arma
1758 557 1880 605 viris

136 645 156 678 5
188 637 232 682 et
269 634 414 682 cedite
450 635 608 693 ferro:
651 633 846 681 habetis
888 648 1015 696 quae
1054 647 1142 682 vos
1179 632 1234 680 in
1271 632 1383 695 ipsa
1428 632 1589 696 magis
1629 646 1882 679 sacrorum

187 706 519 756 sollemnitate
560 708 907 770 corrumpant,
954 705 1188 770 patimini
1224 706 1359 754 viros
1400 721 1539 753 arma
1577 706 1792 754 tractare
1831 706 1883 752 et

187 782 393 843 ferrum,
444 781 580 844 quod
628 781 750 830 viris
801 782 1032 844 paratum
1080 782 1157 830 est
1202 795 1260 829 ac
1298 779 1438 830 vobis
1489 795 1588 829 non
1635 778 1881 844 congruit,

186 856 368 919 ponite.

306 930 455 978 Talia
491 930 752 978 iactantem
790 929 930 978 dictis
969 943 1028 978 ac
1065 929 1179 977 dira
1217 931 1466 977 canentem
1502 942 1603 976 non
1640 928 1749 975 tulit
1785 925 1883 976 As-

115 1016 157 1048 10
188 1005 385 1053 canius:
442 1005 576 1052 recte
639 1003 763 1052 facit
814 1005 964 1067 poeta
1018 1003 1168 1053 verba
1229 1002 1555 1051 obtrectantis
1610 1001 1884 1063 abscidere3

187 1094 346 1142 neque
398 1079 530 1126 enim
589 1078 951 1141 expectandum
1003 1077 1103 1126 fuit
1153 1077 1390 1125 irascenti
1438 1079 1497 1125 ut
1544 1076 1630 1124 ille
1680 1075 1886 1125 adderet

186 1153 345 1201 multo
383 1151 569 1215 peiora.
644 1153 929 1215 loquentem
965 1151 1123 1216 igitur
1159 1153 1212 1200 et
1249 1151 1409 1199 adhuc
1448 1150 1693 1199 deteriora
1730 1149 1883 1199 medi·

187 1229 380 1275 tantem
418 1242 517 1274 non
557 1228 632 1275 est
669 1227 804 1275 ultra
842 1241 1018 1290 passus
1057 1224 1318 1275 Ascanius.
1378 1239 1617 1286 nervoque
1654 1226 1884 1274 obversus

188 1302 359 1361 equino
398 1300 638 1349 contendit
680 1301 827 1349 telum
872 1301 1158 1360 diversaque
1196 1300 1423 1349 bracchia
1460 1299 1640 1348 ducens
1679 1299 1887 1347 constitit

115 1386 156 1418 15
189 1379 300 1424 ante
351 1374 520 1422 Iovem
572 1375 776 1436 supplex
820 1389 914 1435 per
965 1377 1078 1423 vota
1123 1377 1379 1435 precatus:
1441 1373 1560 1437 quia
1612 1373 1885 1437 primordia

187 1449 411 1510 fuerunt,
460 1448 637 1497 merito
687 1451 895 1512 rogatus
947 1451 1023 1498 est
1071 1448 1299 1512 Iuppiter
1347 1450 1406 1497 ut
1454 1449 1667 1497 faveret:
1721 1449 1885 1496 cetera

188 1522 569 1586 descriptionem
622 1525 794 1572 tenent
854 1523 1095 1587 sagittam
1148 1523 1364 1572 missuri.
1456 1522 1644 1583 stabat,
1705 1521 1885 1584 inquit,

186 1599 358 1646 tenens
384 1613 554 1646 arcum
577 1596 843 1646 habentem
872 1614 1080 1646 nervum
1104 1596 1356 1660 equinum,
1389 1597 1543 1645 latere
1573 1611 1672 1644 uno
1703 1598 1883 1645 retror-

187 1687 298 1720 sum
327 1687 491 1733 verSO,
523 1672 712 1735 sagitta
741 1671 985 1735 inposita,
1022 1671 1239 1720 brachiis
1270 1673 1325 1720 in
1356 1670 1607 1720 diversum
1640 1670 1886 1731 adductiS,

114 1759 157 1791 20
186 1745 474 1795 huiusmodi
510 1761 706 1808 precem
743 1745 970 1795 fundens.
1046 1745 1271 1806 Iuppiter
1315 1747 1636 1807 omnipotens,
1685 1745 1885 1794 audaci·
1903 1755 1988 1796 625

189 1821 278 1869 bus
317 1820 479 1869 adnue
518 1821 718 1880 coeptis:
761 1821 856 1870 hoc
893 1821 1002 1870 loco
1041 1820 1164 1869 bene
1202 1820 1374 1883 posuit
1412 1820 1749 1882 omnipotens;
1797 1820 1885 1882 qui

190 1894 322 1942 enim
374 1897 573 1957 poterat
626 1895 793 1944 omnia
849 1897 899 1944 et
949 1894 1078 1943 illud
1130 1894 1332 1943 valebat
1384 1894 1597 1957 inplere,
1651 1896 1711 1943 ut
1762 1910 1886 1956 puer

189 1970 430 2017 sterneret
467 1969 738 2018 fortiorem.
798 1970 903 2030 ipse
934 1970 1020 2018 tibi
1058 1969 1125 2018 ad
1163 1972 1250 2017 tua
1288 1968 1466 2029 templa
1502 1971 1662 2029 feram
1700 1968 1886 2016 sollem-

189 2043 276 2090 nia
326 2042 456 2091 dona
506 2045 549 2091 et
596 2046 810 2092 statuam
859 2047 972 2092 ante
1021 2058 1142 2092 aras
1191 2046 1373 2091 aurata
1422 2046 1581 2103 fronte
1629 2043 1885 2090 iuvencum

116 2128 158 2161 25
190 2116 471 2165 candentem
495 2118 778 2177 pariterque
808 2121 955 2178 caput
985 2132 1092 2166 eum
1123 2121 1279 2166 matre
1308 2120 1562 2178 ferentem,
1601 2118 1705 2164 iarn
1735 2131 1884 2165 cornu

183 2194 319 2251 petat
356 2194 399 2238 et
427 2191 638 2252 pedibus
685 2192 767 2252 qui
804 2195 1008 2253 sparqat
1043 2192 1304 2240 harenam:
1347 2190 1401 2239 in
1440 2190 1677 2253 obsequio
1715 2190 1884 2238 istius-

188 2264 325 2314 modi
369 2265 572 2328 plenum
611 2265 755 2314 debet
793 2265 1011 2314 officium
1059 2265 1301 2327 exhiberi,
1348 2265 1481 2328 quod
1519 2265 1799 2314 ostenditur
1836 2268 1886 2312 et

190 2338 434 2402 probatur
455 2340 508 2387 in
532 2340 692 2402 ipsius
715 2339 908 2388 hostiae
933 2339 1184 2389 oblatione
1217 2341 1472 2404 signatum
1497 2339 1684 2388 animal
1715 2339 1884 2398 sacris,

191 2413 235 2461 si
271 2428 371 2461 non
415 2414 573 2462 macie
613 2414 692 2462 vel
739 2415 903 2463 aetate
950 2414 1243 2467 confectum.
1319 2415 1442 2462 haec
1481 2430 1597 2478 ergo
1637 2412 1883 2461 Ascanius

117 2497 161 2531 30
190 2487 382 2550 tetigit,
443 2487 621 2549 feram,
682 2487 872 2550 inquit,
938 2488 1002 2537 ad
1054 2489 1244 2551 templa
1295 2490 1387 2536 tua
1440 2487 1570 2537 dona
1624 2487 1884 2536 sollemnia

193 2555 378 2627 (noluit
417 2561 547 2611 dona
585 2563 696 2624 ipsa
743 2562 1002 2611 sollemnia
1041 2562 1325 2625 specialiter
1370 2562 1551 2623 dicere,
1600 2577 1659 2609 ne
1699 2561 1885 2609 faceret

190 2629 421 2702 moram),
453 2635 697 2684 adducam
730 2635 793 2684 ad
825 2651 936 2686 aras
967 2638 1080 2685 tuas
1112 2637 1288 2685 bovem
1319 2638 1570 2696 iuvenem,
1604 2634 1883 2695 candidum,

192 2725 394 2758 vaccam
440 2726 637 2774 quoque
683 2712 916 2759 matrem:
963 2726 1062 2759 non
1108 2710 1304 2769 iuvenci
1349 2713 1558 2758 matrem
1604 2708 1752 2770 dixit,
1798 2708 1883 2758 sed

312 2841 337 2880 2
369 2838 530 2881 saltate
552 2836 594 2880 V
619 2838 805 2893 psallite
837 2837 909 2881 ed.
1024 2841 1050 2881 5
1081 2838 1134 2881 in
1166 2851 1255 2881 om.
1281 2837 1353 2882 cd.
1469 2841 1495 2880 6
1524 2836 1780 2892 patiamini
1810 2835 1882 2880 ed.

194 2898 219 2937 9
252 2895 389 2940 adira
411 2895 466 2940 V.
567 2900 622 2940 10
654 2896 882 2941 abscidere
905 2895 947 2939 V
971 2896 1029 2940 cf.
1057 2900 1096 2950 6,
1123 2901 1207 2940 323
1240 2896 1510 2941 abscindens
1541 2895 1611 2939 ed.
1708 2899 1760 2939 17
1792 2900 1884 2940 sta-

192 2953 535 3066 gagtitzdcorr.
577 2955 647 2999 ed.
772 2960 826 2999 21
874 2956 955 3011 qui
998 2954 1041 2999 V
1086 2957 1128 3000 is
1174 2955 1244 3000 ed.
1369 2958 1423 2998 29
1471 2957 1721 3010 conlectum
1759 2953 1801 2998 V
1846 2969 1882 3000 c.
