2050 3226
239 185 346 238 418
719 181 952 227 DONATI
981 182 1261 227 INTERPR.
1287 182 1465 227 VERG.
1977 0 2043 302 W

241 339 298 372 ac
329 323 662 372 substantiam
692 338 791 371 non
824 323 1063 385 defuisse3
1102 322 1208 370 illic
1240 322 1372 370 enim
1403 323 1726 386 suppeditant
1749 324 1934 386 species
2034 306 2041 428 1

240 397 422 461 quibus
461 398 708 460 pretiosae
747 399 909 445 vestes
949 396 1275 444 conficiuntur
1305 399 1355 445 et
1382 397 1504 445 artis
1537 396 1760 445 studium
1789 397 1935 459 plene

240 472 514 534 superfluit.
566 473 617 519 et
653 472 793 519 tenui
833 486 953 518 auro
993 471 1294 519 discreverat
1322 472 1572 519 texturam
1609 470 1795 534 ipsam,
1833 471 1934 555 pic·
2036 430 2041 519 1

239 549 354 594 tura
378 545 562 608 quippe
585 561 685 594 non
708 546 874 606 potest
898 543 1119 606 exprimi,
1157 544 1256 593 nisi
1283 544 1591 608 interpositis
1622 545 1720 594 filis
1755 545 1937 608 speciei
2034 521 2041 699 1

239 621 446 668 alterius
493 620 628 667 facta
675 618 828 666 fuerit
873 619 1044 680 aliqua
1090 619 1353 680 separatio,
1416 621 1679 702 quantum·
1700 619 1938 667 laudatur
1989 634 2041 667 5

155 755 159 758 q
239 696 416 743 auctor
440 709 565 755 quae
591 693 804 742 confecit
817 695 1161 754 quantumque
1177 693 1527 755 praeferuntur
1550 692 1736 756 species
1755 693 1936 755 quibus

157 2479 212 2519 80

238 769 354 816 illae
394 768 645 816 confectae
685 769 803 815 sunt
831 769 1033 815 tantum
1071 766 1247 815 crescit
1276 766 1594 816 liberalitatis
1626 766 1824 815 Aeneae
1862 783 1935 815 re-

238 842 445 906 ligiosus
471 841 693 890 adfectus
718 842 768 888 et
799 840 902 889 eius
934 841 1168 889 meritum
1203 842 1283 889 cui
1307 842 1501 904 partem
1529 842 1747 889 mediam
1771 842 1938 889 fuerat

240 917 540 964 conlaturus.
595 930 834 979 magnum
863 914 944 963 hic
972 915 1170 963 Aeneae
1203 931 1420 964 amorem
1459 915 1819 964 demonstravit
1858 932 1935 963 ex-
2035 924 2040 981 ²¹

237 990 452 1038 bibitum
471 989 706 1038 Pallanti.
750 989 957 1038 donavit
978 990 1112 1038 tanti
1133 989 1284 1051 pretii
1307 989 1535 1052 speciem,
1558 990 1758 1053 reginae
1782 1005 1939 1037 manu
1969 1008 2011 1040 10
2036 989 2039 1047 Ξ

240 1064 538 1125 confectam,
586 1063 823 1112 donatam
873 1063 968 1111 sibi
1014 1063 1076 1111 ab
1124 1079 1183 1111 ea
1230 1079 1356 1127 quae
1394 1063 1682 1112 firmitatem
1718 1065 1832 1126 piae
1880 1079 1938 1111 ac
2035 1064 2038 1076 ¹

240 1139 394 1186 seriae
420 1137 780 1186 coniunctionis
813 1153 901 1201 per
931 1153 1139 1186 munera
1170 1139 1221 1185 et
1250 1154 1511 1186 munerum
1539 1138 1773 1186 meritum
1795 1137 1937 1185 robo-

237 1228 348 1261 rare
382 1212 628 1274 cupiebat,
665 1212 803 1260 cuius
834 1212 1057 1260 laborem
1088 1213 1249 1275 operis
1281 1212 1371 1259 illa
1401 1227 1502 1259 non
1534 1213 1775 1273 senserat3
1813 1212 1936 1260 fece-

238 1289 320 1335 rat
368 1286 500 1334 enim
552 1286 732 1348 libens,
787 1287 972 1334 fecerat
1021 1286 1155 1334 laeta
1205 1285 1524 1334 confectionis
1572 1285 1722 1334 semel
1768 1285 1936 1334 labore

239 1362 491 1424 suscepto,
530 1376 630 1408 non
661 1360 1080 1422 quemadmodum
1115 1360 1322 1422 faceret,
1362 1359 1448 1408 sed
1480 1361 1560 1408 cui
1590 1360 1777 1408 faceret
1807 1361 1938 1424 cogi·
1969 1376 2010 1410 15

238 1437 367 1483 tans.
421 1435 600 1482 harum
637 1450 792 1482 unam
828 1435 994 1482 iuveni
1031 1449 1313 1494 supremam
1348 1438 1562 1482 maestus
1599 1435 1826 1482 honorem
1863 1435 1938 1481 in-

239 1510 346 1557 duit
369 1523 668 1568 arsurasque
699 1523 861 1556 eomas
889 1510 1088 1556 obnubit
1110 1509 1314 1556 amictu:
1351 1510 1523 1556 tantae
1545 1508 1702 1572 igitur
1723 1508 1937 1556 feminae

238 1585 438 1632 tantum
453 1598 636 1630 munus
655 1582 865 1630 duarum
879 1582 1093 1631 vestium
1109 1597 1222 1630 cum
1240 1582 1474 1630 defuncto
1494 1581 1678 1632 divisit.
1702 1584 1936 1643 maestus,

239 1673 339 1706 non
379 1656 498 1719 quia
537 1656 712 1718 dabat,
752 1656 837 1705 sed
871 1657 988 1719 quia
1025 1656 1326 1719 inpendebat
1364 1655 1600 1718 exanimi3
1640 1658 1768 1704 esset
1806 1655 1938 1704 enim

240 1733 434 1792 votum,
474 1730 517 1779 si
550 1748 653 1779 rem
677 1732 874 1779 tantam
896 1731 1065 1778 Pallas
1087 1730 1351 1778 incolumis
1376 1732 1605 1779 sumeret.
1661 1730 1781 1792 quid
1805 1730 1936 1777 enim
1968 1746 2011 1778 20

240 1804 479 1868 proderat
517 1805 785 1853 contulisse
826 1804 959 1867 quod
1006 1820 1095 1852 nec
1134 1805 1340 1852 sentiret
1376 1806 1602 1852 mortuus
1642 1807 1691 1852 et
1730 1819 1841 1852 cum
1879 1820 1935 1852 eo

240 1895 354 1926 mox
394 1881 523 1928 esset
569 1878 829 1927 arsurum?
895 1878 1047 1927 dabat
1090 1880 1309 1926 maestus
1355 1879 1592 1927 honorem
1639 1894 1936 1941 supremum,

242 1969 341 2001 non
373 1955 606 2014 maestus,
646 1955 767 2015 quia
803 1952 969 2014 dabat,
1009 1953 1094 2000 sed
1127 1954 1244 2015 quia
1267 1952 1538 2002 novissima
1560 1952 1936 2000 honorificentia

242 2027 354 2074 fuit.
416 2026 624 2089 optabat
662 2029 794 2074 enim
833 2026 1091 2090 sospitem,
1140 2029 1199 2074 ut
1235 2027 1381 2089 plura
1420 2025 1656 2075 sentienti
1694 2026 1938 2074 conferret

244 2116 301 2149 ac
341 2115 500 2162 saepe.
566 2115 865 2163 arsurasque
914 2115 1079 2149 comas
1116 2100 1324 2149 obnubit
1363 2101 1570 2149 amictu:
1607 2101 1733 2149 texit
1771 2115 1935 2149 comas
1968 2114 2009 2147 25

244 2174 346 2222 eius
386 2175 478 2222 hac
517 2177 672 2236 veste,
719 2192 780 2222 ne
821 2177 931 2238 quis
978 2190 1060 2224 eas
1106 2175 1297 2223 videret
1345 2174 1578 2223 ardentis.
1641 2189 1936 2236 arsurasque

244 2263 407 2296 comas
449 2248 656 2296 obnubit
695 2249 901 2309 amiotu3
940 2250 1111 2297 tantae
1152 2249 1281 2296 enim
1312 2247 1696 2311 pulchritudinis
1736 2248 1937 2296 fuerunt

245 2325 394 2384 atque
433 2322 633 2370 honoris
673 2324 824 2384 tanti,
863 2325 923 2371 ut
959 2324 1049 2371 has
1087 2339 1188 2370 non
1219 2324 1316 2371 nisi
1353 2339 1528 2371 aurum
1561 2325 1610 2370 et
1641 2323 1830 2370 ostrum
1855 2322 1935 2369 de-

243 2397 382 2444 beret
397 2396 669 2444 incendere.
698 2397 942 2455 multaque
954 2400 1207 2456 praeterea
1223 2397 1491 2445 Laurentis
1498 2396 1729 2456 praemia
1736 2410 1936 2457 puynae

245 2474 443 2531 ayyerat
480 2474 521 2517 et
561 2471 696 2530 lonyo
723 2471 965 2530 praedam
1002 2471 1132 2518 iubet
1157 2471 1325 2518 ordine
1363 2471 1495 2527 duci,
1537 2470 1676 2518 addit
1713 2483 1855 2530 equos
1895 2472 1938 2517 et
1967 2483 2008 2516 3⁰

245 2545 359 2600 tela,
401 2545 575 2604 quibas
602 2545 897 2603 spoliaverat
925 2545 1127 2592 hostem:
1164 2545 1251 2592 ubi
1280 2559 1462 2592 munus
1495 2543 1689 2592 Aeneae
1723 2545 1773 2590 et
1803 2543 1936 2591 tanti

244 2618 393 2680 pretii
430 2618 529 2666 fuit
567 2619 927 2680 specialitatem
967 2618 1149 2679 tenuit,
1187 2618 1274 2666 ubi
1303 2633 1415 2667 vero
1447 2617 1511 2666 ad
1543 2633 1600 2665 ea
1630 2619 1836 2666 ventum
1861 2620 1935 2665 est

366 2764 390 2802 6
431 2765 672 2815 auctorque
707 2758 749 2802 V
788 2772 829 2802 a.
864 2760 942 2814 qai
981 2759 1051 2802 ed.
1184 2764 1207 2801 7
1242 2760 1462 2803 libertatis
1485 2757 1527 2801 V
1551 2757 1638 2801 edI
1670 2771 1783 2801 corr.
1817 2756 1931 2800 edF.

247 2821 272 2861 8
305 2819 486 2871 effeetus
509 2818 550 2861 V
583 2832 696 2862 corr.
731 2817 801 2861 ed.
913 2821 964 2860 11
991 2819 1200 2873 pictoriae
1226 2818 1266 2862 V
1289 2820 1399 2874 piae
1430 2831 1484 2861 ac
1513 2818 1658 2861 seriae
1688 2830 1771 2859 nos
1802 2831 1933 2860 man-

245 2890 400 2920 suram
433 2877 503 2920 ed.
620 2882 674 2920 12
706 2890 942 2920 munerum
974 2890 1061 2920 om.
1087 2878 1159 2921 ed.
1275 2882 1331 2920 14
1362 2877 1438 2920 leti
1460 2875 1502 2918 V
1534 2877 1653 2920 laeta
1684 2889 1796 2919 corr.
1824 2876 1894 2919 ed.

247 2937 607 2987 confectionis—
628 2941 682 2979 15
707 2940 908 2991 suscepto
934 2949 1019 2980 om.
1048 2936 1117 2979 ed.
1212 2941 1265 2979 32
1290 2937 1386 2991 fuit
1406 2934 1449 2978 V
1472 2935 1593 2979 dixit
1616 2934 1687 2978 ed.
1705 2937 1894 2990 posuit?

247 2999 426 3038 ventum
458 3000 521 3039 est
544 2994 585 3038 V
617 2996 740 3039 venit
771 2995 840 3039 ed.
