2078 3260
770 163 1074 210 AENEIDOS
1104 164 1191 210 XII
1721 170 1831 224 609

135 305 208 354 ire
254 304 443 370 potuit,
495 305 615 367 quia
659 305 824 353 fuerat
869 304 974 354 dea.
1056 306 1203 367 niqra
1238 305 1369 354 velut
1402 320 1612 367 maynas
1650 307 1835 356 domini

137 395 246 429 cum
276 380 440 428 divitis
471 379 608 428 aedis
630 379 856 439 pervolat
885 382 928 427 et
940 379 1117 439 pinnis
1147 379 1250 428 alta
1273 380 1404 428 atria
1427 379 1603 429 lustrat
1623 381 1834 430 hirundo

135 453 351 516 [pabula
379 467 548 515 parva
594 454 751 515 leyens
796 453 1020 513 nidisque
1058 454 1339 514 loquacibus
1384 453 1572 516 escam]
1617 458 1661 502 et
1704 470 1836 504 nwnc
1852 466 1938 506 475

131 528 398 589 porticibus
427 528 619 584 vacui3‚
656 542 787 575 nunc
816 527 988 576 umida
1019 528 1201 576 circum
1230 531 1407 590 stayna
1436 531 1602 577 sonat:
1638 529 1834 592 nigram

85 615 105 647 5
135 601 452 650 hirundinem
498 617 588 664 pro
641 601 853 650 dolentis
903 617 1136 665 persona,
1187 603 1338 650 etiam
1389 603 1606 667 lugentis
1645 603 1836 665 posuit3

134 675 414 724 hirundinis
448 691 644 739 quoque
675 690 774 723 non
798 676 1014 725 inaniter
1037 677 1442 739 conparationem
1465 676 1679 738 induxit,
1707 693 1836 740 quae

135 751 204 799 sit
241 750 511 799 domestica
553 752 612 798 ut
649 750 860 798 Iuturna
899 750 958 798 de
1005 750 1176 798 eadem
1225 751 1371 799 domo
1417 753 1467 799 et
1503 750 1698 800 familia
1736 767 1837 813 qua

135 825 346 874 Turnus.
423 824 609 887 pabula
647 839 804 887 parva
842 824 1010 888 legens
1049 825 1280 888 nidisque
1318 825 1612 888 loquacibus
1652 841 1837 874 escam:

133 899 318 947 fetibus
368 899 473 958 suis
526 898 764 946 alimonia
811 899 1119 960 quaeritans,
1168 901 1227 947 ut
1275 899 1489 948 salutem
1536 900 1835 948 incolumem

62 985 104 1017 ιο
132 975 346 1021 teneant.
400 974 594 1032 iamque
623 973 700 1020 hic
726 987 1018 1033 yermanum
1047 975 1242 1033 iamque
1275 974 1352 1022 hic
1381 974 1588 1022 ostendit
1616 978 1838 1023 ovantem

133 1062 220 1096 nec
243 1048 460 1107 conferre
482 1062 687 1095 manwm
708 1048 908 1107 patitur,
933 1047 1066 1095 volat
1087 1049 1201 1096 avia
1228 1047 1387 1109 lonqe:
1411 1048 1612 1098 volebat
1627 1047 1838 1096 Iuturna
1853 1058 1940 1099 480

135 1121 205 1170 sic
243 1122 469 1169 Turnum
519 1119 735 1182 ostendi,
786 1123 846 1169 ut
883 1122 1098 1185 gaudere
1135 1122 1304 1184 potius
1353 1137 1503 1185 quam
1548 1122 1695 1172 rebus
1735 1123 1837 1171 suis

134 1195 356 1244 diffidere
379 1194 648 1256 videretur,
670 1211 760 1243 nec
783 1197 952 1244 tamen
974 1196 1107 1244 hunc
1130 1195 1472 1245 committebat
1496 1197 1838 1260 congressibus

135 1272 185 1318 et
221 1270 369 1334 longe
410 1269 475 1317 ad
514 1286 573 1318 ea
611 1269 877 1331 separabat
915 1285 1043 1332 quae
1089 1286 1187 1318 non
1235 1272 1483 1319 scaterent
1518 1270 1666 1319 bello.
1719 1271 1841 1319 haut

62 1355 104 1388 15
133 1345 298 1392 minus
336 1344 533 1392 Aeneas
564 1347 709 1391 tortos
748 1345 860 1405 Zeyit
895 1345 1066 1392 obvius
1102 1345 1234 1392 orbis
1270 1346 1562 1406 vestiqatque
1596 1346 1758 1393 virum
1797 1349 1841 1393 et

135 1419 336 1466 disiecta
365 1432 459 1478 per
506 1419 707 1478 aqmina
751 1433 935 1479 maqna
979 1432 1090 1466 voce
1127 1422 1287 1466 vocat:
1338 1421 1581 1481 quantum
1626 1419 1840 1468 Iuturna

135 1492 403 1555 separabat
442 1507 472 1539 a
511 1491 857 1555 congressibus
900 1493 1104 1540 fratrem
1153 1495 1351 1541 tantum
1392 1493 1588 1542 Aeneas
1628 1509 1837 1557 conpen-

136 1566 288 1615 diosis
314 1565 512 1615 orbibus
536 1566 808 1628 praebebat
832 1582 882 1615 se
906 1567 1108 1615 obvium
1132 1569 1182 1615 et
1204 1567 1560 1629 praeveniebat
1575 1570 1838 1630 errantem,

135 1656 225 1689 nec
261 1640 365 1689 iam
404 1640 617 1702 occulte;
657 1656 774 1688 nam
805 1641 935 1688 hunc
966 1657 1055 1703 per
1091 1643 1170 1689 tot
1201 1657 1399 1704 sparsos
1438 1641 1680 1690 exercitus
1718 1657 1838 1691 voce

62 1727 105 1759 20
135 1731 320 1778 magna
368 1714 688 1776 provocabat.
744 1716 960 1774 quotiens
999 1716 1160 1764 oculos
1207 1717 1402 1764 coniecit
1438 1717 1493 1763 in
1530 1716 1709 1764 hostem
1748 1716 1838 1764 ali-

128 1790 403 1850 pedumque
440 1789 614 1850 fuqam
656 1804 804 1837 cursu
851 1791 1097 1850 temptavit
1142 1804 1372 1848 equorum
1422 1804 1617 1838 aversos
1663 1804 1838 1838 currus
1854 1801 1940 1842 485

137 1864 306 1911 totiens
329 1863 548 1911 Iuturna
576 1864 791 1911 retorsit:
831 1863 1062 1926 quotiens
1094 1865 1201 1912 viso
1233 1865 1376 1912 hoste
1407 1864 1602 1913 Aeneas
1641 1865 1714 1912 ire
1754 1863 1837 1912 ob-

136 1937 271 1984 viam
309 1937 472 1985 voluit
507 1938 692 1986 totiens
731 1937 947 1986 Iuturna
986 1953 1158 1986 currus
1195 1939 1249 1985 in
1289 1939 1413 1987 alias
1445 1941 1604 2001 partis
1634 1938 1836 1988 inflexit.

135 2013 229 2059 heu
259 2011 376 2070 quid
408 2012 555 2071 aqat?
589 2010 757 2073 [vario
789 2013 1107 2072 nequicquam
1129 2014 1333 2070 fluctuat
1362 2011 1544 2074 aestu]-
1582 2012 1839 2077 cogitabat

62 2098 105 2131 25
138 2085 259 2148 quid
297 2088 466 2149 ageret
505 2084 675 2134 dolens
716 2087 766 2134 et
807 2086 912 2134 sine
953 2087 1122 2149 aliquo
1170 2087 1348 2135 effectu
1385 2086 1591 2135 remedii
1629 2087 1837 2136 diversis

138 2159 358 2208 aestibus
382 2159 684 2222 agitabatur.
725 2161 1036 2220 diversaeque
1058 2165 1232 2209 vocant
1254 2162 1475 2209 animwm
1504 2162 1559 2209 in
1590 2162 1838 2210 contraria

260 2336 282 2373 1
318 2345 410 2387 qua
436 2335 607 2386 puerat
636 2331 750 2375 adea
774 2330 814 2373 V
846 2332 957 2386 quia
986 2331 1142 2385 fuerat
1171 2332 1256 2376 dea
1286 2346 1370 2376 nos
1402 2346 1491 2376 om.
1517 2332 1588 2375 ed.
1697 2336 1723 2374 3
1750 2345 1838 2388 pa-

140 2391 480 2434 bula—escam
512 2390 644 2434 deest
675 2390 724 2433 in
748 2389 804 2444 V,
834 2390 916 2434 sed
941 2390 1220 2446 explicatur:
1254 2406 1399 2436 escam
1423 2391 1608 2447 scripsi,
1636 2391 1748 2446 quia
1773 2391 1839 2435 sic

140 2449 189 2492 in
212 2449 404 2504 interpr.
423 2448 478 2492 V.
520 2449 524 2506 Ι,
561 2450 669 2505 post
699 2449 787 2492 hoc
817 2449 1054 2503 fetibus—
1069 2451 1294 2495 retineant
1324 2451 1545 2519 interpos.
1572 2449 1642 2494 ed.
1669 2450 1840 2493 lemma

142 2508 413 2551 continuum
445 2521 593 2564 usque
626 2508 686 2551 ad
717 2513 851 2552 sonat
880 2508 1086 2564 pertinet
1109 2509 1229 2553 inV.
1327 2515 1355 2553 4
1386 2511 1523 2568 niqra
1546 2510 1659 2553 mihi
1679 2509 1839 2554 hirun-

141 2568 292 2611 dinem
316 2566 357 2609 V
383 2581 497 2610 corr.
525 2567 597 2610 ed.
690 2570 715 2609 5
746 2581 987 2623 personam
1009 2567 1063 2612 V.
1110 2569 1114 2627 1
1161 2571 1269 2625 post
1299 2571 1435 2613 etiam
1466 2570 1648 2624 partem
1681 2581 1838 2612 eorum

142 2639 261 2681 quae
300 2627 408 2682 post
447 2626 635 2670 induxit
672 2625 817 2670 habet
851 2626 893 2670 V
930 2641 1175 2684 perperam
1223 2628 1420 2672 inseruit
1462 2628 1533 2671 ed.
1657 2632 1683 2671 6
1724 2641 1841 2684 quae

140 2688 202 2730 sit
225 2711 280 2717 —
309 2689 362 2728 10
399 2690 583 2729 teneant
619 2686 727 2741 post
764 2686 951 2754 induxit
988 2686 1134 2731 habet
1164 2687 1206 2731 V
1245 2687 1415 2731 lemma
1452 2687 1684 2731 similis—
1699 2700 1840 2731 curru

144 2744 388 2788 substituit
422 2744 508 2797 ed„
542 2745 666 2799 quod
700 2744 832 2788 deest
862 2745 912 2788 in
934 2745 977 2789 V
1007 2759 1156 2802 neque
1190 2746 1465 2802 explicatur.
1572 2750 1624 2789 11
1657 2746 1840 2790 volabat

143 2805 172 2847 i.
206 2818 240 2848 s.
272 2809 302 2848 t.
332 2804 525 2848 ostendit
555 2802 597 2846 V
627 2805 801 2848 volebat
831 2805 870 2848 Ι.
897 2819 931 2849 s.
962 2806 1010 2850 T.
1045 2806 1272 2850 ostendere
1311 2805 1382 2849 ed.
1514 2809 1569 2848 14
1608 2805 1670 2849 ad
1714 2819 1837 2848 ea—

146 2863 256 2906 bello
297 2863 504 2919 corrupit
544 2862 614 2906 ed.
747 2868 800 2907 16
832 2877 1001 2921 mayna
1032 2879 1120 2909 om.
1146 2864 1201 2907 V.
1332 2869 1385 2907 21
1420 2877 1582 2914 currus
1610 2865 1774 2908 totiens
1796 2863 1839 2906 V

145 2922 306 2966 totiens
337 2936 497 2966 currus
530 2922 599 2965 ed.
635 2923 682 2965 et
704 2921 843 2979 Verg.
868 2922 990 2967 libri.
1088 2928 1143 2967 24
1175 2925 1516 2968 vario—aestu
1547 2922 1678 2967 deest
1707 2922 1758 2966 in
1781 2922 1836 2978 V,

56 2987 59 2989 ’
146 2980 229 3023 sed
260 2981 533 3036 explicatur.

236 3069 333 3103 Don.
349 3071 506 3110 interpr.
519 3071 632 3111 Verg.
656 3071 797 3104 v01.11.
1511 3075 1565 3114 39
