2050 3226
217 155 327 208 430
687 153 920 198 DONATI
948 142 1433 200 1NTERPR.VERG.
2031 170 2037 235 3

216 295 300 342 tur
335 292 609 356 inprovidi,
652 293 961 357 incognitam
998 292 1339 342 discriminum
1374 295 1569 356 partem
1605 294 1766 343 vitare
1802 309 1903 342 non

217 366 442 430 possunt.
497 383 525 417 o
555 367 748 416 iuvenis
779 367 878 416 mei
908 367 1061 415 durae
1092 367 1343 429 primitiae
1375 370 1426 416 et
1454 367 1508 416 in
1539 383 1733 416 cassum
1763 368 1902 417 fusae

218 442 404 490 cunctis
466 440 751 490 numinibus
813 442 1002 503 preces!
1086 457 1176 489 nec
1234 441 1364 490 fflius
1425 442 1663 491 mandata
1722 442 1905 491 retinet

216 516 376 578 patris
414 531 505 564 nee
541 517 658 564 voto
699 516 938 578 supplicis
975 515 1179 563 deorum
1216 515 1361 565 favor
1399 516 1601 565 accedit.
1663 516 1750 565 ubi
1787 518 1905 565 sunt

215 589 305 637 illa
357 606 484 652 quae
533 604 623 652 pro
672 589 1018 637 incolumitate
1070 588 1144 637 fili
1192 589 1501 638 miserandus
1555 589 1748 640 exolvi?
1818 606 1905 639 cur
1957 605 1976 638 5
2039 591 2041 609 ⁵

219 663 379 712 surdis
434 663 636 711 auribus
683 662 878 712 iuvenis
930 662 1198 711 metuenda
1252 663 1508 712 commisi?
1577 680 1687 714 sera
1737 665 1902 713 cautio

217 739 293 786 est
344 739 459 800 post
519 736 784 785 orbitatem
836 753 1000 785 meam
1052 739 1269 786 tractare
1323 754 1451 800 quae
1511 741 1633 787 tunc
1693 739 1903 803 integris

158 836 162 839 ·
215 811 363 860 rebus
403 811 565 858 curari
603 814 912 860 convenerat.
988 811 1116 859 nibil
1161 811 1374 860 dicerem
1410 812 1537 874 filio,
1575 813 1765 862 nullam
1811 813 1902 860 deo

216 901 409 948 precem
448 884 722 948 supplicem
759 885 1040 947 funderem,
1085 901 1185 934 non
1223 886 1464 935 solverem
1501 889 1641 949 vota,
1686 889 1905 935 tenerem
2049 897 2050 950 1

216 960 450 1008 miserum
487 959 741 1020 iuvenem,
779 960 1007 1008 faverent
1046 959 1118 1007 dii
1156 975 1322 1008 omnes
1361 959 1540 1008 tutiori
1578 961 1783 1010 consilio
1815 977 1905 1009 nec
1936 974 1979 1006 lo
2049 954 2050 979 ³

216 1034 346 1082 votis
386 1032 636 1097 aliquibus
675 1048 764 1081 nec
795 1033 1022 1096 precibus
1054 1033 1272 1083 invitati.
1333 1037 1496 1094 taque,
1537 1048 1564 1082 o
1594 1036 1906 1083 sanctissima

216 1108 447 1164 coniunx,
495 1107 616 1167 felix
652 1111 801 1156 morte
839 1111 925 1156 tua
962 1122 1114 1167 neque
1157 1108 1212 1156 in
1256 1108 1384 1156 hanc
1428 1111 1624 1157 servata
1673 1109 1906 1158 dolorem:

216 1180 384 1245 gemui
429 1180 722 1244 aliquando,
768 1190 914 1244 uxor,
959 1183 1171 1230 mortem
1207 1184 1372 1243 tuam,
1419 1198 1531 1230 cum
1566 1185 1617 1231 te
1657 1184 1907 1232 constaret

215 1255 382 1304 felicia
426 1254 719 1317 perdidisse:
769 1257 876 1305 sola
925 1272 976 1304 es
1026 1255 1108 1304 cui
1156 1256 1385 1319 profuere
1435 1256 1696 1305 contraria.
1772 1272 1904 1305 mors

214 1329 310 1377 tibi
357 1329 649 1378 beneficium
697 1330 817 1392 fuit,
867 1347 967 1379 non
1012 1330 1151 1380 vides
1197 1332 1396 1379 nostrae
1442 1331 1598 1394 prolis
1645 1331 1907 1380 interitum
1938 1342 1979 1376 15

115 1411 199 1452 160
216 1419 304 1452 nec
351 1403 550 1452 ruinam
597 1404 758 1453 nostri
807 1405 998 1469 generis
1048 1405 1261 1467 plangis.
1354 1408 1522 1453 contra
1571 1419 1652 1466 690
1701 1405 1904 1453 vivendo

214 1479 309 1526 vici
345 1492 454 1526 mea
490 1480 620 1538 fata,
659 1477 931 1540 [superstes
961 1483 1194 1527 restarem
1223 1482 1278 1526 at
1303 1477 1542 1540 yenitorJ:
1582 1481 1746 1527 totum
1784 1479 1906 1527 dicit

217 1553 270 1599 in
324 1552 626 1600 contrarium
679 1568 898 1614 versum,
959 1554 1018 1600 ut
1077 1551 1206 1602 mori
1266 1552 1578 1601 commodum
1631 1553 1784 1601 fuerit
1844 1555 1904 1615 ei,

215 1626 394 1674 vixisse
425 1629 749 1675 tormentum:
789 1626 1040 1676 decessisti
1070 1628 1389 1689 superstitem
1417 1626 1577 1674 filium
1605 1627 1904 1689 relinquens,

216 1703 388 1748 contra
433 1702 539 1763 ipse
584 1701 886 1750 miserrimus
932 1702 1069 1762 vivo,
1120 1716 1220 1748 non
1267 1701 1447 1762 filium,
1499 1700 1584 1748 sed
1633 1701 1707 1748 fili
1755 1701 1903 1750 funus
1936 1712 1980 1744 20

217 1775 540 1836 amplectens,
589 1775 703 1824 vivo
755 1777 870 1838 post
918 1792 1030 1823 eum
1080 1776 1196 1822 ante
1248 1791 1395 1838 quem
1449 1774 1712 1824 debueram
1761 1777 1902 1824 mori.

218 1849 399 1895 Troum
429 1850 560 1897 socia
594 1864 738 1898 arma
766 1853 980 1898 secatam
1011 1850 1265 1897 obruerent
1294 1849 1469 1896 Rutuli
1498 1850 1631 1899 telis!
1685 1850 1905 1897 animam

214 1922 318 1981 ipse
356 1923 594 1970 dedissem
632 1927 773 1983 atque
801 1924 919 1972 haee
948 1938 1134 1984 pompa
1172 1923 1367 1971 domm
1403 1937 1499 1979 me,
1539 1938 1641 1975 reon
1673 1924 1904 1972 Pallanta

214 1996 441 2055 referret!
502 1997 545 2045 si
581 1997 804 2059 peccavi,
844 1997 964 2060 quia
1002 1997 1203 2045 foedera
1238 1996 1379 2045 iunxi
1416 2012 1526 2045 cum
1558 1997 1773 2059 Teucris,
1813 2013 1902 2061 ego

218 2069 364 2117 debui
415 2070 615 2119 Rutulis
659 2081 903 2134 poenam,
957 2087 1048 2135 ego
1100 2071 1247 2119 debui
1296 2071 1428 2120 solus
1485 2072 1731 2135 extingui,
1786 2070 1902 2120 dare
1935 2080 1977 2113 25

218 2144 435 2192 animam
473 2144 665 2206 volens,
704 2147 871 2194 finiret
909 2146 1157 2194 cruciatus
1196 2161 1331 2194 meos
1369 2146 1575 2194 ultimus
1616 2145 1742 2206 dies,
1779 2145 1904 2192 mihi

215 2217 389 2266 fierent
425 2218 545 2279 ista,
591 2221 651 2266 tu
687 2220 946 2283 plangeres
993 2235 1181 2281 senem,
1227 2236 1305 2268 me
1350 2219 1540 2268 videret
1577 2220 1743 2282 patria
1782 2221 1901 2267 ceci-

217 2291 346 2340 disse
397 2307 547 2353 quam
595 2294 659 2340 te.
735 2309 821 2342 nec
869 2309 954 2342 vos
1004 2294 1270 2354 arquerim,
1325 2294 1519 2350 Teucri,
1571 2307 1657 2340 nec
1704 2293 1902 2353 foedera

115 2372 199 2412 165
215 2380 301 2414 nee
332 2380 455 2425 qaas
484 2367 736 2414 iunximus
765 2368 968 2428 hospitio
1004 2368 1223 2416 dextras:
1259 2370 1542 2430 praesentes
1575 2365 1903 2414 Troianorum

217 2439 374 2502 aliqui
412 2455 472 2488 ne
512 2439 814 2488 arbitrentur
852 2442 1047 2489 causari
1078 2441 1369 2490 Euandrum
1410 2440 1544 2503 quod
1573 2457 1663 2503 per
1698 2440 1901 2494 illorum
1934 2450 1976 2482 30

218 2513 491 2562 amicitiam
538 2514 821 2563 Pallantem
869 2515 1187 2577 perdidisset,
1242 2515 1422 2564 idcirco
1475 2515 1547 2563 ait
1596 2531 1696 2562 non
1746 2530 1900 2578 arguo

216 2603 324 2650 vos,
365 2589 564 2650 Teucri,
602 2589 653 2636 in
692 2604 843 2637 causa
883 2588 1110 2638 orbitatis
1150 2605 1310 2652 meae,
1353 2588 1479 2636 nihil
1517 2589 1640 2635 mihi
1680 2588 1901 2636 amicitia

336 2733 360 2772 9
391 2730 584 2786 supplex
615 2729 730 2773 edF.
825 2733 878 2772 13
910 2743 1028 2773 uoeor
1060 2744 1147 2774 om.
1173 2730 1290 2775 edF.
1389 2734 1442 2772 17
1475 2730 1902 2785 superstes—yeni-

216 2793 286 2831 ιον
317 2788 447 2832 deest
477 2789 527 2832 in
550 2788 605 2843 V,
635 2788 717 2833 sed
742 2788 1013 2843 explicatur.
1109 2794 1162 2833 18
1185 2791 1341 2844 fuerat
1362 2789 1404 2832 V
1428 2790 1516 2832 -rit
1538 2801 1620 2831 nos
1643 2788 1806 2841 fuisset
1828 2788 1899 2831 ed.

218 2851 274 2889 24
304 2849 369 2891 sic
400 2851 632 2904 expuncta
663 2862 686 2891 e
715 2847 867 2903 prima
897 2861 1039 2890 manu
1064 2847 1104 2890 V
1135 2850 1201 2893 sic
1231 2849 1302 2894 ed.
1403 2851 1456 2890 25
1490 2847 1600 2891 dare
1622 2846 1665 2890 V
1696 2852 1738 2891 et
1760 2847 1801 2890 d.
1829 2847 1899 2890 ed.

217 2906 403 2951 darem?
510 2912 564 2951 27
598 2921 665 2951 me
695 2907 866 2951 videret
886 2905 926 2949 V
959 2907 1239 2952 tolerabilius
1268 2908 1487 2962 interpos
1522 2905 1592 2950 ed.
1708 2910 1761 2949 29
1794 2907 1900 2950 iun-

216 2966 364 3021 9imus
395 2966 464 3010 ed.
589 2971 641 3010 31
677 2980 814 3022 arque
838 2965 880 3009 V
910 2967 1139 3022 arquerim
1171 2966 1241 3011 ed.
