2050 3226
794 131 1100 177 AENEIDos
1124 131 1188 177 lx
1733 135 1838 190 187

146 274 371 323 Euandri
421 272 589 337 potuit
640 273 748 321 leve
802 288 906 321 6336
956 274 1007 321 613
1054 273 1218 321 minus
1269 273 1667 334 formidolosum,
1722 275 1841 336 quia

146 349 334 398 sciebat
386 348 582 396 Turnus
636 346 930 395 Euandrum
988 362 1088 395 non
1149 346 1346 411 magnis
1408 346 1586 410 opibus
1642 347 1839 395 fultum.

147 423 290 472 addit
338 423 582 471 extremas
634 419 843 483 Corythi
894 423 1180 484 penetravit
1233 421 1298 469 ad
1349 420 1511 469 urbis:
1571 436 1662 469 nec
1716 421 1842 469 dixit

147 513 272 561 quas
312 512 402 545 nec
440 496 565 543 dixit
604 496 844 558 quanta83
880 495 933 543 in
971 496 1066 544 hac
1105 495 1238 543 enim
1275 495 1475 543 infinita
1513 495 1840 559 generalitate

34 587 37 589 ·
95 585 116 618 5
144 574 306 620 metus
347 586 451 619 6336
488 569 658 634 potuit
693 571 867 617 maior.
944 568 1296 632 Lydorumque
1332 585 1560 631 manum,
1607 569 1838 618 collectos

62 643 66 645 “
147 647 310 695 armat
370 644 605 709 agrestis:
673 642 1026 706 Lydorumque
1085 661 1291 692 manum
1353 646 1539 706 armat,
1608 643 1840 692 collectos

147 720 358 784 agrestis
398 720 582 779 armat,
620 720 679 766 ut
715 734 816 767 non
854 719 988 766 idem
1033 717 1136 766 sint
1173 717 1303 780 Lydi
1341 720 1391 766 613
1427 718 1560 766 idem
1600 719 1842 782 agreste33

147 796 337 858 quanto
376 794 509 842 enim
546 791 736 840 fuerint
774 792 924 841 divisi
968 809 1058 855 per
1101 793 1284 855 partis,
1334 794 1477 841 tanto
1524 793 1702 841 crescit
1745 792 1844 840 for-

144 868 280 917 mido
311 868 560 917 terrentis,
623 866 890 929 separandi
918 867 1097 915 urbani
1133 869 1252 916 sunt
1289 867 1467 929 populi
1497 868 1547 915 613
1578 865 1844 930 separandi

27 953 28 956 ’
73 961 117 993 111
146 945 381 1007 agrestes.
474 941 687 1004 denique
741 943 792 989 613
843 940 956 1003 ipsa
1008 941 1160 990 verba
1212 942 1308 990 hoc
1360 942 1666 1004 monstrant3
1726 955 1845 988 nam

146 1017 456 1079 Tyrrhenam
515 1031 720 1064 manum
782 1015 912 1063 dixit
971 1015 1211 1064 feminino
1273 1031 1451 1079 genere
1506 1018 1557 1063 et
1610 1015 1843 1064 collectos

15 1099 27 1175 ἰ’
146 1091 358 1155 agrestis
403 1091 680 1139 masculino
731 1091 782 1138 et
829 1105 1034 1137 manum
1079 1089 1207 1137 dixit
1256 1089 1501 1153 singulari
1549 1105 1753 1138 numero
1794 1091 1845 1136 et

16 1178 26 1249 1
146 1166 379 1214 6οΠ661303
419 1164 630 1229 agrestis
668 1163 876 1226 plurali:
914 1163 1121 1226 proinde
1153 1164 1430 1225 separanda
1462 1167 1581 1213 sunt
1610 1165 1743 1224 haec,
1781 1179 1844 1211 ne

16 1284 22 1299 ,
148 1239 358 1288 collecta
389 1241 540 1302 atque
573 1239 839 1287 coniuncta.
868 1238 1049 1287 vitium
1079 1255 1169 1300 per
1199 1254 1382 1302 genera
1414 1240 1465 1286 613
1494 1254 1583 1300 per
1611 1253 1844 1286 numeros

17 1316 22 1367 ἓ
75 1330 117 1363 15
147 1313 350 1362 faciant.
443 1313 564 1376 quid
618 1311 852 1360 dubitas?
913 1312 1140 1361 dubitare
1201 1313 1423 1360 timentis
1485 1314 1561 1361 est
1621 1313 1844 1376 signum:

16 1389 24 1405 ¹
146 1390 311 1450 tanta,
362 1388 551 1450 inquit,
599 1402 840 1450 personae
886 1388 937 1435 613
980 1386 1220 1449 temporis
1267 1387 1461 1435 occasio
1503 1402 1604 1434 non
1650 1389 1726 1435 est
1763 1385 1843 1434 de-

18 1511 22 1522 ,
146 1461 523 1510 liberationibus
563 1461 855 1523 differenda3
894 1477 995 1509 non
1034 1461 1166 1508 enim
1202 1461 1522 1510 tractandum
1555 1463 1631 1509 6313
1661 1460 1843 1509 facien-

18 1560 22 1597 k
147 1535 327 1584 dumne
377 1536 444 1584 sit
498 1535 690 1598 aliquid
743 1551 808 1583 an
861 1551 963 1584 non
1015 1535 1312 1584 faciendum.
1394 1536 1498 1583 iam
1553 1534 1676 1583 dicit
1726 1534 1845 1597 quid

18 1650 24 1698 5
146 1609 428 1733 {aciendum
481 1611 569 1672 sit,
591 1687 614 1732 t
629 1626 691 1658 ne
742 1609 828 1657 ille
882 1610 934 1657 in
990 1610 1231 1672 capiendo
1295 1610 1558 1658 consilium
1618 1609 1846 1671 perderet

19 1714 23 1732 ι
74 1700 118 1732 20
172 1700 358 1747 empus.
427 1700 560 1732 nunc
615 1699 788 1746 empus
821 1699 996 1747 equOS,
1035 1699 1170 1732 nunc
1201 1699 1402 1747 poscere
1434 1699 1629 1744 61111113,
1668 1699 1844 1745 rumpe

147 1774 312 1807 moras
352 1758 511 1807 omnis
552 1760 603 1807 et
638 1758 844 1807 turbata
883 1759 1047 1820 arripe
1078 1760 1265 1807 castra:
1304 1760 1428 1820 iam,
1469 1759 1658 1820 inquit,
1699 1757 1844 1806 debes

149 1848 300 1895 equos
339 1834 391 1880 613
428 1848 600 1882 61111113
638 1834 807 1896 petere
838 1835 889 1881 et
926 1833 1144 1894 arripere
1177 1835 1341 1881 castra
1370 1832 1587 1880 turbata.
1640 1832 1845 1880 turbata

149 1906 276 1955 dixit
313 1906 611 1969 indisposita
650 1909 699 1955 et
739 1908 844 1956 sine
881 1909 1088 1955 rectore.
1156 1907 1283 1954 dixit
1321 1910 1365 1954 et
1400 1908 1455 1954 iu
1486 1907 1673 1954 caelum
1701 1907 1844 1966 pari-

150 1982 240 2029 bus
277 1995 329 2028 se
373 1982 571 2029 sustulit
615 1982 710 2029 alis
755 1983 1087 2042 inqentemque
1130 1982 1255 2042 fuya
1300 1982 1451 2029 secuit
1494 1981 1586 2028 sub
1632 1981 1845 2028 nubibus
1864 1988 1917 2027 15

75 2070 119 2103 25
151 2069 345 2102 arcwm:
373 2055 462 2103 ubi
483 2055 698 2118 inplevit
720 2055 879 2118 partis
904 2071 1034 2117 suaS,
1067 2054 1356 2119 obiurgavit
1380 2055 1620 2116 Turnum,
1650 2055 1844 2115 terruit,

148 2128 405 2190 instruxit,
444 2129 647 2178 hortata
686 2132 762 2178 est
799 2132 850 2178 et
888 2129 1008 2192 quid
1047 2130 1209 2178 facere
1242 2129 1440 2178 deberet
1479 2129 1712 2191 ostendit,
1751 2127 1845 2177 alis

149 2203 355 2265 paribus
393 2204 635 2252 remeavit
673 2203 738 2251 ad
775 2204 980 2251 caelum.
1056 2203 1180 2252 bene
1228 2203 1424 2252 addidit
1469 2202 1698 2265 paribus,
1748 2202 1847 2250 nisi

151 2278 283 2325 enim
313 2277 426 2340 pari
455 2277 567 2326 nisu
591 2278 815 2326 volatum
846 2279 1102 2340 praestare
1131 2293 1231 2325 non
1263 2279 1494 2341 possunt3
1525 2293 1643 2325 nam
1673 2276 1717 2325 si
1746 2292 1847 2324 una

151 2352 226 2399 est
265 2351 465 2413 debilis,
502 2352 764 2400 incolumis
803 2367 921 2399 vero
962 2351 1085 2413 alia,
1123 2351 1328 2414 perinde
1361 2353 1478 2400 sunt
1509 2367 1566 2399 ac
1598 2352 1641 2399 si
1673 2351 1845 2398 ambae

77 2439 121 2472 ao
150 2427 358 2474 vexatae
397 2427 512 2474 sint.
574 2427 771 2487 agnovit
806 2426 998 2474 iuvenis
1030 2426 1331 2486 duplicisque
1362 2426 1428 2474 ad
1458 2426 1623 2473 sidera
1644 2425 1846 2484 palmas

151 2500 372 2547 sustulit:
411 2499 624 2562 duplicis
665 2499 813 2561 dixit,
852 2515 952 2547 non
991 2500 1140 2562 duas3
1178 2516 1339 2562 neque
1379 2499 1511 2548 enim
1547 2499 1682 2547 ultra
1721 2499 1846 2545 duas

272 2661 295 2699 1
330 2669 420 2700 esse
450 2670 539 2700 om.
565 2655 637 2700 ed.
674 2655 678 2714 Ι
712 2655 1056 2710 formidolosum
1081 2654 1122 2698 V
1143 2656 1178 2710 f.
1203 2656 1351 2700 videri
1374 2655 1445 2699 ed.
1533 2659 1562 2697 4
1593 2654 1781 2709 infinita
1804 2651 1846 2695 V

151 2715 313 2770 infima
344 2715 416 2759 ed.
510 2720 536 2759 6
568 2715 959 2772 Lydorumque—
979 2719 1033 2758 12
1057 2716 1312 2759 masculino
1342 2720 1385 2759 et
1415 2728 1503 2758 om.
1530 2713 1602 2757 ed.
1704 2715 1758 2755 13
1789 2725 1846 2755 ‘ne

23 2758 33 2822 1
150 2776 259 2829 post
304 2775 547 2818 coniuncta
590 2776 820 2829 transpos.
862 2773 934 2817 ed.
1065 2778 1120 2817 16
1162 2788 1257 2818 mm
1298 2775 1417 2818 enim
1447 2772 1490 2816 V
1532 2785 1625 2815 non
1667 2776 1731 2815 est
1772 2770 1844 2814 ed.

154 2837 208 2876 17
241 2833 488 2887 deferenda
510 2832 552 2876 V
585 2847 698 2877 corr.
733 2832 804 2876 ed.
928 2836 982 2875 19
1014 2833 1067 2876 in
1098 2846 1185 2876 om.
1212 2833 1284 2877 ed.
1407 2837 1463 2875 24
1502 2831 1717 2875 substulit
1745 2829 1800 2873 V.
1837 2833 1841 2886 Ι

54 2933 58 2937 .
151 2893 296 2936 saevit
338 2906 423 2948 pro
468 2894 611 2936 secuit
647 2891 702 2935 V.
833 2895 889 2934 26
932 2892 1023 2935 alis
1057 2893 1255 2947 paribus
1288 2891 1331 2934 V
1372 2892 1481 2935 aliis
1516 2890 1731 2946 partibus
1772 2889 1844 2932 ed.

155 2954 209 2993 27
241 2951 427 2995 addidit
449 2952 645 3007 paribus
667 2950 710 2995 V
741 2965 783 2995 a.
804 2964 853 3006 p.
879 2950 968 2994 alis
999 2949 1071 2994 ed.

22 3022 42 3055 ’ν
