2050 3226
213 165 247 218 2
252 164 323 219 84
687 162 920 208 DONATI
949 162 1231 208 INTERPR.
1254 161 1435 209 VERG.

211 300 400 352 nobiles
441 318 498 352 ac
534 303 667 352 tanti
703 301 897 351 numeri
942 301 1210 352 straverit?
1270 304 1328 351 et·
1355 303 1450 351 hoc
1487 301 1660 351 fecerit
1696 318 1785 366 per
1820 319 1902 351 ur·

210 375 345 438 bem,
404 376 456 424 in
511 393 613 440 qua
665 377 860 426 facilius
915 376 1135 425 adunata
1191 376 1464 425 multorum
1521 392 1678 424 manu
1738 376 1905 439 potuit

211 449 398 499 sterni?
454 451 587 500 solus
619 451 784 500 valuit
820 451 980 514 pluris
1020 448 1272 499 occidere?
1328 465 1428 498 non
1463 450 1675 511 infelicis
1707 451 1904 510 patriae

132 549 135 557 ·
209 527 513 585 veterumque
565 525 766 573 deorum
825 528 869 573 et
926 525 1095 585 mayni
1146 522 1343 573 Aeneae
1403 538 1570 587 seqnes
1621 525 1904 585 miseretque

202 598 479 660 pudetque?
553 615 676 660 non,
729 599 918 661 inquit,
971 597 1109 647 venit
1161 597 1302 647 vobis
1353 597 1407 646 in
1458 601 1676 647 mentem
1729 598 1903 647 infelix
1956 614 1978 649 5

208 673 399 736 patria,
439 689 588 736 quam
627 688 859 735 reparare
899 671 1164 721 debemus?
1224 687 1324 721 non
1363 671 1437 721 dii
1467 672 1644 722 Troiae
1684 672 1902 722 conside·

207 749 406 808 rantur,
457 762 582 810 quos
633 747 786 796 vultis
838 745 1098 795 addicere?
1160 762 1261 795 non
1305 746 1503 796 Aeneae
1549 746 1902 810 contemplatio

209 820 448 882 absentis,
485 821 575 884 qui
604 820 747 869 nobis
780 835 919 883 spem
949 836 1091 870 suam
1120 820 1378 884 filiumque
1410 820 1692 870 commisit?
1738 820 1903 885 segnis

148 959 151 961 -
208 910 296 944 vos
329 910 433 943 esse
472 910 572 942 non
602 895 803 943 miseret
841 896 931 943 aut
958 893 1146 958 pudet?
1206 896 1408 943 miseret
1444 896 1662 958 pertinet
1692 895 1757 943 ad
1787 895 1903 944 deos

209 971 259 1017 et
288 969 521 1031 patriam,
543 968 700 1032 pudet
730 969 795 1017 ad
817 968 1036 1017 Aenean.
1089 969 1353 1031 patiemini
1382 985 1552 1031 unum,
1576 968 1712 1031 socii,
1735 968 1903 1018 feretis
1937 985 1980 1019 ιο

180 1042 491 1092 inclusum?
552 1045 667 1106 post
704 1045 783 1091 tot
819 1044 1041 1092 virorum
1078 1042 1259 1091 talium
1289 1042 1489 1091 caedem
1526 1044 1698 1092 vivum
1737 1059 1795 1091 ex
1825 1044 1903 1092 his

207 1116 327 1166 locis
377 1117 587 1180 potestis
638 1116 896 1166 emittere?
967 1116 1077 1179 quis
1125 1117 1389 1166 subveniat
1434 1116 1608 1180 inopi?
1671 1116 1782 1180 quis
1828 1118 1903 1165 iu-

206 1191 348 1240 vabit
393 1190 673 1239 inclusum}>
735 1190 1132 1255 expergiscimini
1183 1190 1478 1254 aliquando!
1541 1193 1725 1240 sentiat
1770 1190 1903 1240 viros

208 1280 331 1327 quos
370 1266 699 1328 inrumpendo
739 1265 1058 1329 contempsit!
1113 1265 1294 1314 talibus
1332 1266 1522 1314 accensi
1558 1267 1824 1325 firmantur
1862 1269 1906 1314 et

207 1340 399 1400 aymine
445 1339 592 1387 denso
640 1341 929 1388 consistunt:
979 1355 1087 1388 ecce
1139 1342 1382 1402 quantum
1433 1340 1691 1388 commoda
1735 1340 1903 1388 horta-
1937 1354 1979 1388 ιε

206 1416 376 1462 menta
406 1414 692 1463 valuerunt!
743 1415 1020 1463 metuentes
1053 1413 1245 1462 dudum
1268 1415 1322 1462 in
1345 1414 1547 1476 plenam
1571 1413 1905 1463 constantiam

206 1489 407 1551 repente
439 1489 623 1536 mutati
654 1491 772 1537 sunt
803 1489 853 1537 et
881 1488 1077 1552 agmine
1101 1487 1252 1537 denso
1286 1488 1564 1537 consistunt
1594 1488 1904 1552 congregati-

208 1579 304 1625 que
336 1562 598 1611 unanimes
630 1564 719 1625 qui
750 1562 846 1610 sibi
875 1563 997 1627 fuga
1029 1562 1379 1611 consuluerant
1407 1563 1701 1624 recuperata
1723 1561 1903 1611 mentis

105 1643 189 1684 790
205 1636 388 1684 fiducia
435 1636 779 1685 constiterunt.
858 1637 1059 1685 Turnus
1096 1637 1345 1697 paulatim
1391 1637 1611 1685 excedere
1649 1651 1824 1697 puyna
1863 1639 1906 1684 et

205 1711 414 1769 fluvium
445 1714 606 1772 petere
645 1725 704 1759 ac
734 1714 930 1771 partem
969 1725 1092 1771 quae
1123 1711 1332 1771 cinyitur
1361 1711 1524 1759 unda:
1561 1710 1649 1758 ubi
1687 1709 1905 1759 advertit
1934 1725 1979 1759 20

207 1784 404 1833 Turnus
444 1785 726 1849 fugientum
756 1786 953 1834 mutata
992 1800 1096 1833 esse
1137 1784 1344 1832 consilia
1384 1786 1435 1833 et
1473 1800 1554 1833 eos
1593 1785 1742 1846 plena
1779 1784 1902 1833 fidu-

208 1860 312 1907 ciae
352 1858 686 1907 obstinatione
726 1858 1030 1920 constitisse,
1068 1859 1174 1921 ipse
1215 1874 1414 1921 quoque
1453 1858 1682 1922 fugiendi
1719 1860 1902 1908 tracta·

206 1934 314 1980 tum
365 1933 590 1981 consulto
640 1933 911 1995 suscipiens
963 1933 1198 1981 tendebat
1248 1932 1312 1980 ad
1367 1949 1477 1981 eam
1525 1935 1719 1995 partem
1774 1949 1902 1995 quae

205 2007 353 2055 undis
380 2007 836 2056 circumfluentibus
862 2007 1168 2071 cingebatur.
1224 2022 1282 2055 ac
1305 2023 1366 2054 ne
1390 2007 1485 2055 hoc
1507 2006 1672 2070 ipsum
1697 2006 1904 2055 Troiani

207 2082 470 2142 sentirent,
524 2082 771 2143 paulatim
822 2082 1039 2130 cedebat.
1117 2082 1282 2130 acrius
1331 2081 1419 2130 hoc
1470 2082 1646 2129 Teucri
1696 2081 1902 2130 clamore
1932 2094 1976 2129 25

205 2155 479 2203 incumbere
515 2170 691 2216 mayno
724 2159 767 2203 et
792 2156 1060 2216 ylomerare
1097 2170 1324 2204 manum:
1363 2156 1546 2203 clausis
1586 2155 1758 2204 ceteris
1789 2171 1901 2218 par-

206 2229 339 2278 tibus
388 2229 521 2278 solus
568 2229 811 2278 evadendi
849 2247 937 2293 per
984 2229 1192 2278 fluvium
1232 2245 1335 2278 esse
1377 2229 1540 2278 aditus
1579 2228 1758 2292 potuit.
1837 2229 1901 2277 ad

326 2390 349 2429 1
383 2386 564 2430 numeri
586 2384 627 2427 V
658 2387 858 2429 muneris
890 2386 961 2429 ed.
1094 2391 1122 2429 4
1160 2391 1442 2440 veterumque
1475 2390 1722 2440 parentum
1752 2384 1795 2427 V
1826 2385 1898 2429 ed.

207 2458 262 2489 ex
292 2445 484 2500 interpr.
516 2459 556 2489 v.
582 2445 768 2489 deorum
800 2444 965 2500 scripsi
997 2445 1054 2488 cf.
1087 2445 1234 2501 praef.
1267 2459 1311 2500 p.
1337 2443 1473 2487 XLII.
1567 2449 1590 2487 7
1625 2444 1834 2489 addicere
1858 2443 1900 2488 V

207 2504 277 2548 ed.
312 2504 368 2548 cf.
401 2519 441 2548 v.
468 2507 569 2557 599,
602 2503 683 2547 sed
714 2503 909 2547 fortasse
941 2504 1167 2549 adducere
1197 2503 1376 2548 melius.
1413 2503 1418 2562 Ι
1457 2503 1685 2560 conplatio
1709 2502 1751 2546 V
1782 2516 1898 2548 com-

198 2564 367 2619 pilatio
399 2563 471 2607 ed.
504 2563 786 2619 compellatio
818 2563 888 2606 ed.
922 2565 1041 2619 post
1073 2563 1390 2632 contemplatio
1420 2575 1516 2606 nos
1635 2567 1661 2606 8
1699 2563 1899 2617 filiumve

205 2622 247 2665 V
272 2623 515 2667 ed.10
546 2623 752 2676 feretisve
783 2622 854 2665 ed.
972 2627 1024 2665 11
1057 2624 1209 2667 vivum
1233 2622 1274 2666 V
1306 2635 1450 2666 unum
1481 2620 1552 2665 ed.
1670 2626 1723 2664 12
1750 2626 1899 2677 potest

204 2683 423 2726 semittere
446 2681 488 2725 V
514 2695 645 2738 posse
675 2682 871 2725 emittere
902 2681 972 2724 ed.
1021 2681 1025 2739 Ι
1076 2683 1156 2737 qui
1192 2682 1430 2726 subveniat
1452 2679 1492 2723 V
1526 2679 1596 2723 ed.
1728 2685 1782 2723 13
1822 2694 1897 2724 ex-

198 2741 450 2798 peryimini
478 2740 521 2784 V
552 2741 823 2809 experimini
854 2739 923 2783 ed.
978 2740 981 2797 Ι
1032 2742 1254 2785 sententia
1282 2739 1324 2783 V
1355 2740 1426 2784 ed.
1460 2752 1548 2782 om.
1582 2739 1653 2782 ed.
1685 2740 1805 2794 post.
1839 2738 1896 2783 cf.

208 2804 277 2854 10,
304 2804 403 2843 681.
464 2800 467 2857 Ι
525 2801 647 2844 viros
667 2825 722 2831 ——
749 2803 803 2842 14
835 2799 1004 2843 talibus
1028 2799 1070 2842 V
1100 2798 1541 2855 interpolationibus
1582 2798 1788 2854 corrupit
1823 2798 1895 2842 ed.

208 2863 263 2902 18
294 2860 537 2903 wnanimes
559 2857 601 2901 V
630 2860 851 2903 immanes
881 2856 956 2902 ed.
985 2860 1167 2903 iuvenes
1198 2859 1268 2903 ed.
1293 2859 1411 2915 post.
1453 2857 1458 2915 Ι
1501 2858 1818 2902 consciuerant
1839 2857 1894 2900 V

208 2921 262 2960 19
294 2919 624 2962 constituerunt
646 2917 700 2962 V.
787 2921 843 2960 20
874 2918 1004 2961 unda
1027 2917 1069 2961 V
1092 2920 1221 2962 amni
1251 2917 1321 2961 ed.
1409 2921 1462 2960 21
1487 2916 1762 2973 fuyientium
1786 2916 1857 2960 ed.
1886 2916 1892 2975 Ι

205 2977 378 3032 fiducia
401 2975 443 3020 V
474 2978 599 3021 -ciae
631 2976 703 3021 ed.
825 2981 880 3020 25
911 2978 1196 3021 sentirent—
1215 2981 1315 3032 285,
1342 2981 1367 3020 2
1397 2976 1589 3021 Troiani
1621 2989 1707 3019 om.
1734 2975 1805 3019 ed.
