2050 3226
15 1018 105 1053 '10

786 198 1091 244 AENEmos
1121 198 1187 243 XI
1296 237 1298 239 ,
1723 202 1830 255 441

137 340 304 388 medes
334 355 434 388 non
458 355 637 387 aurum
661 339 1035 402 contempsisse,
1072 338 1159 388 sed
1188 339 1357 402 ipsum
1379 337 1583 387 Aenean
1607 338 1833 389 timuisse

137 414 383 463 videatur.
432 428 522 462 nec
544 429 752 477 magnas
778 414 992 462 valuisse
1017 428 1208 477 preces:
1239 412 1510 462 novissimo
1534 413 1642 461 loco
1666 415 1836 476 posuit

136 504 435 552 magnarum
478 487 711 535 meritum
756 503 983 550 precum,
1028 503 1128 536 non
1174 503 1274 550 quo
1319 486 1480 536 maior
1526 489 1654 535 esset
1698 488 1834 549 inpe-

137 561 304 611 trandi
326 577 437 625 spes
460 561 623 611 verbis
649 561 959 624 supplicibus
985 577 1138 625 quam
1163 562 1216 610 in
1241 560 1555 624 corruptione
1579 563 1835 623 materiae,

138 637 227 685 sed
255 638 316 684 ut
345 635 627 684 ostenderet
656 638 938 699 contempto
962 635 1306 700 praemiorum
1330 637 1382 684 et
1410 651 1674 684 munerum
1705 651 1835 684 com·

136 709 283 759 modo
314 710 593 774 gratuitum
630 709 850 758 officium
888 711 1039 759 etiam
1070 710 1195 759 fusis
1227 710 1455 772 precibus
1486 709 1686 759 facilius
1725 726 1835 772 per·

136 783 324 848 negari.
401 784 506 832 alia
544 799 687 832 arma
725 785 925 832 Latinis
963 784 1241 844 quaerenda
1288 787 1376 832 aut
1402 798 1578 845 pacem
1618 784 1835 832 Troiano
1852 793 1939 833 230

137 860 199 907 ab
244 872 354 919 reye
384 858 670 918 petendam:
717 859 839 907 haec
884 857 985 907 fuit
1030 874 1225 907 summa
1271 857 1517 921 responsi3
1568 859 1655 920 qui
1704 857 1835 906 enim

135 933 258 980 nihil
283 932 568 995 petentibus
601 935 800 995 praeter
830 933 1093 981 consilium
1125 932 1328 981 dederat
1357 948 1458 981 non
1485 931 1658 980 debuit
1680 933 1834 995 pluri·

135 1006 230 1056 mis
261 1007 422 1070 loqui3
462 1006 667 1070 quippe,
707 1023 768 1055 ne
798 1008 852 1054 in
883 1009 1047 1056 totum
1076 1006 1312 1055 beneficio
1343 1022 1526 1055 vacuos
1564 1008 1835 1067 revocaret,

134 1080 385 1130 mandatis
422 1080 680 1142 instruxit,
719 1083 779 1130 ut
817 1081 1016 1129 aliunde
1049 1081 1290 1129 auxilium
1322 1082 1616 1144 quaererent
1653 1083 1742 1128 aut
1773 1080 1835 1129 ab

13 1154 18 1155 ⁷
88 1185 90 1187 -
135 1171 192 1203 eo
230 1157 491 1218 poscerent
527 1171 700 1218 pacem
732 1172 882 1219 quem
918 1171 1018 1204 non
1054 1157 1258 1217 possent
1287 1170 1522 1218 superare
1553 1155 1836 1204 certamine.

61 1390 102 1423 15

60 1760 103 1793 20

60 2131 102 2164 25

135 1230 296 1288 deficit
331 1230 515 1290 inqenti
545 1230 676 1277 luctu
704 1243 791 1277 rea)
820 1230 924 1289 ipsc
954 1229 1194 1277 Latinus:
1231 1230 1483 1292 praeclare
1522 1229 1622 1291 ipsi
1653 1228 1834 1278 Latino

136 1303 274 1351 dedit
322 1304 487 1352 luctus
536 1304 806 1352 maximam
854 1305 1073 1365 partem3
1125 1303 1179 1350 in
1230 1303 1460 1352 omnibus
1509 1303 1642 1351 enim
1690 1303 1835 1352 bellis

134 1394 308 1441 regum
354 1379 431 1426 est
473 1378 750 1440 periculum
794 1378 1087 1439 maximum,
1135 1377 1372 1462 quoniam
1416 1379 1642 1441 ipsorum
1684 1393 1835 1426 causa

134 1453 402 1516 pugnatur.
457 1451 804 1501 considerabat
833 1452 929 1500 iste
960 1453 1149 1500 statum
1179 1453 1378 1514 imperii
1408 1452 1509 1514 sui,
1539 1467 1678 1514 spem
1700 1451 1834 1500 filiae

133 1528 392 1589 patrisque
440 1541 700 1588 responsa,
751 1529 925 1575 contra
972 1542 1098 1590 quae
1144 1526 1310 1574 fuerat
1354 1526 1556 1574 factum
1631 1526 1835 1586 fatalem

133 1599 340 1648 Aenean
375 1601 634 1660 manifesto
679 1601 880 1648 numine
917 1601 1041 1660 ferri
1079 1601 1303 1648 admonet
1338 1601 1418 1648 ira
1457 1601 1601 1648 deum
1638 1601 1835 1648 tumuli-

134 1689 222 1735 que
268 1677 380 1722 ante
425 1689 514 1723 ora
562 1678 796 1723 recentes:
852 1674 1139 1723 inveniebat
1183 1674 1386 1722 Aenean
1432 1690 1606 1723 revera
1652 1674 1832 1723 divinis

132 1748 339 1798 nutibus
377 1749 505 1812 regi,
552 1748 756 1812 probari
793 1750 964 1797 autem
1001 1749 1094 1797 hoc
1132 1748 1297 1811 ipsum
1336 1765 1394 1796 ex
1433 1764 1490 1797 eo
1530 1748 1663 1810 quod
1700 1748 1834 1797 irata

132 1824 342 1870 numina
378 1824 584 1886 propter
621 1825 961 1885 contemptum
1000 1822 1338 1886 dispositionis
1383 1838 1500 1871 suae
1538 1838 1628 1885 per
1663 1825 1832 1872 tantos

135 1913 349 1959 quorum
378 1897 528 1946 busta
565 1897 786 1946 recentia
816 1900 867 1946 et
896 1898 1082 1945 tumuli
1114 1897 1203 1945 sub
1236 1896 1390 1946 oculis
1414 1897 1616 1946 fuerant
1644 1912 1831 1960 poenas

134 1971 431 2035 exegissent,
482 1971 716 2020 firmabat
760 1972 882 2020 haec
928 1971 1191 2019 Diomedes
1235 1973 1479 2033 intactus,
1526 1987 1674 2034 quem
1719 1987 1832 2020 con·

134 2045 303 2093 stabat
339 2045 552 2093 salutem
591 2061 733 2094 suam
772 2045 886 2095 odio
925 2045 1103 2107 veteri,
1151 2045 1314 2107 donis,
1355 2061 1478 2094 auro
1517 2048 1569 2094 et
1605 2046 1831 2108 precibus

132 2118 442 2181 praetulisse.
497 2133 606 2179 erqo
645 2120 901 2168 concilium
937 2135 1171 2181 maynwm
1194 2120 1475 2180 primosque
1504 2134 1707 2168 suorum
1743 2121 1833 2167 im·
1849 2127 1935 2167 235

126 2195 265 2252 perio
306 2194 480 2241 accitos
518 2194 621 2241 alta
657 2195 790 2241 intra
822 2194 995 2242 limina
1035 2194 1177 2254 coyit:
1215 2193 1274 2241 de
1307 2209 1500 2242 summa
1529 2193 1831 2256 reipublicae

132 2269 465 2329 tractaturus,
496 2267 734 2329 quoniam
756 2269 1041 2329 praesentia
1065 2267 1351 2316 discrimina
1373 2267 1693 2328 videbantur,
1719 2283 1830 2316 con-

135 2342 303 2390 cilium
342 2357 441 2389 non
479 2342 608 2403 leve,
651 2343 711 2388 ut
747 2342 800 2389 in
839 2341 1031 2390 levibus
1073 2341 1236 2390 causis
1273 2342 1382 2390 fieri
1421 2343 1568 2403 solet,
1617 2341 1702 2390 sed
1740 2357 1830 2403 pro

134 2415 323 2479 negotii
347 2416 587 2478 qualitate
611 2431 848 2479 magnum
862 2414 1074 2464 Latinus
1099 2417 1386 2465 contrahere
1403 2416 1618 2480 gestiens
1643 2416 1830 2478 primos

0 2487 5 2502 ²
60 2502 104 2535 30
135 2505 332 2553 quoque
370 2505 470 2537 non
500 2490 684 2538 honore
716 2489 878 2539 solum
909 2490 995 2538 sed
1030 2491 1236 2539 consilio
1270 2492 1423 2538 etiam
1453 2492 1503 2538 et
1534 2489 1831 2538 auctoritate

254 2665 279 2704 2
311 2662 554 2706 videantur
576 2659 631 2703 V.
755 2664 779 2703 7
811 2665 866 2704 ut
892 2673 977 2716 pro
1009 2666 1091 2705 aut
1113 2660 1170 2706 V.
1287 2665 1314 2704 8
1341 2660 1584 2717 petendam
1611 2659 1650 2702 V
1672 2664 1830 2716 peten-

134 2721 243 2764 dum
282 2720 353 2764 ed.
477 2724 532 2764 10
563 2732 708 2764 vacuo
731 2718 774 2762 V
798 2719 867 2762 ed.
901 2733 1069 2765 vacuos
1098 2734 1181 2764 nos
1210 2722 1444 2778 (revocare
1475 2732 1559 2775 pro
1591 2719 1830 2763 remittere

134 2780 188 2822 ut
221 2783 290 2833 10,
315 2780 432 2835 492).
535 2783 589 2823 16
621 2778 924 2823 considerabit
945 2778 988 2822 V
1012 2792 1124 2823 corr.
1152 2779 1222 2822 ed.
1324 2783 1377 2822 21
1404 2792 1493 2834 pro
1524 2779 1667 2822 tantis
1690 2777 1732 2821 V
1756 2778 1828 2822 ed.

129 2852 215 2894 per
244 2844 396 2883 tantos
426 2852 523 2882 nos.
647 2842 700 2880 22
733 2838 937 2894 reyentia
958 2837 1002 2882 V
1032 2852 1120 2883 om.
1154 2838 1227 2882 ed.
1272 2838 1277 2896 Ι
1324 2842 1548 2893 quaerant
1570 2837 1612 2879 V
1641 2837 1831 2891 fuerant

135 2910 219 2940 nos
251 2897 308 2940 cf.
334 2901 375 2951 8,
399 2901 466 2940 10.
485 2901 541 2940 55
574 2902 704 2941 erant
735 2897 806 2940 ed.
899 2901 955 2940 23
985 2898 1039 2941 in
1068 2902 1197 2942 actus
1220 2896 1262 2938 V
1287 2896 1357 2940 ed.
1390 2897 1442 2940 i‘n
1473 2901 1579 2940 actu
1611 2896 1682 2940 ed.
1707 2898 1827 2951 post.

135 2957 335 3000 intactus
365 2970 462 3000 nos,
570 2959 625 2999 25
658 2956 897 3000 consilium
928 2956 1000 3000 ed.
1107 2961 1161 3000 27
1195 2955 1765 3012 quoniamss—videbantur
1787 2955 1830 2999 V

137 3015 617 3071 quum—viderentur
648 3014 720 3059 ed.
843 3018 900 3058 30
931 3028 1102 3071 quoque
1125 3015 1166 3059 V
1191 3015 1264 3059 ed.
1296 3020 1523 3071 quosque?
