2050 3226
208 164 282 218 30
682 162 915 208 DONATI
943 162 1225 209 m'rERPR.
1250 163 1428 208 VERG.

205 302 502 365 membrum,
541 319 671 352 nunc
708 303 973 366 pluraliter
1004 303 1176 366 posuit
1205 305 1359 365 tecta,
1397 305 1458 352 ut
1487 303 1768 352 ostenderet
1795 304 1899 352 iam

205 390 257 425 se
297 377 356 426 de
393 377 713 426 interioribus
756 377 909 440 loqui.
985 380 1037 427 et
1073 377 1198 427 solio
1236 378 1429 426 medius
1479 377 1703 427 consedit
1740 377 1897 427 avito:

204 451 259 499 in
306 451 472 500 media
521 452 644 501 sella
694 468 793 516 qua
837 451 917 500 usi
967 453 1085 500 sunt
1128 453 1340 500 maiores
1387 453 1489 501 eius
1537 451 1680 502 sedit.
1757 455 1898 512 atque

204 525 321 574 hacc
356 526 590 588 inyressis
628 526 825 587 placido
862 527 1006 586 prior
1051 526 1201 574 edidit
1242 541 1347 574 ore:
1399 525 1528 575 vidit
1574 525 1798 575 homines
1849 529 1898 574 et

205 615 263 659 ex
310 599 423 663 ipsa
472 601 718 662 qualitate
772 601 975 650 vestitus
1025 601 1165 648 cuius
1213 601 1375 664 gentis
1429 602 1594 650 essent
1646 599 1899 649 evidenter
1951 614 1971 647 5

205 675 412 738 agnovit
449 676 499 722 et
535 675 612 723 his
652 675 924 737 plurimum
962 674 1166 735 detulit,
1204 676 1263 723 ut
1291 674 1482 737 primus
1515 674 1667 724 verba
1697 675 1897 736 faceret,

203 747 401 796 facilem
439 763 491 796 se
530 751 579 796 et
615 748 901 797 benivolum
940 748 1197 811 praebens„

100 830 186 870 195
320 822 494 879 Dicite,
511 822 864 871 Dardanidae:
896 838 1046 885 supra
1070 821 1196 869 dixit
1211 823 1454 884 „nuntius
1478 823 1695 886 ingentis
1719 824 1896 886 ignota

201 895 255 943 in
300 898 435 945 veste
483 898 709 958 reportat
747 896 1003 946 advenisse
1049 896 1182 946 viros
1193 894 1220 919 ‘⁶
1270 898 1321 944 et
1367 912 1562 958 revera,
1612 897 1656 945 si
1705 899 1895 945 aetates

202 970 576 1019 considerentur
620 987 791 1018 eorum
845 972 932 1034 qui
986 973 1100 1018 ante
1146 970 1320 1018 urbem
1363 986 1453 1032 per
1489 971 1662 1018 ludum
1705 970 1894 1019 bellicis
1927 986 1970 1018 ιο

202 1044 552 1092 certaminibus
606 1044 977 1106 exercebantur,
1037 1046 1307 1107 potuerunt
1359 1046 1409 1093 et
1456 1045 1669 1093 formam
1693 1075 1695 1077 -
1721 1044 1896 1092 mirari

200 1118 458 1166 hominum
489 1120 540 1166 et
569 1118 755 1167 nescire
788 1120 878 1182 qui
908 1122 1092 1180 essent3
1129 1135 1229 1166 non
1267 1118 1399 1167 enim
1433 1120 1623 1167 vestitu
1652 1119 1896 1182 primaevi

201 1208 370 1240 eorum
412 1208 566 1256 genus
605 1195 839 1255 poterant
875 1208 1041 1254 nosse,
1079 1195 1137 1241 ut
1174 1192 1416 1241 Troianos
1455 1208 1559 1241 esse
1597 1193 1892 1255 perferrent3

199 1266 285 1314 sed
337 1267 425 1315 ubi
474 1268 538 1315 ad
589 1266 827 1315 Latinum
881 1269 1084 1316 ventum
1138 1269 1233 1328 est,
1286 1268 1538 1315 hominem
1593 1267 1895 1330 longaevum

200 1343 351 1403 atque
390 1341 684 1404 prudentem
722 1343 772 1389 et
808 1356 906 1389 usu
943 1342 998 1388 in
1036 1341 1262 1389 omnibus
1297 1342 1620 1402 instructum,
1660 1344 1710 1389 et
1738 1342 1891 1390 vestis
1924 1354 1966 1387 15

200 1430 369 1463 eorum
398 1415 627 1463 habitum
658 1415 807 1477 vidit,
838 1416 1073 1463 continuo
1106 1416 1252 1464 scivit
1281 1431 1386 1463 esse
1411 1415 1651 1463 Troianos
1681 1415 1891 1478 ideoque

199 1490 269 1537 sic
315 1490 500 1552 coepit:
554 1489 725 1551 dicite,
772 1489 1110 1551 Dardanidae3
1156 1505 1342 1550 verum,
1387 1505 1448 1536 ne
1496 1489 1699 1537 Troiani
1742 1490 1890 1537 mira—

196 1565 369 1611 rentur
421 1579 600 1612 nomen
654 1579 771 1612 suae
826 1564 985 1627 gentis
1041 1579 1071 1611 a
1123 1562 1306 1611 Latino
1358 1563 1633 1625 prolatum,
1697 1563 1891 1611 addidit

197 1651 348 1696 neque
415 1638 544 1685 enim
603 1639 844 1686 nescimus
906 1641 949 1685 et
1005 1638 1174 1685 arbem
1228 1640 1271 1684 et
1326 1652 1494 1697 yenas.
1585 1637 1889 1699 superfluum

198 1712 382 1774 quippe
422 1711 467 1758 ei
511 1711 676 1760 visum
723 1714 798 1759 est
845 1727 1079 1774 quaerere
1119 1711 1254 1773 quod
1298 1711 1511 1759 videndo
1549 1714 1887 1775 ·cognoverat;
1921 1724 1963 1756 so

197 1786 240 1833 si
279 1786 410 1833 enim
448 1802 548 1834 non
586 1789 754 1833 nosset
790 1785 1077 1849 intellegere
1118 1801 1175 1833 ex
1212 1784 1389 1832 habitu
1419 1784 1664 1846 homines,
1705 1786 1888 1834 diceret

198 1859 283 1921 qui
330 1860 447 1907 estis
496 1863 586 1907 aut
631 1858 793 1908 unde?
872 1859 1054 1907 omissa
1094 1861 1212 1907 sunt
1248 1859 1407 1922 igitur
1442 1860 1541 1907 ista
1588 1862 1637 1907 et
1681 1860 1734 1907 in
1774 1875 1886 1907 con·

195 1933 375 1996 pendio
413 1934 639 1995 fuerunt3
686 1934 967 1995 opinionem
1013 1932 1144 1981 enim
1188 1933 1366 1981 habuit
1410 1933 1678 1980 maximam
1723 1933 1887 1995 Troia,

195 2023 307 2055 cum
344 2007 540 2055 floreret
578 2007 789 2056 felicitas
837 2007 964 2067 eius,
1012 2009 1062 2055 et
1108 2006 1167 2054 de
1215 2007 1434 2055 adversis
1484 2007 1619 2055 facta
1658 2007 1886 2056 omnibus

195 2081 361 2129 fuerat
398 2081 575 2128 notior.
651 2081 777 2129 illud
815 2084 983 2129 tamen
1023 2081 1155 2143 quod
1199 2082 1475 2129 necessario
1515 2083 1679 2129 fuerat
1722 2083 1885 2144 requi·
1918 2093 1960 2125 25

193 2156 401 2203 rendum
451 2154 693 2216 subdidit,
740 2151 778 2219 †
810 2156 1058 2214 auditique
1111 2155 1360 2203 advertitis
1414 2169 1618 2215 aequore
1663 2170 1887 2203 cursam:

195 2229 423 2277 auditum
455 2229 672 2290 aliquem
704 2231 860 2277 secuti
890 2228 1129 2277 venistis?
1199 2229 1315 2289 qaid
1335 2231 1528 2289 petitis?
1573 2229 1887 2278 intellexerat

311 2391 338 2429 4
375 2387 531 2443 priore
572 2386 698 2429 dedit
738 2399 812 2429 ore
851 2384 905 2429 V.
1037 2390 1061 2428 6
1105 2385 1520 2439 detulit—faceret
1563 2384 1771 2441 corrupit
1812 2385 1883 2429 ed.

194 2450 217 2488 7
250 2459 296 2490 se
327 2445 370 2489 V
401 2447 519 2490 enim
549 2459 594 2489 se
626 2445 696 2488 ed.
742 2445 745 2501 Ι
791 2445 1006 2499 praebuit
1036 2445 1106 2487 ed.
1202 2449 1253 2487 11
1287 2445 1484 2498 formam
1515 2443 1554 2486 V
1587 2444 1675 2487 edI
1711 2445 1885 2498 famam

193 2505 249 2548 ed
260 2505 309 2548 F.
456 2509 509 2548 12
555 2505 762 2548 vestitum
802 2517 1060 2558 promovere
1098 2502 1140 2546 V
1184 2505 1346 2547 vestitu
1383 2505 1612 2559 primaevi
1664 2503 1739 2559 (cf.
1779 2505 1883 2558 441)

192 2578 342 2608 eorum
366 2578 449 2607 nos
474 2564 661 2607 vestium
676 2564 830 2618 primo
854 2576 952 2606 vere
977 2563 1047 2605 ed.
1143 2567 1195 2606 13
1223 2564 1482 2618 proferrent
1504 2562 1576 2606 ed.
1667 2566 1720 2605 15
1751 2564 1886 2606 vestis

193 2637 280 2666 om.
307 2623 377 2666 ed.
452 2627 508 2666 20
539 2623 703 2678 quippe
725 2621 766 2664 V
799 2623 918 2665 enim
950 2622 1019 2665 ed.
1096 2626 1149 2665 21
1182 2623 1366 2666 sienim
1389 2621 1430 2665 V
1461 2623 1503 2665 si
1533 2621 1604 2665 ed.
1634 2620 1639 2679 Ι
1673 2627 1820 2665 nosset
1841 2621 1883 2663 V

192 2682 267 2736 (cf.
295 2685 396 2738 324)
422 2687 572 2738 posset
595 2681 665 2725 ed.
751 2685 805 2723 23
837 2681 1026 2734 fuerant
1048 2680 1090 2722 V
1113 2682 1270 2736 posita
1291 2686 1398 2724 sant
1424 2680 1495 2723 ed.
1582 2685 1637 2723 25
1668 2685 1818 2724 tamen
1841 2679 1883 2722 V

191 2746 369 2784 tantum
408 2741 478 2784 ed.
601 2745 655 2783 27
690 2741 899 2783 auditu-m
930 2741 1124 2795 aliquem
1155 2754 1200 2784 se
1230 2741 1301 2783 ‘ati
1330 2741 1516 2784 venistis
1545 2738 1588 2782 V
1621 2740 1762 2782 secuti
1798 2752 1881 2781 nos

193 2800 345 2853 „dicit
385 2800 536 2842 auditi
573 2801 628 2842 ut
659 2799 999 2842 demonstraret
1031 2812 1078 2842 se
1111 2798 1170 2841 ab
1204 2799 1360 2854 aliquo
1391 2797 1622 2841 audivisse
1652 2797 1776 2840 unde
1807 2811 1881 2841 ve-

191 2859 368 2901 nissent
392 2859 617 2902 Troiani“
641 2860 814 2902 temere
843 2857 1086 2900 substituit
1114 2858 1206 2901 ed:
1239 2858 1357 2901 Don.
1385 2857 1551 2901 audita
1575 2870 1660 2912 qao
1688 2855 1880 2911 (aliquo)

191 2917 359 2973 legisse
390 2918 574 2961 videtur
606 2919 652 2962 et
683 2917 914 2961 lemmatis
945 2916 1086 2959 verba
1112 2931 1195 2972 pro
1220 2916 1584 2972 interrogatione
1609 2915 1804 2970 accepit,
1827 2916 1881 2957 ut

190 2977 509 3032 requirendam
549 2977 705 3031 docet,
742 2976 822 3019 sed
856 2989 1037 3019 crucem
1070 2976 1258 3032 affigere
1290 2975 1435 3018 malui
1466 2988 1605 3030 quam
1637 2974 1878 3030 corrigere.
