2050 3226
818 147 1122 193 AENEIDOS
1153 147 1195 191 X
1745 150 1853 204 329

163 289 445 338 hominibus
487 291 536 338 et
574 288 836 337 interitum
873 287 1215 352 plurimorum.
1268 288 1390 336 haec
1422 287 1655 337 dicuntur
1685 290 1735 336 et
1763 287 1854 336 im-

162 363 287 427 perii
326 364 765 412 commutationem
802 362 1108 425 portendere.
1186 361 1320 424 quod
1359 363 1433 410 ait
1470 362 1612 411 laevo
1650 362 1853 423 lumine,

161 439 262 486 tale
301 439 375 486 est
414 438 559 499 quale
597 437 725 485 illud
765 437 897 499 quod
936 437 1011 486 ait
1048 429 1122 503 (9,
1157 429 1289 502 355)
1338 451 1490 498 „nam
1528 437 1614 484 lux
1651 435 1855 484 inimica

161 510 519 574 propinquat“,
565 513 624 560 ut
670 511 951 559 ostenderet
995 511 1160 559 lumen
1205 526 1306 559 non
1351 526 1545 573 semper
1583 525 1687 559 esse
1727 510 1853 572 opti-

24 606 25 610 *
109 602 129 635 5
159 603 317 647 mum,
356 585 442 634 sed
481 585 750 648 aliquando
790 585 972 634 exoriri
1011 583 1327 634 contrarium.
1405 601 1518 633 nam
1562 586 1774 633 cometes
1806 587 1855 632 et

162 659 318 708 Sirius
369 661 512 708 tanto
564 661 680 708 sunt
728 660 996 722 perniciosi
1047 660 1236 722 quanto
1286 658 1475 707 fuerint
1518 659 1629 707 luce
1667 659 1854 706 maiore

156 733 420 796 perspicui.

276 808 419 856 Haut
463 811 625 855 tamen
671 807 851 855 audaci
898 808 1066 855 Turno
1111 807 1297 866 fiducia
1343 807 1482 855 cessit
1527 807 1670 855 litora
1708 820 1854 866 prae-

158 882 314 941 cipere
363 885 406 930 εἰ
452 882 687 930 venientis
729 882 910 942 pellere
959 885 1114 929 terra:
1163 897 1276 929 cum
1326 881 1578 929 contraria
1626 880 1853 943 partibus

84 971 128 1004 10
157 957 261 1004 suis
302 956 500 1005 Turnus
548 955 811 1018 aspiceret,
858 971 958 1004 non
1004 954 1222 1018 perdidit
1269 971 1326 1003 ex
1376 971 1432 1004 eo
1472 954 1587 1004 visu
1625 956 1852 1004 constan-

155 1029 303 1091 tiam,
343 1031 428 1079 sed
468 1030 676 1078 audacia
716 1046 817 1092 qua
856 1045 1049 1093 semper
1087 1031 1164 1078 est
1200 1045 1319 1078 usus
1367 1030 1630 1078 consilium
1674 1028 1853 1090 tenuit,

156 1106 216 1153 ut
265 1106 381 1153 ante
433 1106 632 1167 caperet
675 1106 882 1165 terram,
930 1120 991 1152 ne
1028 1104 1224 1152 Aeneas
1261 1104 1342 1152 vel
1389 1104 1479 1166 qui
1524 1119 1636 1151 cum
1675 1119 1732 1152 60
1770 1119 1852 1151 ve-

156 1180 336 1227 nerant
383 1178 596 1227 navibus
651 1180 1027 1241 exponerentur.
1118 1177 1376 1227 inducitur
1429 1177 1580 1226 dictio
1636 1177 1851 1225 hominis

32 1314 34 1318 y
157 1252 362 1301 audacis
401 1254 451 1300 et
489 1253 594 1301 eius
636 1253 726 1314 qui
763 1252 921 1300 nollet
958 1268 1071 1301 suos
1111 1252 1446 1315 trepidatione
1485 1251 1736 1312 confundi,
1769 1251 1852 1299 ad-

82 1340 125 1373 15
155 1327 363 1376 serentis
413 1326 645 1389 prodesse
700 1326 868 1388 potius
925 1326 1057 1389 quod
1107 1327 1273 1388 potuit
1319 1325 1479 1375 videri
1532 1326 1852 1374 contrarium.

155 1401 368 1464 denique
415 1402 486 1449 sic
533 1401 717 1463 coepit:
764 1401 891 1461 wod
934 1402 1057 1448 votis
1102 1401 1305 1461 optastis
1350 1401 1505 1456 adest,
1545 1401 1853 1460 perfrinyere

154 1475 348 1523 dextra:
396 1475 450 1522 in
494 1475 725 1523 manibus
761 1475 912 1523 Mars
955 1476 1060 1534 ipse
1108 1475 1244 1525 viris.
1316 1489 1448 1522 nunc
1494 1475 1710 1535 coniuyis
1757 1477 1852 1522 esto
1869 1482 1955 1523 280

39 1602 41 1610 ¹
153 1550 352 1609 quisque
404 1564 524 1597 suae
577 1549 772 1610 tectique
823 1563 1018 1606 memor,
1069 1564 1201 1597 nunc
1248 1564 1431 1610 magma
1477 1549 1653 1608 referto
1701 1549 1850 1608 facta,

28 1621 50 1683 ξ
145 1627 349 1683 patrum
381 1623 575 1671 laudes:
604 1623 821 1684 tandem,
851 1623 1034 1687 inquit,
1065 1623 1202 1685 socii,
1235 1623 1368 1686 quod
1399 1622 1672 1685 cupiebatis
1713 1623 1851 1670 effec-

42 1722 50 1730 ,
78 1710 124 1743 πο
152 1699 263 1746 tum
302 1699 398 1759 est,
429 1698 625 1746 hostem
654 1697 848 1746 habetis
879 1698 933 1746 in
964 1698 1217 1758 manibus,
1250 1697 1432 1746 exerite
1464 1696 1712 1757 dexteras,
1742 1696 1849 1758 ipse

152 1772 286 1820 Mars
326 1771 501 1820 attulit
540 1787 662 1835 quos
703 1771 935 1820 caedatis
1004 1773 1269 1835 propterea
1307 1771 1378 1820 sic
1417 1772 1602 1833 coepit,
1636 1770 1774 1834 quia,
1807 1771 1850 1819 si

31 1863 46 1931 3
155 1845 243 1894 alii
280 1847 410 1894 turri
450 1861 507 1894 ac
545 1847 681 1895 fossa
720 1845 1112 1895 defendebantur
1150 1848 1200 1895 et
1237 1847 1414 1907 muris,
1445 1845 1533 1894 isti
1563 1846 1767 1893 fuerunt
1796 1845 1849 1892 in

39 1957 46 1978 1
154 1923 340 1983 aperte.
401 1920 453 1967 in
492 1920 720 1968 manibus
759 1920 894 1969 Mars
932 1919 1038 1983 ipse
1077 1920 1221 1969 viris:
1262 1921 1486 1982 quisquis
1519 1919 1737 1981 virilem,
1774 1918 1848 1966 111-

32 1988 48 2051 f
154 1993 286 2057 quit,
327 1994 547 2042 animum
585 1995 714 2058 gerit
750 1995 876 2043 fidat
911 1994 1142 2043 manibus
1182 1995 1283 2043 suis
1323 1996 1373 2043 et
1402 1995 1679 2056 praesentis
1712 2009 1849 2042 occa-

43 2080 121 2115 ›25
152 2068 342 2116 sionem
386 2069 626 2131 temporis
672 2085 772 2117 non
820 2069 1036 2118 omittat.
1122 2069 1297 2117 dehinc
1344 2071 1588 2130 oportune
1634 2067 1849 2130 primam

153 2143 423 2206 coniugum
468 2144 638 2205 posuit
683 2158 906 2205 causam,
958 2145 1016 2191 ut
1071 2144 1414 2206 unusquisque
1472 2142 1697 2207 cogitans
1763 2142 1846 2189 ad-

152 2232 296 2266 versa
347 2216 629 2266 certaminis
686 2217 808 2279 quid
857 2218 966 2280 pati
1018 2233 1143 2266 uxor
1194 2217 1422 2266 hostibus
1476 2215 1845 2266 dominantibus

151 2292 313 2353 possit
362 2292 528 2340 animo
579 2290 900 2354 praevidente
946 2293 1185 2340 tractaret
1237 2294 1287 2340 et
1341 2291 1584 2340 eiusmodi
1628 2290 1846 2339 ludibria

151 2365 351 2414 virtutis
399 2365 585 2414 auxilio
635 2366 970 2428 praeveniret,
1020 2367 1243 2414 tueretur
1292 2382 1491 2429 quoque
1541 2366 1708 2413 omnia
1754 2379 1846 2412 sua

77 2450 121 2484 ao
152 2454 278 2501 quae
329 2439 464 2488 domi
513 2439 790 2501 habuisset,
841 2456 902 2487 ne
948 2440 1262 2488 inimicorum
1310 2438 1579 2488 commodis
1619 2439 1847 2487 cederent

152 2529 280 2576 quae
319 2514 459 2578 longi
496 2515 734 2577 temporis
767 2516 1082 2578 congesserat
1110 2514 1266 2563 labor.
1322 2514 1494 2563 debere
1528 2515 1642 2561 ante
1675 2513 1844 2560 oculos

14 486 25 525 2

270 2674 296 2712 2
328 2670 725 2715 commodationem
743 2669 827 2712 VR
850 2683 964 2714 corr.
991 2670 1062 2715 ed.
1156 2675 1181 2715 6
1205 2671 1452 2727 per-uitiosi
1473 2669 1559 2712 VR
1582 2670 1747 2712 ·siores
1771 2667 1843 2712 ed.

153 2732 176 2771 ’1
214 2730 405 2784 pet-spui
438 2728 492 2773 V.
618 2733 671 2772 10
715 2743 771 2774 ex
813 2742 901 2772 om.
938 2729 1010 2773 ed.
1134 2734 1187 2773 12
1230 2734 1449 2774 venerant
1478 2727 1563 2771 VR
1602 2733 1734 2771 erant
1770 2727 1842 2770 ed.

153 2791 208 2830 16
239 2788 431 2843 denique
460 2789 527 2832 sic
557 2789 700 2844 coepit
731 2802 819 2832 om.
845 2788 916 2832 ed.
1029 2792 1082 2832 17
1116 2789 1393 2833 immanibus
1423 2788 1475 2830 R.
1592 2790 1647 2829 20
1681 2788 1845 2831 exerite

151 2846 359 2891 dexteras
395 2846 480 2890 VR
527 2853 720 2892 exercete
765 2847 949 2891 dextras
995 2847 1064 2891 ed.
1200 2853 1255 2891 22
1299 2847 1441 2891 muris
1481 2845 1565 2889 VR
1607 2847 1729 2890 muri
1770 2845 1842 2889 ed.

152 2909 207 2948 23
237 2906 406 2950 videris
435 2920 519 2961 pro
550 2908 664 2951 viris
685 2906 770 2949 VR
802 2909 960 2962 (supra
989 2907 1147 2963 recte).
1270 2911 1325 2949 24
1356 2910 1484 2962 yerat
1514 2905 1585 2949 ed.
1630 2905 1634 2963 Ι
1683 2918 1843 2950 occan-

150 2964 320 3008 sionem
350 2965 403 3008 R.
528 2969 583 3008 28
609 2967 757 3022 possit
786 2966 828 3008 R
851 2967 1010 3022 posuit
1034 2964 1086 3009 V.
