2050 3226
241 192 348 244 338
711 188 944 233 DONATI
974 187 1257 232 INTERPR.
1281 187 1459 232 VERG.

239 329 441 377 teritum
488 328 703 392 plenum.
787 331 890 376 twm
935 327 1165 375 Numitor
1208 327 1367 376 iaculo
1412 329 1587 388 fratris
1632 327 1691 376 de
1736 342 1930 388 corpore

238 406 378 464 rapto
408 401 614 452 Aenean
644 402 808 462 petiit:
853 402 1107 462 Numitor,
1146 400 1335 463 inquit,
1374 402 1546 450 eodem
1580 403 1726 466 rapto
1764 402 1929 451 iaculo

240 493 339 539 quo
387 476 678 525 debilitatus
725 476 889 524 fuerat
934 475 1090 524 frater
1126 475 1331 524 Aenean
1367 475 1529 538 petiit.
1611 476 1697 524 sed
1744 490 1844 524 non
1889 479 1933 524 et

237 552 383 612 fiyere
415 554 581 599 contra
605 553 674 598 est
703 550 886 597 licitwm
914 549 1174 610 mayniqae
1194 549 1357 608 femw·
1378 549 1669 610 perstrinxit
1689 547 1931 598 Achatae:

239 641 423 689 magna
461 623 656 673 comitis
695 622 839 684 fides,
879 624 966 685 qui
1003 621 1265 672 dimicanti
1302 623 1373 672 sic
1411 623 1578 672 fuerat
1614 623 1836 685 iunctm,
1874 626 1932 672 ut
1984 642 2004 675 s

240 698 543 748 destinatum
591 699 645 745 in
683 696 887 745 Aenean
931 697 1090 745 telum
1138 696 1245 759 ipse
1293 697 1628 760 proximitatis
1677 697 1931 747 occasione

241 773 552 836 suscepisset.
628 770 838 833 denique
876 769 995 819 licet
1031 770 1084 818 in
1122 771 1294 820 Aenea
1339 770 1591 820 videretur
1636 787 1740 821 esse
1779 772 1931 820 frust-

238 848 427 908 ratum,
476 846 641 893 femur
683 846 852 893 tamen
890 845 1115 894 Achatae
1160 846 1426 908 percussit,
1469 845 1604 908 quod
1640 862 1740 895 non
1778 846 1933 907 fieret,

137 924 223 972 345
240 920 338 969 nisi
387 919 682 984 protegendi
731 919 894 967 officio
932 918 997 966 .ei
1048 919 1228 968 fuisset
1278 919 1500 968 infixum.
1588 920 1666 968 hic
1720 917 1933 968 Owribus

238 995 397 1054 fidens
428 994 683 1054 primaevo
722 1007 918 1053 corpore
951 991 1164 1042 Clausus
1195 993 1392 1042 advenit
1421 996 1464 1042 et
1492 993 1656 1055 riyida
1684 994 1934 1055 Dryopem
1965 1012 2007 1045 10

238 1069 354 1128 ferit
402 1069 590 1116 eminas
638 1068 783 1116 hasta
830 1068 920 1115 sab
969 1070 1184 1115 mentwm
1217 1069 1433 1128 yraviter
1463 1081 1664 1128 pressa:
1702 1068 1820 1116 dum
1857 1068 1934 1115 illi

240 1159 351 1191 cum
390 1141 561 1190 Aenea
598 1143 906 1202 concertant,
939 1142 1291 1204 superveniens
1332 1141 1541 1191 Clausus
1580 1141 1934 1191 comitantibus

243 1215 453 1266 Curibus
503 1216 741 1278 Dryopen
790 1216 937 1264 hasta
986 1217 1176 1264 eminus
1226 1215 1380 1265 missa
1428 1215 1519 1265 sub
1565 1218 1788 1265 mentum
1825 1232 1932 1279 per-

241 1290 420 1351 cussit,
468 1291 562 1339 hoc
613 1292 689 1338 est
736 1289 1041 1352 superiorem
1090 1291 1310 1354 gutturis
1360 1293 1569 1353 partem.
1653 1291 1935 1351 pariterque

241 1365 475 1424 loquentis
527 1378 688 1412 vocem
740 1364 1052 1424 animamque
1101 1365 1235 1424 rapit
1243 1381 1262 1423 ,·
1321 1380 1516 1414 necesse
1579 1363 1711 1412 enim
1769 1364 1936 1413 fuerat
1966 1382 2008 1414 15

240 1441 510 1502 utrumque
549 1438 699 1486 simul
737 1437 943 1500 auferri,
985 1454 1096 1486 cum
1135 1454 1193 1487 ea
1231 1454 1348 1501 pars
1387 1439 1606 1502 corporis
1654 1439 1824 1487 clausa
1861 1439 1937 1487 est

242 1529 342 1575 qua
386 1528 482 1562 vox
527 1512 706 1560 habuit
752 1514 941 1560 exitum
986 1515 1036 1561 et
1082 1529 1182 1575 qua
1226 1512 1503 1561 subsidium
1550 1511 1755 1561 alendae
1800 1511 1934 1561 vitae

240 1586 518 1650 reperiebat
562 1587 856 1651 ingressum.
942 1587 1136 1635 traiecto
1178 1590 1394 1647 yuttare:
1437 1587 1531 1635 hoc
1574 1587 1762 1635 fecerat
1805 1587 1934 1635 ictus

242 1661 419 1710 fortior
442 1659 575 1723 ferri,
607 1661 741 1724 quod
771 1677 860 1723 per
888 1660 1026 1709 illius
1058 1662 1234 1724 guttur
1262 1661 1411 1723 plena
1434 1662 1623 1710 virtute
1653 1659 1933 1710 transierat.

242 1739 294 1783 at
345 1736 448 1792 ille,
502 1735 596 1783 hoc
649 1736 724 1783 est
774 1734 907 1783 idem
956 1735 1062 1798 ipse
1113 1751 1203 1797 per
1251 1734 1389 1784 cuius
1440 1737 1617 1799 guttur
1667 1734 1936 1783 transierat
1966 1750 2009 1783 so

241 1809 449 1870 ferrum,
486 1811 645 1870 fronte
682 1809 799 1868 ferit
834 1811 1015 1858 terram
1053 1811 1096 1857 et
1133 1823 1356 1858 crasswm
1392 1810 1540 1858 vomit
1575 1823 1656 1857 ore
1694 1823 1935 1858 cruorem:

241 1884 294 1930 in
344 1883 522 1931 faciem
570 1883 700 1930 hunc
751 1883 935 1931 adserit
985 1882 1240 1944 cecidisse,
1292 1883 1490 1946 quando
1541 1885 1727 1931 terram
1771 1883 1935 1931 fronte

242 1957 498 2019 percussit.
584 1972 804 2005 crassum
853 1960 1021 2005 autem
1070 1973 1293 2006 cruorem
1342 1957 1596 2019 vomebat,
1650 1959 1826 2020 utpote
1877 1973 1935 2004 ex

242 2033 384 2094 parte
425 2031 585 2079 adhuc
623 2030 748 2091 vivi,
789 2048 847 2078 ex
883 2034 1027 2093 parte
1065 2032 1167 2080 iam
1205 2031 1459 2094 morituri,
1497 2031 1550 2080 in
1588 2030 1716 2080 vivis
1750 2030 1935 2094 quippe

243 2105 529 2168 corporibus
578 2120 676 2152 non
724 2106 1024 2169 congelascit
1069 2107 1297 2169 sanguis,
1347 2105 1400 2154 in
1446 2105 1769 2155 morientibus
1819 2121 1934 2154 vero
1966 2120 2008 2152 25

243 2178 620 2242 constringitur:
652 2181 782 2227 recte
819 2179 976 2243 igitur
1006 2195 1225 2228 crassum
1256 2179 1381 2228 dixit
1412 2180 1545 2242 quod
1574 2179 1807 2228 vomebat
1834 2179 1935 2240 ille,

245 2255 364 2316 quia
401 2255 596 2316 partem
636 2252 841 2315 spiritus
872 2252 1071 2302 interim
1104 2253 1351 2302 retinebat
1382 2256 1433 2302 et
1464 2253 1698 2302 amiserat
1727 2255 1934 2316 partem.

142 2334 226 2374 350
244 2328 332 2376 tris
370 2340 553 2387 qaoque
593 2327 838 2375 Threicios
875 2327 1067 2376 Boreae
1105 2328 1164 2376 de
1198 2331 1335 2389 yente
1366 2342 1596 2388 suprema
1627 2331 1671 2376 et
1699 2328 1788 2375 tris
1818 2341 1935 2387 quos

366 2473 388 2510 1
433 2468 628 2512 nomitor
661 2466 703 2510 V
745 2468 1005 2512 ‘nominator
1042 2469 1084 2512 R
1126 2483 1158 2512 a
1197 2482 1421 2525 superscr.
1452 2483 1487 2512 r.
1621 2473 1646 2512 2
1683 2469 1801 2525 petit
1837 2467 1934 2512 VR.
1978 2518 1981 2519 ⁷

244 2532 271 2569 4
302 2528 431 2581 ficere
455 2526 552 2570 VR.
642 2531 668 2569 5
699 2526 962 2571 dimicantis
991 2529 1057 2572 sie
1083 2527 1163 2571 VR
1194 2530 1368 2572 temere
1399 2529 1512 2571 mut.
1539 2527 1609 2571 ed.
1703 2531 1728 2570 8
1761 2528 1936 2572 achitae

244 2585 341 2629 VR.
435 2589 459 2628 9
491 2586 665 2640 infimus
687 2585 772 2628 VR
804 2600 906 2629 -um
930 2600 1013 2630 nos
1045 2587 1230 2641 adfixus
1253 2587 1369 2631 edF.
1467 2590 1521 2630 10
1553 2587 1786 2644 dryiopem
1812 2587 1936 2630 infra

243 2645 446 2702 dryopen
468 2644 566 2688 VR.
689 2649 743 2687 12
775 2651 1053 2690 cumeertant
1076 2645 1115 2689 V
1147 2652 1323 2691 certant
1352 2646 1423 2690 ed.
1548 2650 1602 2689 13
1638 2646 1822 2690 curibus
1852 2645 1935 2689 VR

232 2705 356 2747 -viris
396 2703 466 2748 ed.
591 2707 645 2747 15
676 2705 783 2758 post
813 2706 938 2760 rapit
971 2706 1021 2748 in
1055 2705 1274 2749 lemmate
1304 2707 1487 2750 traiecto
1517 2709 1699 2762 yut-ture
1731 2704 1837 2749 add.
1863 2704 1935 2747 ed.

247 2767 302 2806 16
341 2764 499 2807 clausa
538 2768 602 2807 est
632 2761 716 2805 VR
754 2776 894 2806 eausa
933 2769 1044 2808 esset
1081 2764 1152 2808 ed.
1276 2769 1329 2808 17
1363 2764 1555 2808 alendae
1585 2764 1626 2806 R
1661 2764 1871 2808 colendae
1894 2763 1936 2806 V

246 2835 334 2865 om.
354 2822 424 2865 ed.
498 2825 551 2864 18
577 2823 763 2866 traiecto
785 2827 965 2878 yuttare
988 2836 1071 2878 pro
1097 2823 1316 2867 lemmate
1340 2837 1424 2868 scr.
1438 2822 1523 2866 VR
1545 2837 1629 2878 pro
1654 2823 1845 2879 interpr.
1864 2822 1933 2866 ed.

247 2885 302 2923 24
326 2882 418 2925 vivi
442 2894 496 2925 eae
512 2880 596 2923 VR
620 2886 662 2924 et
683 2881 903 2935 interpos
926 2882 995 2924 ed.
1019 2882 1022 2939 Ι
1051 2884 1264 2927 morituri
1277 2882 1362 2925 VR
1385 2883 1553 2927 mortui
1575 2882 1646 2926 ed.
1669 2882 1673 2940 Ι
1701 2883 1752 2926 in
1767 2881 1936 2926 vivisV

245 2941 297 2983 in
319 2941 456 2984 huius
479 2940 532 2983 R.
619 2945 674 2983 26
706 2941 907 2984 vomebat
929 2940 970 2983 V
995 2943 1195 2986 movebat
1218 2941 1259 2984 R
1291 2954 1404 2985 corr.
1429 2956 1464 2984 r.
1551 2946 1604 2984 27
1630 2942 1935 2997 qaia—ami-

245 3004 364 3043 serat
383 3005 560 3056 partem
585 3012 672 3042 om.
691 2999 784 3042 ed.:
811 2999 867 3042 cf.
887 3002 985 3042 404.
1064 3005 1120 3043 28
1145 3001 1321 3045 treieios
1335 3000 1432 3044 VR..
1462 3002 1466 3058 Ι
1495 3001 1651 3045 boreae
1671 3005 1821 3057 yentes
1837 2999 1935 3043 VR.
