2050 3226
770 160 1076 206 AENEIDOS
1101 160 1187 205 VII
1755 163 1823 216 41

130 314 250 366 ergo·
296 301 464 350 oculos
510 301 721 351 Latinus
767 300 946 349 habuit
989 303 1040 349 et
1090 301 1247 349 solam
1299 303 1485 348 terram
1536 301 1831 350 intuebatur

129 392 230 424 non
268 375 585 425 considerans
625 375 739 438 quis
771 377 861 424 aut
892 390 1021 438 quae
1053 374 1337 437 obtulisset3
1369 391 1469 424 non
1501 377 1633 423 enim
1663 392 1830 439 regem

128 450 272 499 rebus
305 450 533 499 omnibus
563 450 923 498 redundantem
954 452 1216 498 moverant
1244 465 1465 511 munera,
1490 465 1639 512 quem
1664 450 1832 512 potior

130 539 279 573 causa
323 524 377 572 in
425 525 576 573 aliam
624 524 834 572 duxerat
876 526 1086 587 partem.
1163 523 1420 587 cogitabat
1462 523 1645 586 quippe
1693 539 1832 587 spem

77 611 97 644 5
129 598 492 648 coniunctionis
529 599 703 647 unicae
740 597 874 646 filiae
914 599 965 646 et
1002 596 1106 647 eius
1143 614 1270 660 quae
1299 600 1416 660 post
1447 598 1686 647 orbitates
1718 599 1830 661 plu-

126 673 278 722 rimas
332 673 440 721 sola
493 674 751 736 supererat
803 673 924 721 seni.
1019 671 1365 722 considerabat
1416 674 1650 735 portenta
1704 689 1830 735 quae

127 747 324 795 viderat
366 747 420 794 in
466 748 689 796 examine
737 763 910 810 apum,
956 747 1010 794 in
1049 747 1213 809 capite
1253 762 1451 809 quoque
1488 747 1646 809 ipsius
1684 747 1832 808 filiae,

129 821 262 883 quod
299 822 529 870 innoxius
567 821 699 885 ignis
736 821 1012 883 invaserat,
1050 821 1276 870 flammas
1315 836 1517 870 errasse.
1578 821 1833 870 tractabat

128 895 258 944 vatis
298 911 498 959 quoque
538 896 860 956 sententiam,
900 895 990 958 qui
1028 895 1221 943 dixerat
1259 897 1555 957 „externum
1586 896 1830 945 cernimus

0 1013 1 1024 ,
54 983 97 1015 10
128 969 396 1018 adventare
440 970 606 1018 virum
653 972 704 1018 et
743 969 903 1032 partis
939 971 1107 1033 petere
1148 985 1326 1033 agmen
1366 969 1562 1018 easdem
1600 970 1829 1033 partibus

0 1035 1 1038 Ἴ
127 1060 185 1092 ex
222 1043 379 1092 isdem
420 1046 471 1091 et
509 1060 704 1092 summa
738 1044 1041 1092 dominarier
1072 1043 1229 1092 arce.“
1289 1059 1389 1091 non
1420 1044 1584 1093 minus
1617 1060 1830 1093 commo-

127 1118 311 1166 vebant
347 1118 507 1182 patris
547 1119 712 1166 Fauni
748 1133 1009 1180 responsa,
1049 1118 1136 1180 qui
1174 1119 1422 1167 cecinerat
1460 1134 1557 1180 „ne
1599 1121 1712 1181 pete
1752 1134 1829 1167 co-

126 1192 293 1241 nubiis
343 1196 517 1241 natam
555 1194 743 1241 sociare
791 1191 1010 1254 Latinis,
1050 1208 1078 1240 o
1116 1209 1228 1241 mea
1273 1193 1555 1257 progenies,
1593 1193 1829 1241 thalamis

128 1283 226 1315 neu
275 1267 416 1315 crede
464 1267 678 1329 paratis,
729 1268 918 1314 externi
966 1268 1169 1315 venient
1218 1267 1410 1331 generi,
1457 1267 1543 1329 qui
1589 1267 1829 1331 sanguine

55 1354 97 1385 15
127 1343 354 1389 nostrum
383 1356 563 1389 nomen
596 1341 650 1388 in
682 1343 819 1389 astra
849 1339 1058 1389 ferant.“
1118 1341 1311 1389 interea
1342 1357 1455 1390 cum
1484 1343 1538 1389 in
1569 1357 1670 1389 uno
1702 1345 1831 1390 esset

127 1415 295 1464 vultus
348 1415 550 1476 obtutU,
601 1431 714 1462 cum
765 1416 927 1463 solum
975 1416 1322 1464 tantummodo
1371 1417 1669 1477 intueretur,
1717 1432 1830 1464 cum

127 1491 369 1538 tractaret
406 1490 719 1538 commodum
757 1489 911 1550 filiae,
951 1506 1063 1538 cum
1096 1492 1331 1553 portenta
1363 1506 1421 1538 ac
1450 1506 1689 1553 responsa
1720 1507 1830 1553 per-

126 1563 385 1626 penderet,
433 1563 775 1612 arbitrabatur
835 1565 963 1612 hanc
1011 1565 1152 1612 illam
1196 1566 1318 1624 fatis
1364 1568 1562 1613 externa
1612 1566 1673 1613 ab
1721 1566 1831 1614 sede
1848 1574 1934 1614 255

122 1639 394 1698 profectum
437 1638 670 1698 portendi
720 1653 952 1699 yenerwm
997 1639 1301 1699 paribusque
1353 1640 1406 1686 in
1460 1653 1613 1700 remia
1665 1641 1831 1688 vocari

53 1722 97 1756 2⁰
127 1713 383 1772 auspiciis,
423 1713 535 1760 huic
566 1714 847 1773 proyeniem
880 1713 1055 1761 virtute
1083 1714 1308 1772 futuram
1339 1715 1580 1774 eyreyiam
1611 1717 1654 1761 et
1683 1717 1832 1762 totum

127 1801 251 1846 quae
287 1787 477 1834 viribus
515 1790 709 1846 occupet
745 1788 919 1835 orbem.
1001 1787 1168 1835 omnia
1208 1804 1332 1851 quae
1372 1789 1653 1836 cecinerant
1690 1791 1829 1837 vates

129 1864 178 1908 et
217 1877 345 1922 quae
384 1861 649 1909 condolens
687 1861 1014 1924 responderat
1049 1861 1250 1910 Faunus
1298 1862 1624 1910 occurrebant
1660 1862 1832 1911 Latini

127 1934 426 1984 tractatibus
465 1951 555 1983 nec
592 1935 756 1984 inanis
797 1936 933 1998 apud
971 1951 1083 1984 eum
1122 1937 1369 1985 sententia
1399 1936 1500 1984 fuit
1527 1937 1695 1999 ipsum
1727 1953 1831 1986 esse

129 2010 408 2070 externum,
455 2009 623 2093 ipsum
671 2025 927 2073 generum,
976 2011 1143 2073 ipsum
1190 2011 1276 2073 qui
1320 2026 1399 2059 res
1436 2011 1595 2059 Italas
1633 2011 1832 2059 florenti

30 2093 97 2126 >25
128 2083 363 2146 progenie
413 2084 465 2130 in
514 2083 752 2132 maiorem
801 2101 1066 2132 numerum
1114 2086 1294 2133 fuisset
1342 2087 1600 2147 aucturus,
1639 2101 1830 2170 posses-

29 2155 34 2158 *
129 2172 272 2206 surus
335 2173 531 2220 quoque
594 2157 725 2206 orbis
779 2159 1046 2221 imperium
1100 2161 1320 2222 corporis
1375 2161 1525 2208 simul
1579 2161 1830 2223 animique

128 2233 329 2279 virtute.
390 2232 585 2280 tandem
624 2232 779 2280 laetus
818 2234 911 2281 ait:
956 2249 1108 2296 supra
1140 2234 1265 2282 dixit
1296 2233 1509 2283 obducto
1541 2250 1653 2281 eum
1683 2235 1831 2283 vultu

129 2305 305 2366 fuisse,
352 2321 466 2355 cum
515 2305 780 2370 cogitaret,
827 2306 1003 2355 dehinc
1040 2310 1231 2369 tamen,
1270 2324 1382 2356 cum
1421 2309 1619 2371 optatos
1661 2324 1718 2357 ac
1758 2325 1829 2356 se-

130 2380 316 2428 cundos
355 2380 517 2428 exitus
554 2381 872 2443 repperisset,
912 2381 1131 2430 ostendit
1166 2382 1357 2430 laetum
1394 2382 1663 2444 protulisse
1703 2398 1829 2444 quae

57 2461 100 2495 ⁸0
129 2453 372 2502 volvendo
420 2455 730 2504 discusserat.
807 2455 1011 2503 tandem
1058 2455 1191 2518 quod
1237 2458 1332 2518 ait,
1369 2458 1670 2505 monstravit
1715 2472 1830 2504 eum

131 2527 216 2575 diu
269 2527 322 2575 in
374 2529 671 2577 tractatibus
724 2529 1053 2591 inmoratum3
1105 2531 1159 2578 in
1210 2546 1360 2579 causa
1410 2530 1542 2578 enim
1590 2530 1686 2578 tali
1730 2546 1829 2578 non

132 2600 329 2650 deberet
366 2603 578 2651 inveniri
615 2618 991 2666 praeproperus.
1063 2605 1225 2652 laetus
1266 2604 1400 2666 ideo,
1440 2605 1558 2667 quia
1596 2604 1832 2666 sperabat

253 2806 278 2845 2
310 2803 413 2858 quis
442 2801 485 2846 V
516 2804 596 2858 qui
626 2803 697 2847 ed.
801 2808 824 2846 7
857 2804 1038 2848 videbat
1068 2804 1110 2847 V
1142 2804 1214 2848 ed.
1320 2808 1376 2847 20
1407 2805 1514 2847 huic
1544 2803 1585 2845 V
1617 2805 1723 2848 hinc
1754 2803 1825 2847 ed.

135 2863 190 2902 22
229 2862 514 2916 responderet
542 2861 584 2905 V
624 2863 780 2906 -derat
825 2876 909 2906 nos
960 2864 1125 2908 -disset
1162 2863 1232 2907 ed.
1356 2868 1411 2906 23
1451 2863 1754 2907 tractantibus
1787 2862 1828 2906 V

136 2931 248 2963 corr.
281 2919 353 2964 ed.
476 2923 532 2963 25
568 2922 817 2978 proqeniae
854 2923 1026 2967 maiore
1062 2936 1301 2967 numerum
1333 2921 1374 2964 V
1406 2922 1623 2978 prayem‘e
1656 2924 1828 2967 maiore

134 2990 320 3023 ‘numero
351 2979 409 3023 ed
419 2979 468 3022 F.
592 2984 646 3023 32
671 2993 1004 3037 praeproperos
1033 2981 1076 3025 V
1108 2995 1246 3026 -rans
1278 2980 1349 3024 ed.
