2050 3226
257 162 366 216 554
732 160 966 206 DONATI
994 160 1480 206 1NTERPRVERG.

255 300 414 348 adhuc
437 301 688 361 campique
709 301 924 360 inqentes
947 300 1137 348 ossibus
1160 300 1344 348 albent:
1371 300 1530 363 tanta,
1552 301 1733 363 inquit,
1757 303 1948 365 strages

254 374 486 422 funerum
516 374 636 436 fuit,
666 376 724 422 ut
748 373 970 422 Tiberini
998 374 1215 422 fluminis
1240 373 1429 438 gelidos
1462 390 1634 424 cursus
1666 377 1715 423 et
1741 387 1948 439 magnos

254 449 406 496 etiam
458 464 589 496 nunc
643 464 898 496 caesorum
951 448 1155 512 sanguis
1204 448 1400 511 tepidos
1452 449 1639 498 fecerit.
1716 449 1950 498 Tiberina

253 522 442 571 fluenta
470 522 713 571 invidiose
745 521 892 583 dixit,
924 537 1074 584 quae,
1114 538 1226 570 cum
1255 522 1478 586 ingentia
1512 525 1676 572 essent
1705 525 1756 571 et
1785 522 1949 587 gelida

253 597 588 658 vehementer,
638 595 940 644 admixtione
979 598 1148 645 tamen
1191 596 1397 645 calentis
1438 598 1647 645 humani
1693 595 1948 661 sanguinis

158 728 163 731 ¹
253 673 487 733 superata
524 671 791 732 tepuerint.
845 671 1015 719 nostro
1055 672 1297 734 sanguine
1335 686 1434 718 non
1473 687 1627 720 vacue
1657 672 1849 734 posuit,
1887 687 1950 719 ne

162 2604 218 2643 40

254 744 437 793 diceret
461 745 660 792 Turnus
682 746 949 807 tepuerunt
971 746 1213 808 sanguine
1238 745 1567 794 Troianorum
1596 746 1765 808 potius
1798 761 1949 808 quam

252 820 537 867 nostrorum
569 820 678 879 aut,
712 818 845 881 quod
872 819 1073 867 admitti
1102 820 1250 867 facile
1280 819 1468 882 potuit,
1499 820 1758 882 utriusque
1788 819 1950 882 partis

251 894 420 941 fuisse.
498 892 756 955 campique
795 894 1022 957 ingentes
1069 893 1262 941 ossibus
1313 893 1504 955 albent,
1554 909 1723 941 eorum
1761 894 1951 942 scilicet

254 983 464 1028 quorum
513 967 715 1031 sanguis
767 967 1042 1030 apparebat
1089 967 1143 1015 in
1191 967 1408 1016 flumine.
1484 967 1642 1016 omnis
1691 967 1948 1016 miseratio

251 1041 375 1089 facti
410 1057 511 1089 non
558 1056 788 1104 expressa
834 1044 930 1103 est,
980 1042 1079 1090 nisi
1125 1042 1261 1104 quod
1306 1057 1594 1105 camporum
1639 1041 1805 1104 spatia
1849 1057 1950 1090 non

252 1117 489 1180 angusta,
540 1115 627 1164 sed
664 1116 772 1164 lata
809 1132 898 1164 nec
947 1117 1094 1164 unius
1151 1116 1315 1179 campi
1363 1117 1450 1165 sed
1497 1117 1831 1179 plurimorum
1879 1116 1950 1164 sic

250 1206 353 1238 una
390 1189 518 1238 facie
555 1190 777 1238 humana
817 1205 930 1240 ossa
969 1191 1309 1252 contexerant,
1357 1193 1416 1239 ut
1462 1191 1589 1238 nihil
1634 1189 1733 1238 nisi
1782 1189 1950 1238 album

251 1263 406 1312 oculis
436 1263 676 1313 intuentis
701 1267 988 1313 occurreret.
1029 1279 1119 1325 quo
1150 1267 1336 1325 referor
1362 1265 1563 1313 totiens?
1595 1278 1718 1325 quae
1746 1267 1950 1312 mentem

249 1338 452 1386 insania
480 1339 668 1386 mutat?
706 1339 751 1386 si
776 1339 943 1387 Turno
975 1340 1175 1387 eaetincto
1198 1339 1351 1387 socios
1374 1353 1484 1387 sum
1515 1339 1705 1387 adscire
1721 1341 1948 1399 paratuS,

251 1426 337 1461 cur
374 1426 473 1460 non
511 1413 742 1460 incolumi
762 1414 931 1472 potius
969 1413 1238 1461 certamina
1268 1413 1411 1461 tollo?
1463 1429 1648 1477 magna
1679 1427 1784 1461 sese
1819 1427 1948 1461 com-

250 1486 469 1534 motione
521 1487 676 1534 animi
723 1487 1040 1549 reprehendit
1089 1490 1138 1535 et
1186 1503 1325 1548 vera,
1377 1503 1476 1550 qua
1527 1487 1674 1535 simul
1725 1486 1949 1534 Turnum

249 1562 403 1608 terret
442 1561 490 1608 et
530 1561 674 1623 quasi
714 1561 821 1608 eius
861 1561 1118 1609 commoda
1164 1576 1214 1609 se
1257 1563 1473 1609 tractare
1521 1560 1784 1624 significat.
1861 1560 1949 1608 sed

251 1650 364 1698 eg0,
402 1634 591 1698 inquit,
628 1635 681 1682 in
720 1650 844 1697 quas
885 1650 1066 1684 avocor
1103 1636 1285 1697 partiS,
1327 1636 1381 1682 ut
1412 1634 1634 1683 deseram
1673 1649 1795 1683 sana
1834 1649 1947 1683 con-

250 1707 397 1757 silia?
451 1710 539 1757 aut
578 1725 677 1771 qua
713 1708 912 1758 insania
957 1710 1010 1756 in
1057 1710 1363 1757 contrarium
1408 1708 1561 1757 ducor
1606 1710 1696 1756 aut
1741 1707 1947 1756 trahor?

249 1782 292 1831 si
331 1783 463 1831 enim
500 1783 716 1831 extincto
757 1783 923 1831 Turno
962 1785 1168 1847 paratus
1208 1798 1319 1831 sum
1357 1786 1522 1831 tenere
1557 1783 1821 1844 TroianOS,
1860 1798 1948 1831 cur

248 1873 348 1905 non
384 1858 479 1905 hoc
524 1859 688 1920 ipsum
734 1857 932 1906 sublata
976 1858 1235 1922 pugnandi
1280 1857 1572 1905 crudelitate
1619 1857 1840 1919 perficio,
1890 1859 1948 1905 ut

248 1931 387 1979 illius
420 1931 556 1979 salus
587 1933 790 1979 maneat
820 1934 870 1980 et
898 1933 988 1980 tua
1023 1934 1072 1980 et
1101 1931 1319 1980 luctuosi
1349 1931 1632 1980 certaminis
1664 1947 1764 1980 non
1796 1946 1946 1979 emer-

250 2007 339 2068 gat
370 2004 665 2053 adversum‘?
709 2006 870 2054 adhuc
894 2005 1226 2054 subtilitatem
1255 2005 1492 2068 loquendi
1513 2005 1695 2053 retinet
1724 2021 1813 2053 nec
1844 2005 1944 2054 evi-

251 2079 446 2127 dentius
497 2079 607 2127 vult
656 2081 846 2141 aperire
897 2079 1018 2142 quid
1067 2081 1271 2141 sentiat,
1325 2082 1375 2127 et
1422 2082 1590 2128 tamen
1643 2095 1732 2142 per
1782 2080 1945 2141 ipsam

249 2153 512 2201 verborum
542 2154 805 2216 caliginem
835 2154 1004 2216 potuit
1033 2154 1191 2203 videri
1222 2154 1357 2217 quod
1388 2153 1635 2202 dictorum
1665 2153 1944 2201 subtilitate

249 2226 524 2291 tegebatur.
599 2228 725 2274 illud
776 2228 927 2289 enim,
979 2228 1214 2291 quicquid
1263 2229 1448 2289 fuerat,
1497 2227 1724 2291 intellegi
1775 2227 1942 2289 potius

248 2301 410 2350 voluit
447 2316 600 2363 quam
639 2301 913 2350 evidentius
949 2303 1107 2364 nosci,
1148 2302 1305 2364 quod,
1344 2302 1387 2350 si
1424 2302 1581 2350 nollet
1611 2302 1808 2349 Turnus
1847 2300 1944 2348 sibi

248 2375 518 2424 recedendo
557 2376 832 2437 consulere,
871 2376 1081 2425 daturus
1120 2379 1248 2425 esset
1278 2375 1488 2425 Latinus
1519 2376 1625 2438 ipse
1655 2375 1800 2422 malis
1840 2389 1941 2422 om-

249 2449 393 2498 nibus
432 2450 592 2497 finem.
670 2449 792 2510 quid
832 2453 907 2497 est
943 2451 1036 2498 hoc
1076 2467 1226 2513 quam
1264 2451 1411 2499 fateri
1458 2465 1508 2498 se
1548 2449 1743 2497 Aeneae
1782 2449 1940 2510 partis

250 2539 360 2571 cum
390 2523 659 2572 traditione
682 2523 814 2570 filiae
847 2526 1156 2586 secuturum,
1189 2540 1315 2586 quae
1347 2523 1444 2571 fuit
1475 2539 1625 2572 causa
1647 2521 1940 2586 pugnandi?

250 2598 366 2658 quid
389 2598 735 2657 consanquinei
758 2598 951 2654 Rutuli,
986 2599 1103 2657 quid
1126 2602 1279 2647 cetera
1303 2598 1425 2646 dicet
1445 2598 1622 2653 Italia,
1656 2596 1722 2644 ad
1742 2599 1942 2644 mortem

368 2743 396 2781 4
427 2752 542 2794 quae
576 2751 664 2781 om.
698 2738 769 2781 ed.
892 2743 917 2782 6
963 2744 1117 2783 nostro
1138 2765 1193 2772 —-
1223 2743 1249 2782 8
1288 2744 1545 2783 nostrorum
1590 2736 1761 2781 omissa
1805 2737 1939 2791 parte

250 2798 384 2851 parte
416 2799 597 2840 mutata
629 2797 907 2841 deformavit
938 2797 1008 2840 ed.
1106 2802 1131 2841 8
1158 2803 1316 2854 partes
1339 2797 1381 2840 V
1405 2811 1518 2840 corr.
1545 2795 1615 2840 ed.
1718 2799 1771 2838 13
1803 2795 1940 2848 facile

250 2855 291 2898 V
316 2855 386 2899 ed.
418 2857 538 2910 facie
569 2870 666 2899 nos.
772 2861 825 2899 15
858 2857 1004 2900 accire
1035 2856 1105 2900 ed.
1210 2861 1264 2899 19
1297 2857 1491 2900 advocor
1521 2855 1591 2899 ed.
1696 2857 1751 2897 20
1783 2867 1874 2909 qua
1896 2853 1939 2896 V

251 2916 360 2969 quia
406 2915 477 2958 ed.
601 2919 656 2958 23
699 2921 881 2959 maneat
919 2914 961 2957 V
1002 2929 1059 2958 m.
1099 2921 1139 2960 et
1181 2915 1252 2959 ed.
1383 2919 1438 2958 30
1481 2914 1600 2971 quod
1636 2913 1776 2967 fateri
1817 2927 1863 2958 se
1897 2911 1939 2956 V

251 2987 386 3029 quam
415 2974 449 3028 f.
474 2987 509 3018 s.
542 2987 624 3017 nos
657 2974 776 3030 quod
805 2975 977 3029 fatetur
1008 2974 1078 3018 ed.

1981 984 2024 1016 10

1981 1352 2023 1386 15

1979 1721 2023 1754 20

1976 2089 2019 2123 25

1974 2459 2017 2491 30
