2050 3226
225 164 334 218 250
698 162 932 208 DONATI
961 162 1242 207 INTERPR.
1267 161 1446 207 VERG.

225 302 559 367 agnoscebant
596 302 813 366 Messapi
852 302 1047 367 galeam
1078 305 1128 350 et
1156 302 1386 364 phaleras
1426 301 1602 351 sudore
1632 301 1912 367 largissimo

222 376 536 440 reciperatas.
611 377 837 441 intellegi
883 378 1048 440 potest
1085 375 1237 424 etiam
1276 375 1367 438 sic,
1416 379 1475 425 ut
1515 375 1676 425 adhuc
1713 379 1915 425 maneat

222 451 524 499 Rutulorum
546 450 819 499 ludibriosa
841 450 1082 511 laudatiO,
1113 452 1174 499 ut
1202 451 1411 499 trecenti
1439 450 1619 499 armati
1640 451 1915 514 receperint

224 525 402 573 sudore
439 525 632 589 ingenti
672 540 798 587 quae
837 525 1148 573 sustulerant
1186 524 1299 572 duo.

120 613 206 654 460
340 599 409 647 Et
454 601 557 647 iam
594 600 765 659 prima
809 613 932 646 novo
979 599 1239 660 sparyebat
1284 599 1464 646 lumine
1512 602 1669 647 terras
1721 599 1914 647 Tithoni
1968 617 1988 650 5

223 687 439 722 croceum
469 673 692 732 linquens
721 671 924 721 Aurora
955 673 1128 730 cubile,
1160 673 1263 720 iam
1292 673 1390 720 sole
1422 673 1606 732 infuso,
1638 674 1741 721 iam
1770 674 1914 721 rebus

224 747 326 795 luce
355 748 565 795 retectis:
601 748 726 809 iam,
756 746 942 808 inquit,
982 748 1274 809 consumpta
1304 761 1401 794 nox
1431 748 1596 795 fuerat
1627 749 1677 795 et
1707 762 1913 810 appare-

221 820 344 870 bant
376 820 542 869 omnia
574 837 700 884 quae
732 821 1104 869 occultaverant
1139 821 1386 869 tenebrae.
1456 821 1656 869 Turnus
1686 821 1740 869 in
1772 836 1914 869 arma

163 933 167 935 .
220 896 352 943 viros
391 896 545 943 armis
583 895 911 943 circumdatas
941 895 1044 955 ipse
1081 895 1305 943 suscitat:
1343 895 1554 943 suscitat
1590 897 1764 958 utpote
1803 895 1913 943 dor-

221 969 441 1030 mientis,
487 984 576 1017 nec
622 971 792 1032 posset
838 969 962 1017 alios
1009 969 1061 1016 in
1107 968 1295 1016 bellum
1341 968 1646 1018 constantius
1687 970 1913 1030 excitare,
1946 989 1988 1021 10

221 1044 320 1091 nisi
366 1042 516 1091 etiam
562 1042 669 1106 ipse
714 1044 873 1106 primo
920 1044 1099 1091 fuisset
1145 1045 1382 1091 armatus.
1461 1046 1747 1102 aeratasque
1786 1044 1914 1091 acies

219 1117 274 1164 in
305 1117 498 1178 proelia
544 1119 666 1178 coytt
709 1118 908 1177 quisque
953 1132 1073 1165 suas
1118 1118 1366 1176 variisque
1411 1121 1594 1165 acuunt
1636 1118 1914 1166 rumoribus

220 1191 350 1239 iras:
395 1207 510 1255 rege
549 1191 844 1254 procedente
891 1190 955 1239 ad
993 1191 1181 1239 bellum
1221 1193 1438 1240 armatas
1479 1192 1609 1240 acies
1647 1191 1913 1253 unusquis-

117 1278 204 1318 465
222 1281 316 1327 que
371 1265 470 1313 dux
524 1265 732 1330 cogebat
784 1267 837 1313 in
891 1265 1096 1328 proelia.
1189 1266 1307 1325 quin
1359 1266 1472 1325 ipsa
1525 1266 1726 1314 arrectis
1780 1266 1913 1325 (visa

219 1340 513 1399 miserabile)
562 1341 617 1387 in
665 1340 819 1388 hastis
864 1341 1148 1401 praefiyant
1200 1340 1363 1400 capita
1417 1342 1459 1388 et
1509 1340 1657 1387 multo
1708 1339 1914 1388 elamore
1945 1357 1987 1391 15

220 1417 448 1461 secuntur
492 1413 708 1475 Euryali
757 1417 801 1461 et
844 1414 983 1462 Nisi:
1034 1415 1146 1476 ipsa
1193 1414 1383 1476 capita,
1439 1430 1649 1476 quorum
1703 1414 1914 1461 alterum

219 1487 431 1550 Euryali
461 1487 581 1550 fuit,
613 1489 829 1536 alterum
858 1487 992 1549 Nisi,
1022 1487 1179 1536 hastis
1211 1487 1363 1535 infixa
1393 1488 1732 1536 insultationis
1764 1503 1913 1536 causa

219 1561 567 1610 monstrabant
619 1578 717 1611 non
773 1562 890 1623 sibi,
943 1562 1030 1610 sed
1085 1562 1314 1610 Troianis
1366 1562 1648 1610 miseranda
1698 1563 1911 1610 clamore

219 1652 401 1700 magno
442 1636 614 1685 eadem
659 1639 1027 1699 prosequentes.
1105 1636 1291 1685 clamor
1328 1636 1422 1685 iste
1464 1636 1625 1698 qualis
1665 1636 1815 1684 fuerit
1854 1652 1912 1683 ex

219 1725 431 1772 persona
468 1709 823 1759 insultantium
870 1711 1058 1774 poterit
1096 1709 1363 1758 aestimari.
1442 1709 1703 1758 ordinatur
1740 1725 1909 1758 sensus
1943 1727 1986 1761 20

221 1785 313 1832 sic:
359 1784 471 1847 ipsa
519 1784 685 1847 capita
724 1785 934 1847 Euryali
973 1787 1022 1833 et
1059 1784 1173 1833 Nisi
1210 1784 1492 1848 praefigunt
1538 1784 1710 1833 erectis
1753 1783 1910 1832 hastis

220 1860 270 1906 et
306 1874 489 1922 magno
529 1859 742 1908 clamore
781 1861 1027 1907 secuntur.
1103 1858 1368 1906 Aeneadae
1407 1859 1544 1906 duri:
1589 1859 1739 1906 duros
1786 1858 1912 1906 dixit

220 1931 445 1981 durantis
484 1933 537 1980 in
575 1933 759 1982 labore.
834 1947 1088 1981 murorwm
1132 1934 1186 1980 in
1224 1936 1369 1992 parte
1406 1933 1609 1980 sinistra
1648 1946 1911 1993 opposuere

115 2016 202 2056 470
220 2007 372 2054 aciem
403 2007 545 2065 (nam
577 2007 772 2055 dentera
804 2008 1012 2068 einyitur
1043 2007 1202 2067 amni)
1234 2007 1532 2067 inqentisque
1563 2010 1720 2054 tenent
1747 2007 1910 2066 fossas

220 2083 263 2127 et
284 2081 502 2128 turribus
526 2081 639 2129 altis
662 2084 795 2130 stant
814 2082 1010 2130 maesti:
1033 2097 1183 2143 supra
1201 2074 1322 2148 (40)
1340 2080 1465 2129 dixit
1483 2096 1686 2129 causam
1707 2083 1911 2143 propter
1942 2096 1983 2129 25

220 2169 373 2216 quam
405 2157 568 2203 castra
598 2171 697 2203 non
731 2155 1113 2219 egrediebantur
1152 2157 1201 2203 et
1231 2155 1404 2203 fossas.
1473 2155 1711 2203 tenebant
1741 2157 1908 2202 autem

218 2229 371 2276 turris
420 2229 651 2291 opposita
705 2229 809 2278 acie
855 2231 908 2277 in
961 2230 1158 2278 laevam
1204 2232 1398 2292 partem
1455 2223 1732 2295 (dexteram
1778 2230 1910 2275 enim

218 2302 476 2351 muniebat
519 2296 702 2368 amnis)
749 2303 931 2352 tristes.
991 2304 1181 2352 interea
1221 2303 1403 2351 dicitur
1442 2318 1590 2351 causa
1627 2303 1907 2351 maestitiae

218 2377 366 2424 simul
411 2391 500 2424 ora
548 2378 710 2424 virum
753 2379 985 2436 praefixa
1033 2379 1287 2426 movebant
1335 2380 1450 2425 nota
1497 2377 1646 2424 nimis
1694 2378 1909 2424 miseris:

216 2450 484 2499 movebant
512 2451 689 2498 Rutuli
721 2451 995 2499 occisorum
1026 2453 1213 2514 capita,
1246 2467 1372 2514 quae
1406 2451 1606 2499 Troiani
1638 2467 1695 2498 ex
1726 2451 1909 2498 notitia
1940 2464 1982 2496 30

340 2625 394 2664 12
425 2634 529 2665 suos
553 2619 594 2662 V
623 2621 677 2663 ut
707 2620 918 2676 plerique
943 2621 1082 2678 Verg.
1114 2621 1223 2666 libri
1255 2623 1302 2665 et
1333 2621 1403 2666 ed.
1439 2622 1599 2664 contra
1630 2621 1907 2676 interpreta-

217 2679 414 2732 tionem,
448 2693 568 2735 quae
599 2693 708 2724 suas
738 2680 946 2735 postulat
977 2683 1168 2737 propter
1191 2686 1394 2725 armatas
1417 2682 1537 2724 acies
1561 2682 1646 2724 etc.
1703 2682 1906 2724 ceterum

218 2738 315 2782 noli
347 2738 575 2794 suspicari
605 2739 722 2782 Don.
755 2745 1043 2795 armatasque
1073 2740 1260 2797 legisse:
1294 2740 1452 2796 posuit
1482 2740 1590 2793 hoc,
1622 2741 1675 2782 ut
1706 2744 1907 2783 aeratas-

219 2812 302 2853 que
325 2812 410 2853 per
431 2797 736 2842 variationem
763 2798 1030 2853 explicaret.
1111 2803 1164 2842 19
1194 2804 1503 2855 persequentes
1527 2799 1598 2842 ed.
1677 2803 1732 2841 26
1756 2803 1908 2842 eastra

220 2870 307 2900 om.
334 2857 404 2900 ed.
442 2857 446 2915 Ι
482 2863 632 2901 autem
663 2871 750 2901 om.
778 2857 849 2901 ed.
972 2863 1025 2901 27
1059 2859 1262 2902 turribus
1291 2859 1520 2913 oppositas
1552 2857 1622 2900 ed.
1661 2857 1664 2915 Ι
1699 2858 1841 2900 aciem
1868 2855 1906 2899 V

217 2917 314 2960 acie
344 2930 427 2959 nos
460 2922 502 2960 et
531 2918 673 2960 aciem
704 2916 774 2960 ed.
813 2916 817 2974 Ι
853 2916 1038 2961 dextera
1063 2917 1103 2960 V
1128 2917 1198 2961 ed.
1227 2930 1339 2960 corr.
1366 2917 1436 2960 ed.
1461 2918 1580 2971 post.
1674 2920 1729 2959 28
1760 2917 1908 2960 tristes

217 2974 258 3017 V
290 2976 434 3020 tristis
466 2989 569 3018 cum
602 2974 904 3031 sequentibus
936 2976 1233 3020 coniunctum
1267 2975 1336 3019 ed.
1375 2976 1378 3034 1
1421 2990 1606 3020 causam
1628 2973 1671 3018 V
1695 2988 1807 3019 corr.
1834 2974 1904 3018 ed.
