2050 3226
251 189 323 242 22
725 185 959 230 DONATI
986 185 1472 231 1NTERPR.VERG.

147 337 232 378 135
249 327 428 376 fuerat.
495 325 578 375 Sic
607 326 779 374 deinde
810 327 985 386 effatus
1017 326 1264 386 frondenti
1298 329 1514 386 tempora
1546 339 1686 374 ramo
1718 326 1939 386 inplicat.

249 402 405 450 cinxit
449 401 675 463 tempora
721 416 812 448 sua
856 415 996 448 ramo
1043 399 1316 461 frondenti,
1365 415 1480 447 mox
1525 402 1585 448 ut
1628 400 1751 448 haec
1795 399 1944 463 dixit3

247 476 343 524 hoc
367 477 455 523 aut
477 475 674 523 laetitia
698 474 884 522 fecerat
914 475 1003 522 aut
1032 474 1276 522 honorum
1308 473 1591 522 divinorum
1621 473 1943 522 sollemnitas,

249 553 293 598 et
320 550 610 610 qeniumque
648 549 739 596 loci
767 548 1073 608 primamque
1111 548 1309 596 deorum
1343 549 1584 596 Tellurem
1613 549 1944 609 nymphasque

158 684 163 687 q
249 627 293 671 et
338 623 497 671 adhuc
543 624 710 684 iqnota
748 625 980 682 precatur
1018 623 1248 680 flumina,
1289 626 1392 669 tum
1438 622 1638 670 Noctem
1682 622 1944 682 Noctisque
1997 634 2018 668 5

248 698 456 746 orientia
503 698 648 758 siqna
697 696 999 755 Idaeumque
1046 695 1214 743 Iovem
1261 696 1619 757 Phryyiamque
1668 710 1725 744 ex
1774 697 1943 744 ordine

147 780 231 821 140
247 775 452 819 matrem
511 772 704 819 invocat
756 773 800 817 et
859 770 1067 830 duplicis
1128 770 1349 830 caeloque
1410 771 1637 830 ereboque
1696 771 1943 830 parentis:

248 862 362 894 cum
406 845 568 893 multa
621 843 903 908 iniungeret
955 844 1127 905 sociis,
1171 843 1278 906 ipse
1322 843 1383 892 ab
1431 844 1684 907 obsequiis
1738 845 1943 892 deorum

247 934 435 968 vacuus
474 934 579 967 esse
617 934 717 966 non
754 919 945 980 potuit3
992 917 1253 966 obsecutus
1297 921 1374 966 est
1411 919 1598 981 quippe
1645 919 1791 982 genio
1830 919 1942 980 loci,

250 993 464 1041 secundo
503 995 666 1041 terrae
707 991 772 1040 ad
809 1007 962 1054 quam
1006 993 1211 1040 venerat
1255 1007 1436 1053 novus,
1485 992 1662 1041 dehinc
1707 993 1940 1056 nymphis
1974 1005 2017 1038 10

246 1069 451 1130 propter
512 1083 713 1129 aquam,
775 1067 836 1114 ut
881 1066 1139 1114 commoda
1187 1067 1461 1130 peregrinis
1515 1082 1620 1116 esse
1674 1067 1940 1130 potuisset3

244 1141 454 1189 flumina
493 1157 715 1204 quoque,
762 1139 881 1188 licet
935 1140 1094 1188 adhuc
1146 1140 1343 1203 ignota,
1390 1140 1769 1202 deprecabatur:
1829 1141 1941 1203 ipsa

245 1215 345 1263 fuit
368 1230 520 1263 causa
542 1215 818 1275 fluminum,
849 1215 961 1276 ipsa
991 1215 1348 1276 nympharum3
1379 1215 1504 1276 tum,
1535 1214 1627 1263 hoc
1651 1217 1728 1263 est
1750 1214 1940 1276 deinde,

243 1289 455 1338 Noctem
477 1289 750 1351 Noctisque
786 1288 999 1336 orientia
1030 1289 1186 1352 signa,
1219 1289 1458 1350 quoniam
1488 1288 1567 1336 die
1600 1291 1940 1338 consummato

244 1364 355 1425 ipsa
406 1363 509 1410 iam
562 1363 764 1411 fuerant
826 1364 1059 1423 ventura,
1121 1365 1180 1410 ut
1241 1363 1377 1410 caelo
1435 1364 1666 1425 terraque
1719 1363 1940 1426 propitia
1972 1374 2015 1407 15

243 1437 451 1485 haberet
489 1452 615 1499 quae
654 1435 875 1484 homines
915 1439 1235 1498 venerantur3
1274 1436 1444 1485 Iovem
1483 1452 1678 1498 quoque
1717 1437 1939 1500 patrium

246 1510 393 1558 deum
433 1512 520 1573 qui
557 1511 609 1558 in
639 1509 731 1557 Ida
770 1512 936 1558 monte
977 1509 1232 1558 colebatur
1272 1513 1322 1559 et
1357 1513 1569 1558 matrem
1609 1511 1755 1559 deum
1793 1514 1941 1560 vocat

246 1600 304 1632 ex
329 1584 514 1632 ordine.
578 1585 728 1632 semel
758 1585 977 1646 positum
1008 1600 1066 1632 ex
1090 1585 1261 1632 ordine
1293 1600 1393 1632 non
1425 1585 1588 1646 semel,
1621 1586 1708 1633 sed
1739 1587 1938 1648 saepius

247 1658 478 1707 debemus
512 1659 747 1720 accipere,
787 1660 843 1705 ut
873 1658 940 1706 sit
971 1654 1130 1721 cingit
1159 1659 1300 1706 lauro
1331 1660 1559 1720 tempora
1591 1661 1641 1707 et
1671 1675 1729 1708 ex
1754 1660 1939 1724 ordine,

242 1733 337 1780 hoc
376 1734 451 1780 est
488 1748 588 1780 non
628 1732 843 1793 confuse,
884 1732 969 1780 sed
1008 1732 1305 1795 singillatim
1345 1733 1654 1782 enumeravit
1690 1734 1849 1782 omnis
1889 1737 1941 1782 et
1971 1748 2033 1780 20,

246 1806 473 1854 omnibus
514 1806 773 1854 obsecutus
814 1808 889 1854 est
928 1806 1112 1854 addens
1153 1806 1364 1868 duplicis
1403 1809 1633 1869 parentes
1673 1823 1807 1869 suos,
1847 1808 1940 1857 hoc

245 1882 321 1928 est
368 1881 513 1940 duOS,
551 1880 794 1928 Venerem
840 1880 997 1940 cae10‚
1043 1880 1293 1929 Anchisen
1333 1881 1391 1928 ab
1431 1881 1618 1929 inferis.
1687 1883 1764 1930 hic
1794 1885 1940 1942 pater

243 1955 545 2015 omnipotens
584 1957 653 2001 ter
684 1954 813 2001 caelo
846 1954 1009 2002 clarus
1049 1955 1110 2002 ab
1144 1955 1240 2002 alto
1271 1956 1504 2002 intonuit:
1543 1956 1732 2004 clarum
1765 1959 1937 2018 aperto

244 2027 416 2075 favore
450 2027 638 2075 auxilia
670 2043 760 2075 sua
793 2027 1157 2091 significantem
1189 2028 1530 2090 accipiendum
1563 2033 1649 2078 est.
1689 2031 1939 2090 radiisque

244 2101 491 2149 ardentem
545 2102 665 2149 lucis
721 2105 763 2148 et
817 2117 938 2149 auro
992 2103 1096 2162 ipse
1141 2117 1296 2150 manu
1350 2105 1571 2162 quatiens
1621 2104 1826 2151 ostendit
1874 2106 1936 2152 ab
1968 2115 2010 2148 25

243 2175 430 2222 aethere
468 2177 668 2222 nubem:
713 2191 871 2238 usque
912 2175 1034 2223 adeo
1073 2176 1247 2224 hilaris
1288 2177 1431 2240 signo
1478 2177 1612 2226 Iovis
1660 2178 1804 2225 favor
1851 2194 1936 2240 ap-

242 2248 434 2311 paruit,
473 2250 530 2296 ut
577 2249 730 2297 nubes
778 2266 878 2298 non
924 2250 1065 2297 fusca
1111 2265 1200 2298 nec
1239 2252 1402 2298 taetra
1449 2252 1533 2298 sed
1580 2267 1728 2298 aureo
1775 2251 1936 2299 colore

243 2322 580 2384 apparuisset,
614 2338 710 2385 quo
751 2323 893 2386 signo
938 2327 1227 2386 conpertum
1267 2326 1342 2372 est
1381 2341 1496 2372 mox
1535 2325 1731 2372 Aeneae
1767 2341 1934 2387 preces

242 2396 454 2444 auditas.
530 2398 605 2444 ter
645 2399 811 2444 autem
849 2398 1089 2458 intonuit,
1129 2413 1203 2458 ne,
1244 2398 1285 2445 si
1325 2399 1475 2445 semel
1514 2398 1705 2446 factum
1743 2399 1935 2461 fuisset,

241 2485 382 2518 casus
444 2471 707 2532 putaretur
776 2472 959 2532 apertis
1031 2471 1184 2534 signis
1253 2473 1530 2520 monstrata
1607 2473 1934 2535 prosperitas:
1966 2485 2009 2518 30

361 2643 384 2680 7
433 2640 639 2694 caeloque
692 2653 780 2682 om.
820 2639 875 2684 V.
1011 2645 1063 2683 14
1111 2648 1416 2686 consummato
1458 2641 1500 2684 V
1546 2650 1806 2700 consumpto
1860 2645 1931 2689 ed.

243 2700 296 2739 16
335 2699 542 2752 patrium
580 2698 710 2741 deum
747 2699 784 2739 V
819 2704 996 2754 patrem
1034 2700 1218 2743 deorum
1257 2701 1324 2745 ed.
1453 2706 1506 2744 19
1544 2708 1586 2746 et
1616 2717 1671 2747 ex
1701 2703 1742 2746 V
1774 2718 1830 2748 ex
1860 2705 1932 2748 ed.

241 2760 296 2799 23
344 2757 518 2800 clarum
546 2782 601 2788 —
634 2761 690 2800 24
732 2759 1062 2814 siqnifi'cantem
1122 2760 1436 2814 accipiendum
1479 2760 1518 2802 V
1562 2762 1631 2806 ed.
1689 2762 1746 2806 cf.
1804 2768 1872 2815 10,
1905 2767 1932 2806 8

239 2829 348 2859 -rus
378 2829 515 2859 -cans
545 2816 660 2859 -dus
690 2816 761 2860 ed.
793 2818 912 2871 post.
1021 2822 1076 2860 26
1108 2818 1272 2862 hilaris
1302 2818 1343 2861 V
1375 2819 1445 2861 ed.
1478 2821 1648 2864 hilari?
1681 2834 1742 2864 an
1771 2822 1932 2865 hilari-

238 2874 376 2917 tatis?
413 2875 417 2931 1
450 2888 598 2929 pavor
621 2874 662 2918 V
693 2876 826 2929 favor
857 2875 927 2918 ed.
1007 2881 1060 2919 27
1094 2882 1242 2920 taetra
1265 2876 1307 2919 V
1339 2883 1482 2922 terrea
1514 2879 1584 2923 ed.
1664 2885 1720 2923 30
1749 2886 1931 2936 putare-

238 2938 316 2977 tur
346 2934 516 2988 apertis
538 2933 580 2976 V
611 2934 687 2977 sed
710 2947 810 2978 cum
833 2940 900 2978 ter
924 2935 1192 2979 intonuisset
1222 2936 1442 2992 interpos
1468 2938 1540 2981 ed.
1577 2940 1581 2996 ᾔ
1616 2944 1866 2983 monstrata
1889 2939 1931 2982 V

238 2997 566 3036 monstraretur
598 2992 667 3036 ed.
