2050 3226
210 208 314 262 158
677 207 911 252 DONATI
939 207 1222 252 INTERPR.
1246 207 1426 253 VERG.

102 355 188 396 305
205 347 405 395 fuerant
449 347 662 395 liberati.
739 350 971 395 consonat
1014 360 1152 395 omne
1196 360 1367 395 nemus
1412 349 1614 407 strepitu
1668 348 1898 408 collesque

204 421 466 469 resultant:
495 421 582 469 ubi
613 422 818 470 ventum
849 423 924 469 est
955 420 1019 468 ad
1051 436 1108 468 ea
1141 436 1267 483 quae
1300 420 1395 470 sibi
1425 421 1625 471 fuerant
1654 422 1899 485 praestita

206 495 362 544 crevit
415 495 637 543 omnium
689 511 786 544 vox
839 497 890 542 et
941 494 1246 544 laudationis
1301 495 1526 544 adfectus
1587 498 1640 544 in
1699 498 1896 545 tantum

205 569 490 618 cumulatus
531 571 628 631 est,
666 572 726 618 ut
766 569 1098 617 exultantium
1137 569 1324 617 clamor
1362 571 1569 619 emissus
1608 571 1662 618 in
1700 585 1898 619 nemore

204 643 482 706 perveniret
529 644 592 691 ad
637 644 819 691 montis
868 645 918 691 et
961 643 1241 691 resultaret.
1315 644 1506 692 exultat
1545 644 1677 708 quod
1714 661 1897 708 magno
1951 659 1971 692 5
2039 650 2043 654 '

203 719 311 765 ictu
347 717 577 766 inliditur
615 719 665 766 et
701 718 872 765 tremit
911 716 1057 779 quasi
1092 717 1366 766 remissum.

159 841 163 844 ,
322 792 460 840 Eoeiu
491 805 541 839 se
565 792 723 840 cuncti
745 792 927 839 divinis
949 792 1093 839 rebus
1117 791 1183 839 ad
1204 793 1373 840 urbem
1395 793 1627 852 perfectis
1656 793 1898 852 referunt:

203 865 291 914 ubi
328 867 448 914 vota
485 866 706 927 perfecta
744 867 881 926 sunt,
926 867 1236 914 recesserunt
1282 881 1449 915 omnes
1498 883 1556 913 ex
1593 867 1704 915 luco
1745 868 1795 914 et
1833 866 1897 914 ad

203 939 377 988 urbem
416 941 684 1002 coeperunt
719 955 960 1001 remeare,
1001 941 1240 1002 quoniam
1270 941 1320 987 et
1349 940 1472 987 hora
1510 940 1895 1003 propinquantis

209 1015 399 1077 vesperi
439 1014 503 1061 ad
542 1013 707 1062 sedem
744 1015 1000 1076 propriam
1038 1013 1305 1062 revocabat
1341 1015 1611 1063 universos,
1679 1016 1784 1062 ibat
1811 1029 1897 1062 rea
1929 1029 1972 1062 10

204 1089 386 1136 obsitus
437 1102 552 1136 aevo
604 1091 647 1135 et
696 1088 910 1136 comitem
955 1087 1160 1136 Aenean
1208 1088 1349 1136 iuoeta
1396 1091 1661 1148 natumque
1710 1090 1899 1137 tenebat

203 1162 502 1223 inqredieris:
554 1161 684 1223 ibat,
733 1161 922 1224 inquit,
975 1177 1062 1210 rex
1112 1163 1286 1210 contra
1334 1163 1567 1210 meritum
1617 1162 1897 1225 potestatiS,

206 1251 262 1284 ac
300 1252 361 1284 ne
402 1237 529 1284 esset
560 1236 820 1284 obscurum
852 1235 974 1298 quid
1005 1237 1073 1284 sit
1102 1236 1231 1298 ibat,
1262 1251 1363 1284 non
1393 1236 1685 1298 vehebatur,
1715 1236 1896 1300 inquit,

206 1310 292 1358 sed
331 1310 623 1358 ambulabat
661 1311 763 1358 suis
803 1309 1012 1373 pedibus
1044 1326 1212 1372 senex,
1253 1311 1341 1372 qui
1373 1313 1422 1358 et
1451 1310 1645 1360 itineris
1677 1310 1896 1359 laborem

204 1400 352 1447 quem
412 1385 682 1448 longaevus
745 1384 871 1431 ferre
933 1400 1034 1432 non
1098 1386 1298 1447 poterat
1361 1385 1579 1433 remedio
1645 1385 1895 1433 toleraret.
1928 1398 1970 1432 15

203 1459 435 1507 comitem
471 1458 675 1506 Aenean
712 1458 855 1506 iuxta
886 1461 1159 1522 natumque
1190 1458 1394 1507 tenebat
1422 1458 1704 1523 ingrediens
1736 1459 1789 1506 id
1821 1461 1898 1507 est

203 1532 485 1594 ambulans,
525 1533 738 1580 duorum
777 1532 1076 1581 adminiculo
1106 1533 1348 1593 innitens,
1387 1532 1493 1595 ipse
1523 1532 1739 1595 medius3
1778 1549 1896 1581 nam

203 1623 262 1654 ex
299 1622 400 1654 una
437 1607 579 1668 parte
611 1607 835 1670 Aenean,
877 1624 935 1654 ex
966 1607 1125 1655 altera
1155 1606 1314 1654 filium
1343 1606 1603 1655 retinebat.
1665 1607 1896 1666 varioque

201 1682 335 1728 viam
357 1695 574 1728 sermone
599 1681 812 1728 levabat:
848 1698 1004 1728 unum
1027 1682 1126 1728 fuit
1149 1681 1512 1742 adiumentum,
1546 1680 1678 1743 quod
1700 1680 1894 1729 itineris

201 1755 341 1802 labor
395 1755 606 1802 duorum
660 1754 843 1802 auxilio
896 1755 1188 1816 iuvabatur,
1243 1756 1516 1803 accesserat
1569 1755 1707 1804 aliud
1762 1754 1895 1817 quod
1925 1769 1970 1802 20

202 1828 433 1877 veniebat
472 1845 529 1875 ex
567 1829 811 1877 varietate
843 1829 1148 1890 fabularum,
1189 1831 1239 1876 et
1268 1844 1381 1877 vere
1412 1829 1553 1877 nulla
1585 1829 1685 1877 alia
1715 1845 1792 1877 res
1825 1829 1896 1877 sic

202 1903 424 1950 animum
476 1903 613 1951 levat
659 1903 748 1950 aut
794 1902 949 1950 animi
994 1903 1219 1951 taedium
1269 1903 1427 1951 reficit
1466 1919 1619 1965 quam
1657 1904 1894 1952 sermonis

203 1977 395 2024 alterna
445 1977 660 2025 conlatio
712 1978 802 2024 aut
848 1976 1108 2026 diversitas
1156 1978 1306 2026 visus.
1391 1977 1629 2025 sermonis
1676 1977 1893 2026 varietas

200 2050 435 2098 Euandro
476 2050 659 2111 datur,
683 2050 901 2099 facilitas
937 2052 1075 2100 visus
1107 2050 1303 2099 Aeneae
1342 2050 1567 2114 partibus
1601 2050 1894 2114 adplicatur,

99 2130 184 2170 310
202 2124 414 2187 denique
446 2124 672 2187 sequitur
708 2126 919 2172 miratur
940 2125 1195 2184 facilisque
1226 2125 1386 2173 oculos
1408 2126 1505 2185 fert
1525 2126 1692 2173 omnia
1714 2126 1895 2173 circum
1925 2137 1968 2171 25

201 2197 421 2246 Aeneas:
457 2198 544 2246 illo
578 2198 834 2246 fabulante
865 2199 958 2246 hoc
990 2201 1064 2247 est
1093 2199 1327 2247 Euandro
1360 2198 1553 2247 Aeneas
1586 2199 1893 2246 circumfere-

200 2272 290 2320 bat
328 2272 494 2320 oculos
537 2273 786 2320 admirans
828 2288 886 2320 ea
930 2289 1056 2335 quae
1087 2273 1215 2321 forte
1248 2273 1592 2335 conspexisset.
1650 2273 1780 2320 unde
1813 2272 1892 2320 de-

203 2346 447 2394 scenderit
468 2346 688 2394 intuenti
711 2346 928 2395 facilitas
953 2347 1059 2409 ipse
1073 2347 1326 2411 Vergilius
1346 2347 1509 2408 docet3
1533 2361 1651 2394 nam
1674 2347 1892 2395 facilitas

202 2421 457 2468 oculorum
495 2422 543 2467 et
576 2420 916 2468 confabulatio
956 2421 1187 2484 provenit
1226 2437 1284 2469 ex
1323 2421 1587 2469 securitate
1619 2422 1670 2468 et
1699 2421 1893 2469 laetitia

202 2495 378 2557 animi3
407 2494 509 2542 iam
540 2495 670 2542 enim
701 2494 998 2542 auxiliorum
1029 2495 1328 2558 promissum
1358 2494 1618 2542 retinebat.
1683 2494 1892 2556 denique
1923 2507 1968 2540 80

202 2568 446 2616 adnexum
477 2570 552 2616 est
588 2567 900 2630 [capiturque
932 2568 1075 2630 locis]
1107 2572 1150 2617 et
1186 2569 1383 2629 sircqula
1414 2569 1565 2616 laetus
1597 2569 1893 2629 exquiritque

202 2643 431 2702 auditque
460 2643 622 2690 virum
652 2646 962 2690 monumenta
987 2644 1238 2702 priorum:
1266 2642 1381 2690 inde
1406 2642 1581 2703 laetus,
1614 2643 1733 2703 quia
1757 2657 1890 2690 secu-

320 2788 345 2827 5
387 2789 428 2828 et
461 2784 699 2828 resultaret
720 2782 763 2826 V
796 2784 1002 2839 corrupit
1033 2784 1103 2827 ed.
1228 2787 1253 2827 9
1293 2788 1531 2839 coeperant
1551 2782 1594 2825 V
1626 2796 1739 2825 corr.
1773 2782 1843 2826 ed.

201 2845 415 2898 quoniam
438 2842 481 2886 V
511 2844 623 2899 quin
655 2842 725 2887 ed.
850 2847 905 2885 10
935 2844 1108 2898 vesperi
1130 2842 1172 2887 V
1202 2844 1348 2887 noctis
1378 2841 1449 2886 ed.
1574 2845 1627 2884 22
1663 2842 1821 2895 refecit

202 2915 314 2945 corr.
348 2902 419 2946 ed.
457 2902 462 2960 Ι
497 2917 634 2958 quam
656 2901 700 2944 V
729 2907 782 2945 ut
811 2901 883 2945 ed.
1006 2907 1060 2945 27
1094 2916 1232 2959 eaque
1254 2901 1298 2945 V
1329 2915 1381 2945 ea
1411 2915 1526 2957 quae
1558 2900 1628 2944 ed.
1665 2900 1669 2958 Ι
1713 2900 1890 2961 descen-

201 2961 320 3004 deret
350 2962 548 3005 iutue‘nti
570 2960 612 3003 V
644 2961 918 3005 descenderit
947 2962 978 3004 i.
1011 2974 1094 3004 nos
1128 2960 1334 3016 corrupit
1366 2960 1436 3004 ed.
1571 2964 1624 3003 31
1666 2959 1890 3003 adnixum

200 3019 243 3062 V
276 3033 388 3063 corr.
422 3019 493 3064 ed.
525 3021 644 3075 post.
690 3020 695 3079 Ι
741 3021 1007 3076 capiturque
1038 3021 1147 3065 locis
1179 3020 1310 3064 deest
1339 3019 1390 3063 in
1412 3018 1469 3074 V,
1502 3019 1583 3062 sed
1615 3017 1888 3074 explicatur.
