2050 3226
196 139 304 194 586
666 138 899 183 DONATI
929 138 1210 184 INTERPR.
1235 139 1414 184 VERG.

195 278 520 340 calefactaque
558 279 707 327 corda
744 279 975 326 tamaltio:
1023 294 1138 326 mox
1175 280 1235 327 ut
1278 279 1364 327 ille
1409 279 1501 328 hoc
1547 280 1685 342 fecit,
1732 281 1890 329 secuti

194 355 343 403 ceteri
380 354 540 402 veluti
577 352 727 415 periti
762 351 976 401 hominis
1013 353 1202 400 factum
1247 368 1416 402 omnes
1453 354 1644 403 turbati
1683 358 1802 403 sunt
1839 358 1890 404 et

91 438 176 478 270
194 429 452 477 caluerunt
490 427 665 476 ardore
704 426 935 474 bellandi.
989 427 1132 474 hasta
1162 427 1355 484 volans,
1394 428 1485 476 illa
1519 430 1707 478 scilicet
1738 445 1889 491 quam

193 504 424 552 emiserat
449 502 653 565 auguris
677 515 870 561 111311118,
893 503 948 547 ut
975 501 1099 560 forte
1126 514 1297 548 novem
1321 502 1652 560 pulcherrima
1672 504 1889 563 fratrum

193 591 396 637 corpora
426 577 736 624 constiterant
766 577 947 631 contra,
973 589 1091 634 quos
1112 575 1219 634 fida
1246 579 1438 623 crearat
1457 591 1562 624 una
1584 581 1650 625 tot
1671 577 1888 626 Arcadio
1941 595 1961 628 5

193 652 403 699 coniunx
428 650 682 710 Tyrrhena
708 647 942 709 Gylippo:
978 664 1036 695 ex
1067 664 1170 696 una
1202 650 1351 712 atque
1384 650 1555 698 eadem
1589 653 1748 699 matre
1778 668 1887 714 per-

191 725 405 787 indeque
430 724 526 772 sibi
548 724 762 771 invicem
790 721 907 783 cari,
923 724 1100 785 utpote
1125 725 1212 785 qui
1233 722 1391 771 isdem
1413 726 1575 772 essent
1597 725 1886 787 parentibus

165 807 169 810 ’
191 801 363 864 geniti.
422 796 645 858 stabant,
675 796 862 859 inquit,
895 796 1138 860 congesti:
1178 796 1312 845 dicta
1343 800 1418 846 est
1448 814 1599 848 causa
1629 799 1759 847 unde
1791 800 1888 848 sibi

190 874 399 922 invicem
439 872 560 932 cari,
598 872 650 918 in
691 887 793 933 qua
823 871 1060 919 laudatur
1097 871 1302 920 castitas
1342 873 1539 935 matris,
1579 889 1707 935 quae
1738 874 1887 922 fidem

191 962 390 996 servans
435 945 618 993 marito
663 945 753 994 hos
800 947 1074 1008 pepererat.
1150 946 1322 993 horum
1359 961 1514 994 uriusm
1553 948 1619 995 ad
1658 948 1885 1005 mediimn,
1918 966 1960 998 10

190 1023 358 1069 teritur
395 1035 494 1080 qua
531 1020 691 1067 sutilis
738 1020 847 1067 alvo
888 1019 1073 1067 balteus
1112 1023 1156 1067 et
1193 1020 1400 1068 lateram
1441 1021 1695 1070 iuncturas
1731 1022 1888 1081 fibula

0 1099 5 1101 ’
86 1106 171 1145 275
187 1096 391 1152 mordet,
425 1095 666 1155 eyreyium
695 1094 859 1153 forma
888 1094 1109 1141 iuvenem
1141 1097 1183 1141 et
1214 1094 1512 1155 falyentibus
1543 1096 1696 1144 armis
1727 1099 1887 1144 trans-

189 1170 341 1230 adiyit
378 1172 534 1217 costas
563 1168 796 1228 fulvaque
834 1168 1004 1227 effudit
1032 1168 1242 1216 harena:
1279 1169 1458 1217 horum
1495 1186 1669 1232 unum,
1706 1169 1887 1232 inquit,

186 1243 430 1306 percussit
459 1243 606 1290 hasta
637 1241 823 1290 directa
846 1258 947 1290 non
969 1242 1021 1289 in
1049 1259 1220 1302 unum,
1252 1243 1338 1291 sed
1367 1242 1421 1290 in
1451 1259 1652 1306 novem3
1683 1245 1884 1293 veniens

188 1317 318 1365 enim
357 1319 409 1365 in
447 1317 688 1379 plurimos
728 1316 960 1364 frustrari
1006 1332 1106 1364 non
1144 1318 1323 1379 potuit.
1401 1317 1596 1366 addidit
1635 1318 1698 1365 ad
1737 1319 1886 1367 occisi
1918 1333 1959 1367 15

186 1394 422 1440 meritum
473 1391 604 1453 quod
654 1392 881 1455 egregius
929 1391 1050 1452 fuit,
1099 1391 1192 1438 hoc
1243 1394 1318 1439 est
1368 1392 1503 1454 quod
1552 1407 1785 1454 procerus
1836 1395 1886 1441 et

187 1467 392 1529 pulcher
430 1467 480 1513 et
518 1464 736 1528 speciose
777 1467 1015 1513 armatus.
1069 1464 1352 1529 designavit
1390 1467 1544 1514 etiam
1581 1467 1744 1514 locum
1783 1483 1883 1529 quo

185 1542 313 1590 ictus
346 1539 597 1601 occubuit,
627 1539 828 1587 letalem
859 1538 1067 1600 scilicet,
1098 1555 1185 1600 ne,
1217 1539 1259 1587 si
1290 1542 1420 1588 esset
1449 1540 1699 1588 vulnerati
1728 1541 1885 1588 levior

187 1630 356 1677 causa,
406 1630 506 1662 non
543 1615 687 1662 tanto
735 1613 902 1661 dolore
952 1616 1172 1662 moveret
1223 1614 1413 1662 animos
1459 1614 1687 1662 fratrum.
1762 1615 1882 1675 11110,

184 1690 373 1752 inquit,
423 1688 702 1737 venientem
747 1688 905 1735 ictum
951 1687 1134 1750 excipit
1175 1687 1260 1735 ubi
1308 1688 1621 1737 convenienti
1660 1704 1689 1736 3
1727 1688 1883 1737 baltei
1913 1704 1957 1736 2⁰

186 1763 346 1826 capite
385 1762 631 1811 mordacis
666 1761 849 1810 fibulae
886 1761 1117 1810 iunctura
1156 1762 1435 1810 concordat.
1488 1778 1548 1810 ne
1586 1763 1680 1810 hoc
1717 1761 1882 1825 ipsum

185 1839 459 1885 remaneret
495 1838 758 1898 incertum,
806 1837 880 1883 ait
915 1835 1219 1899 transadigit
1265 1838 1448 1898 costas,
1497 1838 1555 1884 ut
1602 1837 1883 1885 ostenderet

184 1912 316 1959 latus
357 1911 460 1959 eius
492 1911 643 1959 fuisse
682 1910 1025 1959 transfossum.
1082 1914 1132 1958 at
1163 1911 1365 1970 fratreS,
1408 1911 1632 1958 animosa
1657 1910 1881 1971 phalam:

185 1999 479 2044 accensaque
510 1986 664 2032 lactu:
688 1987 738 2032 et
768 1983 989 2032 animum
1019 1983 1270 2032 habebant
1302 1984 1365 2033 ad
1395 1985 1636 2032 ultionem
1668 2001 1881 2047 pronum

185 2061 235 2107 et
264 2057 566 2123 germanitas
599 2059 809 2122 cogebat
839 2060 890 2106 et
919 2059 1085 2107 luctus
1116 2060 1177 2106 ut
1207 2074 1422 2122 congrue
1450 2059 1789 2121 moverentur,
1821 2075 1878 2107 eo
1910 2073 1952 2106 25

184 2133 263 2182 vel
286 2135 512 2194 maxime,
539 2135 657 2195 quia
679 2135 785 2181 tam
816 2133 1022 2195 plurimi
1048 2133 1265 2195 fuerunt,
1289 2135 1348 2181 ut
1370 2132 1423 2180 in
1446 2133 1646 2181 illorum
1671 2149 1877 2181 numero

183 2207 333 2255 facies
373 2207 617 2254 exercitus
660 2210 936 2269 appareret.
1014 2223 1123 2255 0000
1162 2206 1507 2255 describuntur
1553 2207 1780 2255 ardentes
1820 2224 1878 2255 ex

183 2281 325 2329 luctu
355 2283 419 2342 et,
451 2280 583 2344 quod
605 2281 803 2328 illorum
838 2297 1071 2330 numerus
1103 2282 1330 2344 copiosus
1363 2282 1504 2342 esset,
1536 2281 1720 2329 dicitur
1750 2297 1876 2343 quae

183 2355 389 2403 fecerint
412 2354 615 2403 diversi:
652 2369 777 2414 pars
798 2355 988 2415 yladios
1012 2356 1256 2416 strinyant
1277 2356 1527 2411 manibus,
1543 2370 1672 2414 pars
1694 2356 1878 2402 missile

181 2430 369 2488 ferram
400 2429 669 2488 corripiunt
698 2429 917 2487 caecique
954 2432 1115 2476 ruunt.
1164 2445 1277 2477 011111
1309 2430 1403 2477 8011
1435 2431 1544 2477 octo
1584 2431 1766 2490 essent,
1805 2428 1875 2476 sic
1907 2442 1950 2474 30

183 2503 416 2566 descripti
447 2505 565 2551 sunt
589 2503 732 2565 quasi
763 2501 955 2550 latioris
980 2505 1192 2565 numeri3
1236 2503 1360 2551 dixit
1388 2504 1519 2551 enim
1542 2519 1658 2565 pars
1682 2503 1874 2567 gladios

300 2664 327 2702 4
366 2660 551 2703 miserat
590 2658 661 2702 ed.
784 2663 810 2702 6
850 2658 1032 2716 cilyppo
1067 2657 1122 2702 V.
1247 2664 1270 2702 7
1309 2659 1470 2703 iisdem
1510 2659 1580 2702 ed.
1704 2661 1759 2701 10
1792 2659 1874 2702 hoc

175 2724 415 2773 pepererat
436 2718 478 2761 V
509 2719 587 2762 hos
612 2718 790 2774 peperit
820 2717 891 2761 ed.
1008 2721 1062 2760 12
1093 2718 1244 2771 forma
1275 2732 1364 2762 om.
1389 2717 1443 2761 V.
1560 2721 1614 2760 13
1648 2717 1808 2772 effudit
1831 2716 1874 2759 V

182 2778 378 2831 effundit
438 2777 605 2832 optimi
666 2776 802 2834 Verg.
859 2775 968 2819 libri
1030 2777 1230 2822 extendit
1289 2777 1360 2820 ed.
1507 2781 1560 2820 15
1614 2776 1747 2820 addit
1799 2775 1870 2819 ed.

184 2840 237 2878 16
284 2836 402 2891 quod
448 2850 535 2880 om.
576 2836 646 2879 ed.
783 2840 837 2879 17
885 2849 970 2891 quo
1009 2833 1051 2877 V
1097 2837 1149 2879 iri
1194 2850 1234 2892 q.
1282 2836 1352 2879 ed.
1491 2840 1546 2879 20
1592 2836 1874 2879 convenienti

181 2895 394 2996 adbaltei
439 2896 586 2951 capite
631 2894 674 2938 V
709 2894 780 2938 ed.
850 2893 1047 2938 fortasse
1105 2908 1140 2938 c.
1189 2895 1227 2939 b.
1276 2895 1420 2950 capiti
1432 2899 1452 2938 ⁶?
1607 2898 1662 2936 22
1717 2895 1785 2938 ait
1830 2893 1872 2937 V

185 2967 214 2996 a
250 2954 316 2997 dit
354 2954 423 2997 ed.
