<?xml version="1.0" encoding="UTF-8"?>
<!DOCTYPE html PUBLIC "-//W3C//DTD XHTML 1.0 Transitional//EN"
    "http://www.w3.org/TR/xhtml1/DTD/xhtml1-transitional.dtd">
<html xmlns="http://www.w3.org/1999/xhtml" xml:lang="en" lang="en">
 <head>
  <title>
</title>
<meta http-equiv="Content-Type" content="text/html;charset=utf-8" />
  <meta name='ocr-system' content='tesseract 3.04.00' />
  <meta name='ocr-capabilities' content='ocr_page ocr_carea ocr_par ocr_line ocrx_word'/>
</head>
<body>
  <div class='ocr_page' id='page_1' title='image "./interpretationes02donauoft_0573.png"; bbox 0 0 2050 3226; ppageno 0'>
   <div class='ocr_carea' id='block_1_1' title="bbox 751 179 1811 238">
    <p class='ocr_par' dir='ltr' id='par_1_1' title="bbox 751 179 1811 238">
     <span class='ocr_line' id='line_1_1' title="bbox 751 179 1811 238; baseline 0 -13"><span class='ocrx_word' id='word_1_1' title='bbox 751 180 1057 226; x_wconf 73' lang='lat' dir='ltr'>Aannmos</span> <span class='ocrx_word' id='word_1_2' title='bbox 1087 179 1174 225; x_wconf 78' lang='grc' dir='ltr'>ΧΠ</span> <span class='ocrx_word' id='word_1_3' title='bbox 1703 183 1811 238; x_wconf 83' lang='lat'>569</span> 
     </span>
    </p>
   </div>
   <div class='ocr_carea' id='block_1_2' title="bbox 25 321 1814 382">
    <p class='ocr_par' dir='ltr' id='par_1_2' title="bbox 25 321 1814 382">
     <span class='ocr_line' id='line_1_2' title="bbox 25 321 1814 382; baseline -0.001 -11"><span class='ocrx_word' id='word_1_4' title='bbox 25 342 29 346; x_wconf 93' lang='lat'>·</span> <span class='ocrx_word' id='word_1_5' title='bbox 118 324 214 371; x_wconf 78' lang='lat' dir='ltr'>scis</span> <span class='ocrx_word' id='word_1_6' title='bbox 259 325 314 370; x_wconf 82' lang='lat' dir='ltr'>ut</span> <span class='ocrx_word' id='word_1_7' title='bbox 358 323 400 369; x_wconf 75' lang='lat' dir='ltr'>te</span> <span class='ocrx_word' id='word_1_8' title='bbox 446 322 628 370; x_wconf 79' lang='lat' dir='ltr'>cunctis</span> <span class='ocrx_word' id='word_1_9' title='bbox 673 336 847 378; x_wconf 79' lang='lat' dir='ltr'>unam,</span> <span class='ocrx_word' id='word_1_10' title='bbox 896 335 1219 382; x_wconf 75' lang='lat' dir='ltr'>quaecumque</span> <span class='ocrx_word' id='word_1_11' title='bbox 1255 321 1471 369; x_wconf 79' lang='lat' dir='ltr'><em>Latinae</em></span> <span class='ocrx_word' id='word_1_12' title='bbox 1508 323 1814 382; x_wconf 72' lang='lat' dir='ltr'>maynanimi</span> 
     </span>
    </p>
   </div>
   <div class='ocr_carea' id='block_1_3' title="bbox 118 395 1916 607">
    <p class='ocr_par' dir='ltr' id='par_1_3' title="bbox 118 395 1916 607">
     <span class='ocr_line' id='line_1_3' title="bbox 118 395 1916 457; baseline 0.001 -13"><span class='ocrx_word' id='word_1_13' title='bbox 118 397 255 444; x_wconf 80' lang='lat' dir='ltr'>Iovis</span> <span class='ocrx_word' id='word_1_14' title='bbox 291 397 540 457; x_wconf 69' lang='lat' dir='ltr'>inyratwm</span> <span class='ocrx_word' id='word_1_15' title='bbox 571 396 828 444; x_wconf 79' lang='lat' dir='ltr'>ascendere</span> <span class='ocrx_word' id='word_1_16' title='bbox 858 395 1031 453; x_wconf 79' lang='lat' dir='ltr'><em>cubile,</em></span> <span class='ocrx_word' id='word_1_17' title='bbox 1062 395 1384 456; x_wconf 78' lang='lat' dir='ltr'>praetulerim</span> <span class='ocrx_word' id='word_1_18' title='bbox 1418 395 1630 455; x_wconf 79' lang='lat' dir='ltr'>caelique</span> <span class='ocrx_word' id='word_1_19' title='bbox 1661 397 1814 445; x_wconf 80' lang='lat' dir='ltr'>libens</span> <span class='ocrx_word' id='word_1_20' title='bbox 1832 406 1916 446; x_wconf 84' lang='lat'>145</span> 
     </span>
     <span class='ocr_line' id='line_1_4' title="bbox 119 469 1815 532; baseline 0 -14"><span class='ocrx_word' id='word_1_21' title='bbox 119 471 170 518; x_wconf 79' lang='lat' dir='ltr'>in</span> <span class='ocrx_word' id='word_1_22' title='bbox 203 473 348 532; x_wconf 76' lang='lat' dir='ltr'>parte</span> <span class='ocrx_word' id='word_1_23' title='bbox 379 470 603 518; x_wconf 75' lang='lat' dir='ltr'>locarim:</span> <span class='ocrx_word' id='word_1_24' title='bbox 641 470 879 518; x_wconf 90' lang='lat' dir='ltr'>simulata</span> <span class='ocrx_word' id='word_1_25' title='bbox 918 469 1070 518; x_wconf 91' lang='lat' dir='ltr'>dictio</span> <span class='ocrx_word' id='word_1_26' title='bbox 1110 472 1161 518; x_wconf 90' lang='lat' dir='ltr'>et</span> <span class='ocrx_word' id='word_1_27' title='bbox 1190 485 1290 517; x_wconf 92' lang='lat' dir='ltr'>non</span> <span class='ocrx_word' id='word_1_28' title='bbox 1321 486 1379 518; x_wconf 83' lang='lat' dir='ltr'>ex</span> <span class='ocrx_word' id='word_1_29' title='bbox 1411 470 1600 531; x_wconf 88' lang='lat' dir='ltr'>animo,</span> <span class='ocrx_word' id='word_1_30' title='bbox 1640 469 1725 518; x_wconf 88' lang='lat' dir='ltr'>sed</span> <span class='ocrx_word' id='word_1_31' title='bbox 1756 487 1815 518; x_wconf 85' lang='lat' dir='ltr'>ex</span> 
     </span>
     <span class='ocr_line' id='line_1_5' title="bbox 119 543 1817 607; baseline 0.001 -16"><span class='ocrx_word' id='word_1_32' title='bbox 119 543 356 607; x_wconf 87' lang='lat' dir='ltr'>temporis</span> <span class='ocrx_word' id='word_1_33' title='bbox 402 545 694 593; x_wconf 85' lang='lat' dir='ltr'>necessitate</span> <span class='ocrx_word' id='word_1_34' title='bbox 740 544 1015 607; x_wconf 85' lang='lat' dir='ltr'>conposita.</span> <span class='ocrx_word' id='word_1_35' title='bbox 1090 544 1288 607; x_wconf 89' lang='lat' dir='ltr'>quando</span> <span class='ocrx_word' id='word_1_36' title='bbox 1335 543 1467 592; x_wconf 85' lang='lat' dir='ltr'>enim</span> <span class='ocrx_word' id='word_1_37' title='bbox 1503 543 1612 592; x_wconf 90' lang='lat' dir='ltr'>fieri</span> <span class='ocrx_word' id='word_1_38' title='bbox 1649 546 1817 607; x_wconf 84' lang='lat' dir='ltr'>potest</span> 
     </span>
    </p>
   </div>
   <div class='ocr_carea' id='block_1_4' title="bbox 32 617 1817 681">
    <p class='ocr_par' dir='ltr' id='par_1_4' title="bbox 32 617 1817 681">
     <span class='ocr_line' id='line_1_6' title="bbox 32 617 1817 681; baseline -0.001 -14"><span class='ocrx_word' id='word_1_39' title='bbox 32 648 33 651; x_wconf 63' lang='lat'><em>=</em></span> <span class='ocrx_word' id='word_1_40' title='bbox 119 621 178 667; x_wconf 91' lang='lat' dir='ltr'>ut</span> <span class='ocrx_word' id='word_1_41' title='bbox 213 634 339 667; x_wconf 85' lang='lat' dir='ltr'>uxor</span> <span class='ocrx_word' id='word_1_42' title='bbox 368 619 611 681; x_wconf 82' lang='lat' dir='ltr'>paelicem</span> <span class='ocrx_word' id='word_1_43' title='bbox 640 619 852 667; x_wconf 78' lang='lat' dir='ltr'>libenter</span> <span class='ocrx_word' id='word_1_44' title='bbox 883 618 1129 681; x_wconf 77' lang='lat' dir='ltr'>conpellet</span> <span class='ocrx_word' id='word_1_45' title='bbox 1159 619 1248 666; x_wconf 90' lang='lat' dir='ltr'>aut</span> <span class='ocrx_word' id='word_1_46' title='bbox 1278 617 1444 666; x_wconf 81' lang='lat' dir='ltr'>amet?</span> <span class='ocrx_word' id='word_1_47' title='bbox 1482 618 1817 681; x_wconf 77' lang='lat' dir='ltr'>procedebant</span> 
     </span>
    </p>
   </div>
   <div class='ocr_carea' id='block_1_5' title="bbox 119 691 1819 2759">
    <p class='ocr_par' dir='ltr' id='par_1_5' title="bbox 119 691 1819 2759">
     <span class='ocr_line' id='line_1_7' title="bbox 120 691 1817 755; baseline -0.001 -14"><span class='ocrx_word' id='word_1_48' title='bbox 120 695 288 741; x_wconf 88' lang='lat' dir='ltr'>tamen</span> <span class='ocrx_word' id='word_1_49' title='bbox 325 693 426 741; x_wconf 89' lang='lat' dir='ltr'>ista</span> <span class='ocrx_word' id='word_1_50' title='bbox 463 692 621 742; x_wconf 84' lang='lat' dir='ltr'>veluti</span> <span class='ocrx_word' id='word_1_51' title='bbox 658 691 841 740; x_wconf 88' lang='lat' dir='ltr'>blando</span> <span class='ocrx_word' id='word_1_52' title='bbox 881 709 940 740; x_wconf 84' lang='lat' dir='ltr'>ex</span> <span class='ocrx_word' id='word_1_53' title='bbox 979 693 1167 754; x_wconf 86' lang='lat' dir='ltr'>animo,</span> <span class='ocrx_word' id='word_1_54' title='bbox 1213 708 1315 741; x_wconf 93' lang='lat' dir='ltr'>non</span> <span class='ocrx_word' id='word_1_55' title='bbox 1358 695 1417 741; x_wconf 93' lang='lat' dir='ltr'>ut</span> <span class='ocrx_word' id='word_1_56' title='bbox 1462 692 1646 755; x_wconf 87' lang='lat' dir='ltr'>aliquis</span> <span class='ocrx_word' id='word_1_57' title='bbox 1683 694 1817 741; x_wconf 87' lang='lat' dir='ltr'>inter</span> 
     </span>
     <span class='ocr_line' id='line_1_8' title="bbox 119 766 1817 830; baseline 0 -15"><span class='ocrx_word' id='word_1_58' title='bbox 119 767 244 816; x_wconf 85' lang='lat' dir='ltr'>duas</span> <span class='ocrx_word' id='word_1_59' title='bbox 283 782 440 830; x_wconf 90' lang='lat' dir='ltr'>purus</span> <span class='ocrx_word' id='word_1_60' title='bbox 479 769 839 815; x_wconf 74' lang='lat' dir='ltr'>monstraretur</span> <span class='ocrx_word' id='word_1_61' title='bbox 876 766 1120 828; x_wconf 88' lang='lat' dir='ltr'>adfectus,</span> <span class='ocrx_word' id='word_1_62' title='bbox 1170 767 1256 815; x_wconf 91' lang='lat' dir='ltr'>sed</span> <span class='ocrx_word' id='word_1_63' title='bbox 1305 768 1364 815; x_wconf 92' lang='lat' dir='ltr'>ut</span> <span class='ocrx_word' id='word_1_64' title='bbox 1408 768 1691 830; x_wconf 87' lang='lat' dir='ltr'>excogitata</span> <span class='ocrx_word' id='word_1_65' title='bbox 1728 783 1817 830; x_wconf 89' lang='lat' dir='ltr'>per</span> 
     </span>
     <span class='ocr_line' id='line_1_9' title="bbox 120 840 1815 904; baseline -0.001 -15"><span class='ocrx_word' id='word_1_66' title='bbox 120 841 325 890; x_wconf 90' lang='lat' dir='ltr'>Iunonis</span> <span class='ocrx_word' id='word_1_67' title='bbox 350 840 519 891; x_wconf 91' lang='lat' dir='ltr'>dolum</span> <span class='ocrx_word' id='word_1_68' title='bbox 542 841 754 889; x_wconf 83' lang='lat' dir='ltr'>Iuturna</span> <span class='ocrx_word' id='word_1_69' title='bbox 780 841 1036 904; x_wconf 88' lang='lat' dir='ltr'>perficeret</span> <span class='ocrx_word' id='word_1_70' title='bbox 1064 841 1311 904; x_wconf 84' lang='lat' dir='ltr'>nympha:</span> <span class='ocrx_word' id='word_1_71' title='bbox 1340 840 1456 888; x_wconf 90' lang='lat' dir='ltr'>inde</span> <span class='ocrx_word' id='word_1_72' title='bbox 1488 842 1652 904; x_wconf 87' lang='lat' dir='ltr'>coepit</span> <span class='ocrx_word' id='word_1_73' title='bbox 1681 841 1815 889; x_wconf 86' lang='lat' dir='ltr'>beni-</span> 
     </span>
     <span class='ocr_line' id='line_1_10' title="bbox 120 915 1815 978; baseline 0 -15"><span class='ocrx_word' id='word_1_74' title='bbox 120 916 287 964; x_wconf 84' lang='lat' dir='ltr'>volam</span> <span class='ocrx_word' id='word_1_75' title='bbox 323 915 486 963; x_wconf 89' lang='lat' dir='ltr'>facere</span> <span class='ocrx_word' id='word_1_76' title='bbox 525 915 655 964; x_wconf 90' lang='lat' dir='ltr'>unde</span> <span class='ocrx_word' id='word_1_77' title='bbox 693 915 860 978; x_wconf 74' lang='lat' dir='ltr'>pot-uit</span> <span class='ocrx_word' id='word_1_78' title='bbox 897 931 1002 964; x_wconf 90' lang='lat' dir='ltr'>esse</span> <span class='ocrx_word' id='word_1_79' title='bbox 1041 917 1293 978; x_wconf 86' lang='lat' dir='ltr'>suspecta,</span> <span class='ocrx_word' id='word_1_80' title='bbox 1332 931 1393 963; x_wconf 91' lang='lat' dir='ltr'>ne</span> <span class='ocrx_word' id='word_1_81' title='bbox 1432 917 1605 964; x_wconf 88' lang='lat' dir='ltr'>contra</span> <span class='ocrx_word' id='word_1_82' title='bbox 1642 915 1815 964; x_wconf 89' lang='lat' dir='ltr'>volun-</span> 
     </span>
     <span class='ocr_line' id='line_1_11' title="bbox 119 988 1817 1052; baseline 0.001 -14"><span class='ocrx_word' id='word_1_83' title='bbox 119 992 277 1038; x_wconf 88' lang='lat' dir='ltr'>tatem</span> <span class='ocrx_word' id='word_1_84' title='bbox 313 988 442 1037; x_wconf 89' lang='lat' dir='ltr'>Iuno</span> <span class='ocrx_word' id='word_1_85' title='bbox 471 989 652 1038; x_wconf 87' lang='lat' dir='ltr'>habere</span> <span class='ocrx_word' id='word_1_86' title='bbox 689 988 941 1038; x_wconf 86' lang='lat' dir='ltr'>videretur</span> <span class='ocrx_word' id='word_1_87' title='bbox 971 990 1104 1052; x_wconf 92' lang='lat' dir='ltr'>quod</span> <span class='ocrx_word' id='word_1_88' title='bbox 1143 1005 1252 1038; x_wconf 90' lang='lat' dir='ltr'>eam</span> <span class='ocrx_word' id='word_1_89' title='bbox 1290 990 1452 1052; x_wconf 88' lang='lat' dir='ltr'>stupri</span> <span class='ocrx_word' id='word_1_90' title='bbox 1486 991 1663 1038; x_wconf 90' lang='lat' dir='ltr'>merito</span> <span class='ocrx_word' id='word_1_91' title='bbox 1703 1006 1817 1039; x_wconf 90' lang='lat' dir='ltr'>con·</span> 
     </span>
     <span class='ocr_line' id='line_1_12' title="bbox 119 1062 1817 1127; baseline 0 -15"><span class='ocrx_word' id='word_1_92' title='bbox 119 1062 401 1113; x_wconf 85' lang='lat' dir='ltr'>secraverat</span> <span class='ocrx_word' id='word_1_93' title='bbox 423 1064 662 1127; x_wconf 88' lang='lat' dir='ltr'>Iuppiter.</span> <span class='ocrx_word' id='word_1_94' title='bbox 706 1063 901 1112; x_wconf 84' lang='lat' dir='ltr'>addidit</span> <span class='ocrx_word' id='word_1_95' title='bbox 924 1063 1069 1112; x_wconf 90' lang='lat' dir='ltr'>decus</span> <span class='ocrx_word' id='word_1_96' title='bbox 1093 1064 1358 1112; x_wconf 84' lang='lat' dir='ltr'>fluviorum</span> <span class='ocrx_word' id='word_1_97' title='bbox 1380 1064 1433 1111; x_wconf 89' lang='lat' dir='ltr'>in</span> <span class='ocrx_word' id='word_1_98' title='bbox 1457 1079 1514 1112; x_wconf 85' lang='lat' dir='ltr'>eo</span> <span class='ocrx_word' id='word_1_99' title='bbox 1539 1063 1817 1126; x_wconf 82' lang='lat' dir='ltr'>exprimens</span> 
     </span>
     <span class='ocr_line' id='line_1_13' title="bbox 121 1137 1818 1202; baseline 0 -16"><span class='ocrx_word' id='word_1_100' title='bbox 121 1138 240 1200; x_wconf 88' lang='lat' dir='ltr'>quid</span> <span class='ocrx_word' id='word_1_101' title='bbox 265 1137 331 1186; x_wconf 89' lang='lat' dir='ltr'>sit</span> <span class='ocrx_word' id='word_1_102' title='bbox 352 1138 595 1201; x_wconf 86' lang='lat' dir='ltr'>nympha,</span> <span class='ocrx_word' id='word_1_103' title='bbox 626 1139 774 1200; x_wconf 90' lang='lat' dir='ltr'>quasi</span> <span class='ocrx_word' id='word_1_104' title='bbox 796 1154 886 1201; x_wconf 90' lang='lat' dir='ltr'>per</span> <span class='ocrx_word' id='word_1_105' title='bbox 909 1155 1062 1201; x_wconf 90' lang='lat' dir='ltr'>quam</span> <span class='ocrx_word' id='word_1_106' title='bbox 1083 1137 1338 1186; x_wconf 89' lang='lat' dir='ltr'>meliorem</span> <span class='ocrx_word' id='word_1_107' title='bbox 1360 1138 1577 1202; x_wconf 86' lang='lat' dir='ltr'>gratiam</span> <span class='ocrx_word' id='word_1_108' title='bbox 1600 1138 1818 1187; x_wconf 90' lang='lat' dir='ltr'>habeant</span> 
     </span>
     <span class='ocr_line' id='line_1_14' title="bbox 119 1211 1817 1276; baseline 0.001 -16"><span class='ocrx_word' id='word_1_109' title='bbox 119 1213 340 1260; x_wconf 86' lang='lat' dir='ltr'>fiumina.</span> <span class='ocrx_word' id='word_1_110' title='bbox 419 1211 584 1260; x_wconf 82' lang='lat' dir='ltr'>animo</span> <span class='ocrx_word' id='word_1_111' title='bbox 630 1213 912 1276; x_wconf 89' lang='lat' dir='ltr'>gratissima</span> <span class='ocrx_word' id='word_1_112' title='bbox 956 1215 1150 1261; x_wconf 87' lang='lat' dir='ltr'>nostro:</span> <span class='ocrx_word' id='word_1_113' title='bbox 1201 1229 1328 1275; x_wconf 88' lang='lat' dir='ltr'>quae</span> <span class='ocrx_word' id='word_1_114' title='bbox 1374 1212 1680 1274; x_wconf 86' lang='lat' dir='ltr'>superlativo</span> <span class='ocrx_word' id='word_1_115' title='bbox 1725 1228 1817 1261; x_wconf 89' lang='lat' dir='ltr'>usa</span> 
     </span>
     <span class='ocr_line' id='line_1_15' title="bbox 120 1286 1819 1350; baseline 0 -16"><span class='ocrx_word' id='word_1_116' title='bbox 120 1289 196 1335; x_wconf 91' lang='lat' dir='ltr'>est</span> <span class='ocrx_word' id='word_1_117' title='bbox 234 1287 396 1350; x_wconf 89' lang='lat' dir='ltr'>gradu</span> <span class='ocrx_word' id='word_1_118' title='bbox 434 1286 653 1335; x_wconf 89' lang='lat' dir='ltr'>ostendit</span> <span class='ocrx_word' id='word_1_119' title='bbox 690 1302 741 1335; x_wconf 88' lang='lat' dir='ltr'>se</span> <span class='ocrx_word' id='word_1_120' title='bbox 781 1303 947 1335; x_wconf 86' lang='lat' dir='ltr'>amare</span> <span class='ocrx_word' id='word_1_121' title='bbox 987 1289 1038 1335; x_wconf 90' lang='lat' dir='ltr'>et</span> <span class='ocrx_word' id='word_1_122' title='bbox 1076 1287 1224 1346; x_wconf 88' lang='lat' dir='ltr'>alias,</span> <span class='ocrx_word' id='word_1_123' title='bbox 1270 1286 1357 1335; x_wconf 90' lang='lat' dir='ltr'>sed</span> <span class='ocrx_word' id='word_1_124' title='bbox 1394 1287 1509 1349; x_wconf 90' lang='lat' dir='ltr'>plus</span> <span class='ocrx_word' id='word_1_125' title='bbox 1547 1287 1719 1348; x_wconf 88' lang='lat' dir='ltr'>istam,</span> <span class='ocrx_word' id='word_1_126' title='bbox 1767 1289 1819 1335; x_wconf 86' lang='lat' dir='ltr'>et</span> 
     </span>
     <span class='ocr_line' id='line_1_16' title="bbox 119 1360 1817 1424; baseline 0 -16"><span class='ocrx_word' id='word_1_127' title='bbox 119 1362 212 1410; x_wconf 92' lang='lat' dir='ltr'>hoc</span> <span class='ocrx_word' id='word_1_128' title='bbox 242 1363 409 1409; x_wconf 88' lang='lat' dir='ltr'>tamen</span> <span class='ocrx_word' id='word_1_129' title='bbox 441 1360 720 1409; x_wconf 88' lang='lat' dir='ltr'>subtilitate</span> <span class='ocrx_word' id='word_1_130' title='bbox 756 1360 1018 1424; x_wconf 89' lang='lat' dir='ltr'>conposuit</span> <span class='ocrx_word' id='word_1_131' title='bbox 1047 1363 1107 1408; x_wconf 91' lang='lat' dir='ltr'>ut</span> <span class='ocrx_word' id='word_1_132' title='bbox 1138 1363 1313 1410; x_wconf 88' lang='lat' dir='ltr'>cetera.</span> <span class='ocrx_word' id='word_1_133' title='bbox 1366 1362 1487 1408; x_wconf 88' lang='lat' dir='ltr'>tunc</span> <span class='ocrx_word' id='word_1_134' title='bbox 1518 1362 1651 1409; x_wconf 87' lang='lat' dir='ltr'>enim</span> <span class='ocrx_word' id='word_1_135' title='bbox 1682 1360 1817 1423; x_wconf 91' lang='lat' dir='ltr'>quod</span> 
     </span>
     <span class='ocr_line' id='line_1_17' title="bbox 121 1435 1819 1498; baseline 0 -15"><span class='ocrx_word' id='word_1_136' title='bbox 121 1437 375 1483; x_wconf 85' lang='lat' dir='ltr'>amaretur</span> <span class='ocrx_word' id='word_1_137' title='bbox 404 1435 618 1483; x_wconf 90' lang='lat' dir='ltr'>Iuturna</span> <span class='ocrx_word' id='word_1_138' title='bbox 655 1437 855 1498; x_wconf 89' lang='lat' dir='ltr'>poterat</span> <span class='ocrx_word' id='word_1_139' title='bbox 885 1435 1100 1496; x_wconf 88' lang='lat' dir='ltr'>credere,</span> <span class='ocrx_word' id='word_1_140' title='bbox 1139 1435 1183 1483; x_wconf 92' lang='grc'>31</span> <span class='ocrx_word' id='word_1_141' title='bbox 1212 1436 1303 1483; x_wconf 92' lang='lat' dir='ltr'>illa</span> <span class='ocrx_word' id='word_1_142' title='bbox 1334 1435 1516 1483; x_wconf 83' lang='lat' dir='ltr'>diceret</span> <span class='ocrx_word' id='word_1_143' title='bbox 1554 1436 1706 1484; x_wconf 88' lang='lat' dir='ltr'>moris</span> <span class='ocrx_word' id='word_1_144' title='bbox 1738 1435 1819 1484; x_wconf 83' lang='lat' dir='ltr'>sui</span> 
     </span>
     <span class='ocr_line' id='line_1_18' title="bbox 120 1507 1816 1573; baseline 0 -16"><span class='ocrx_word' id='word_1_145' title='bbox 120 1524 225 1557; x_wconf 86' lang='lat' dir='ltr'>esse</span> <span class='ocrx_word' id='word_1_146' title='bbox 255 1510 313 1557; x_wconf 91' lang='lat' dir='ltr'>ut</span> <span class='ocrx_word' id='word_1_147' title='bbox 343 1509 503 1558; x_wconf 90' lang='lat' dir='ltr'>omnis</span> <span class='ocrx_word' id='word_1_148' title='bbox 536 1508 766 1573; x_wconf 88' lang='lat' dir='ltr'>diligeret</span> <span class='ocrx_word' id='word_1_149' title='bbox 795 1509 1030 1572; x_wconf 87' lang='lat' dir='ltr'>paelices,</span> <span class='ocrx_word' id='word_1_150' title='bbox 1062 1511 1115 1557; x_wconf 85' lang='lat' dir='ltr'>in</span> <span class='ocrx_word' id='word_1_151' title='bbox 1147 1525 1203 1557; x_wconf 92' lang='lat' dir='ltr'>eo</span> <span class='ocrx_word' id='word_1_152' title='bbox 1234 1512 1404 1558; x_wconf 84' lang='lat' dir='ltr'>tamen</span> <span class='ocrx_word' id='word_1_153' title='bbox 1433 1510 1585 1558; x_wconf 88' lang='lat' dir='ltr'>istam</span> <span class='ocrx_word' id='word_1_154' title='bbox 1607 1507 1816 1572; x_wconf 89' lang='lat' dir='ltr'>potioris</span> 
     </span>
     <span class='ocr_line' id='line_1_19' title="bbox 121 1583 1816 1646; baseline 0.001 -16"><span class='ocrx_word' id='word_1_155' title='bbox 121 1599 224 1632; x_wconf 89' lang='lat' dir='ltr'>esse</span> <span class='ocrx_word' id='word_1_156' title='bbox 264 1583 453 1645; x_wconf 89' lang='lat' dir='ltr'>meriti,</span> <span class='ocrx_word' id='word_1_157' title='bbox 507 1583 640 1646; x_wconf 93' lang='lat' dir='ltr'>quod</span> <span class='ocrx_word' id='word_1_158' title='bbox 686 1585 853 1632; x_wconf 88' lang='lat' dir='ltr'>animo</span> <span class='ocrx_word' id='word_1_159' title='bbox 901 1583 1004 1632; x_wconf 89' lang='lat' dir='ltr'>eius</span> <span class='ocrx_word' id='word_1_160' title='bbox 1055 1584 1483 1632; x_wconf 87' lang='lat' dir='ltr'>vehementissime</span> <span class='ocrx_word' id='word_1_161' title='bbox 1533 1583 1816 1646; x_wconf 83' lang='lat' dir='ltr'>placuisset.</span> 
     </span>
     <span class='ocr_line' id='line_1_20' title="bbox 120 1657 1819 1722; baseline 0 -16"><span class='ocrx_word' id='word_1_162' title='bbox 120 1657 215 1706; x_wconf 88' lang='lat' dir='ltr'>scis</span> <span class='ocrx_word' id='word_1_163' title='bbox 254 1660 312 1706; x_wconf 90' lang='lat' dir='ltr'>ut</span> <span class='ocrx_word' id='word_1_164' title='bbox 348 1659 399 1706; x_wconf 90' lang='lat' dir='ltr'>te</span> <span class='ocrx_word' id='word_1_165' title='bbox 438 1657 628 1706; x_wconf 84' lang='lat' dir='ltr'>cunctis</span> <span class='ocrx_word' id='word_1_166' title='bbox 668 1673 840 1719; x_wconf 92' lang='lat' dir='ltr'>unam,</span> <span class='ocrx_word' id='word_1_167' title='bbox 881 1674 1222 1720; x_wconf 87' lang='lat' dir='ltr'>quaecumque</span> <span class='ocrx_word' id='word_1_168' title='bbox 1260 1657 1470 1706; x_wconf 85' lang='lat' dir='ltr'>Latinae</span> <span class='ocrx_word' id='word_1_169' title='bbox 1508 1657 1819 1722; x_wconf 85' lang='lat' dir='ltr'>magnanimi</span> 
     </span>
     <span class='ocr_line' id='line_1_21' title="bbox 120 1731 1818 1796; baseline 0.001 -17"><span class='ocrx_word' id='word_1_170' title='bbox 120 1731 255 1781; x_wconf 86' lang='lat' dir='ltr'>Iovis</span> <span class='ocrx_word' id='word_1_171' title='bbox 277 1731 535 1796; x_wconf 85' lang='lat' dir='ltr'>ingratum</span> <span class='ocrx_word' id='word_1_172' title='bbox 558 1733 819 1781; x_wconf 87' lang='lat' dir='ltr'>ascendere</span> <span class='ocrx_word' id='word_1_173' title='bbox 850 1732 1035 1794; x_wconf 86' lang='lat' dir='ltr'>cubile,</span> <span class='ocrx_word' id='word_1_174' title='bbox 1066 1733 1391 1795; x_wconf 87' lang='lat' dir='ltr'>praetulerim</span> <span class='ocrx_word' id='word_1_175' title='bbox 1414 1733 1635 1795; x_wconf 87' lang='lat' dir='ltr'>caelique</span> <span class='ocrx_word' id='word_1_176' title='bbox 1658 1731 1818 1781; x_wconf 83' lang='lat' dir='ltr'>libens</span> 
     </span>
     <span class='ocr_line' id='line_1_22' title="bbox 119 1806 1818 1869; baseline 0.001 -16"><span class='ocrx_word' id='word_1_177' title='bbox 119 1807 173 1854; x_wconf 89' lang='lat' dir='ltr'>in</span> <span class='ocrx_word' id='word_1_178' title='bbox 222 1808 365 1869; x_wconf 91' lang='lat' dir='ltr'>parte</span> <span class='ocrx_word' id='word_1_179' title='bbox 414 1806 640 1855; x_wconf 89' lang='lat' dir='ltr'>locarim:</span> <span class='ocrx_word' id='word_1_180' title='bbox 694 1807 789 1855; x_wconf 88' lang='lat' dir='ltr'>iste</span> <span class='ocrx_word' id='word_1_181' title='bbox 839 1822 1010 1855; x_wconf 86' lang='lat' dir='ltr'>sensus</span> <span class='ocrx_word' id='word_1_182' title='bbox 1062 1806 1320 1855; x_wconf 87' lang='lat' dir='ltr'>ordinatur</span> <span class='ocrx_word' id='word_1_183' title='bbox 1369 1806 1461 1854; x_wconf 86' lang='lat' dir='ltr'>sic:</span> <span class='ocrx_word' id='word_1_184' title='bbox 1515 1806 1610 1855; x_wconf 90' lang='lat' dir='ltr'>scis</span> <span class='ocrx_word' id='word_1_185' title='bbox 1660 1808 1720 1854; x_wconf 89' lang='lat' dir='ltr'>ut</span> <span class='ocrx_word' id='word_1_186' title='bbox 1766 1808 1818 1855; x_wconf 88' lang='lat' dir='ltr'>te</span> 
     </span>
     <span class='ocr_line' id='line_1_23' title="bbox 119 1880 1819 1965; baseline 0.001 -38"><span class='ocrx_word' id='word_1_187' title='bbox 119 1897 269 1929; x_wconf 89' lang='lat' dir='ltr'>unam</span> <span class='ocrx_word' id='word_1_188' title='bbox 302 1880 627 1943; x_wconf 88' lang='lat' dir='ltr'>praetulerim</span> <span class='ocrx_word' id='word_1_189' title='bbox 658 1880 869 1943; x_wconf 81' lang='lat' dir='ltr'>cunctis,</span> <span class='ocrx_word' id='word_1_190' title='bbox 902 1897 1244 1943; x_wconf 88' lang='lat' dir='ltr'>quaecumque</span> <span class='ocrx_word' id='word_1_191' title='bbox 1267 1880 1478 1929; x_wconf 88' lang='lat' dir='ltr'>Latinae</span> <span class='ocrx_word' id='word_1_192' title='bbox 1509 1880 1819 1965; x_wconf 78' lang='lat' dir='ltr'>magnanimi</span> 
     </span>
     <span class='ocr_line' id='line_1_24' title="bbox 120 1954 1817 2018; baseline 0.001 -16"><span class='ocrx_word' id='word_1_193' title='bbox 120 1955 257 2003; x_wconf 82' lang='lat' dir='ltr'>Iovis</span> <span class='ocrx_word' id='word_1_194' title='bbox 293 1954 549 2018; x_wconf 85' lang='lat' dir='ltr'>ingratum</span> <span class='ocrx_word' id='word_1_195' title='bbox 589 1956 850 2003; x_wconf 88' lang='lat' dir='ltr'>ascendere</span> <span class='ocrx_word' id='word_1_196' title='bbox 888 1955 1072 2016; x_wconf 87' lang='lat' dir='ltr'>cubile,</span> <span class='ocrx_word' id='word_1_197' title='bbox 1126 1954 1349 2018; x_wconf 88' lang='lat' dir='ltr'>caelique</span> <span class='ocrx_word' id='word_1_198' title='bbox 1386 1954 1545 2003; x_wconf 88' lang='lat' dir='ltr'>libens</span> <span class='ocrx_word' id='word_1_199' title='bbox 1583 1955 1636 2003; x_wconf 88' lang='lat' dir='ltr'>in</span> <span class='ocrx_word' id='word_1_200' title='bbox 1674 1958 1817 2018; x_wconf 90' lang='lat' dir='ltr'>parte</span> 
     </span>
     <span class='ocr_line' id='line_1_25' title="bbox 121 2027 1818 2092; baseline 0.001 -16"><span class='ocrx_word' id='word_1_201' title='bbox 121 2027 341 2076; x_wconf 86' lang='lat' dir='ltr'>locarim.</span> <span class='ocrx_word' id='word_1_202' title='bbox 402 2028 710 2091; x_wconf 89' lang='lat' dir='ltr'>probationis</span> <span class='ocrx_word' id='word_1_203' title='bbox 749 2030 858 2078; x_wconf 93' lang='lat' dir='ltr'>loco</span> <span class='ocrx_word' id='word_1_204' title='bbox 890 2031 1060 2092; x_wconf 89' lang='lat' dir='ltr'>posuit</span> <span class='ocrx_word' id='word_1_205' title='bbox 1098 2030 1215 2090; x_wconf 88' lang='lat' dir='ltr'>scis,</span> <span class='ocrx_word' id='word_1_206' title='bbox 1255 2031 1313 2077; x_wconf 91' lang='lat' dir='ltr'>ut</span> <span class='ocrx_word' id='word_1_207' title='bbox 1351 2045 1409 2077; x_wconf 86' lang='lat' dir='ltr'>ex</span> <span class='ocrx_word' id='word_1_208' title='bbox 1448 2045 1504 2078; x_wconf 91' lang='lat' dir='ltr'>eo</span> <span class='ocrx_word' id='word_1_209' title='bbox 1537 2029 1818 2078; x_wconf 90' lang='lat' dir='ltr'>confirmari</span> 
     </span>
     <span class='ocr_line' id='line_1_26' title="bbox 121 2102 1817 2167; baseline 0 -16"><span class='ocrx_word' id='word_1_210' title='bbox 121 2105 290 2165; x_wconf 88' lang='lat' dir='ltr'>posset</span> <span class='ocrx_word' id='word_1_211' title='bbox 328 2102 461 2166; x_wconf 90' lang='lat' dir='ltr'>quod</span> <span class='ocrx_word' id='word_1_212' title='bbox 506 2119 615 2152; x_wconf 88' lang='lat' dir='ltr'>eam</span> <span class='ocrx_word' id='word_1_213' title='bbox 652 2104 766 2166; x_wconf 91' lang='lat' dir='ltr'>plus</span> <span class='ocrx_word' id='word_1_214' title='bbox 815 2105 1006 2152; x_wconf 89' lang='lat' dir='ltr'>amaret</span> <span class='ocrx_word' id='word_1_215' title='bbox 1052 2120 1199 2166; x_wconf 87' lang='lat' dir='ltr'>quam</span> <span class='ocrx_word' id='word_1_216' title='bbox 1247 2103 1386 2152; x_wconf 84' lang='lat' dir='ltr'>alias.</span> <span class='ocrx_word' id='word_1_217' title='bbox 1461 2104 1575 2167; x_wconf 90' lang='lat' dir='ltr'>plus</span> <span class='ocrx_word' id='word_1_218' title='bbox 1614 2104 1817 2164; x_wconf 89' lang='lat' dir='ltr'>faciens,</span> 
     </span>
     <span class='ocr_line' id='line_1_27' title="bbox 122 2177 1816 2240; baseline 0.001 -16"><span class='ocrx_word' id='word_1_219' title='bbox 122 2180 180 2225; x_wconf 93' lang='lat' dir='ltr'>ut</span> <span class='ocrx_word' id='word_1_220' title='bbox 217 2192 421 2225; x_wconf 88' lang='lat' dir='ltr'>suorum</span> <span class='ocrx_word' id='word_1_221' title='bbox 465 2178 819 2239; x_wconf 85' lang='lat' dir='ltr'>praestitorum</span> <span class='ocrx_word' id='word_1_222' title='bbox 863 2178 1026 2240; x_wconf 89' lang='lat' dir='ltr'>ipsam</span> <span class='ocrx_word' id='word_1_223' title='bbox 1072 2177 1308 2226; x_wconf 88' lang='lat' dir='ltr'>adhibeat</span> <span class='ocrx_word' id='word_1_224' title='bbox 1352 2179 1551 2237; x_wconf 90' lang='lat' dir='ltr'>testem,</span> <span class='ocrx_word' id='word_1_225' title='bbox 1602 2178 1697 2227; x_wconf 90' lang='lat' dir='ltr'>scis</span> <span class='ocrx_word' id='word_1_226' title='bbox 1742 2177 1816 2225; x_wconf 90' lang='lat' dir='ltr'>in-</span> 
     </span>
     <span class='ocr_line' id='line_1_28' title="bbox 123 2250 1815 2315; baseline 0.001 -17"><span class='ocrx_word' id='word_1_227' title='bbox 123 2251 256 2315; x_wconf 88' lang='lat' dir='ltr'>quit,</span> <span class='ocrx_word' id='word_1_228' title='bbox 289 2252 435 2313; x_wconf 88' lang='lat' dir='ltr'>quasi</span> <span class='ocrx_word' id='word_1_229' title='bbox 459 2251 643 2300; x_wconf 89' lang='lat' dir='ltr'>diceret</span> <span class='ocrx_word' id='word_1_230' title='bbox 665 2254 824 2300; x_wconf 87' lang='lat' dir='ltr'>cessat</span> <span class='ocrx_word' id='word_1_231' title='bbox 847 2250 1076 2314; x_wconf 87' lang='lat' dir='ltr'>probatio</span> <span class='ocrx_word' id='word_1_232' title='bbox 1102 2251 1397 2300; x_wconf 87' lang='lat' dir='ltr'>adsertionis</span> <span class='ocrx_word' id='word_1_233' title='bbox 1423 2268 1582 2314; x_wconf 90' lang='lat' dir='ltr'>meae,</span> <span class='ocrx_word' id='word_1_234' title='bbox 1615 2252 1815 2314; x_wconf 87' lang='lat' dir='ltr'>quando</span> 
     </span>
     <span class='ocr_line' id='line_1_29' title="bbox 124 2325 1815 2390; baseline 0 -17"><span class='ocrx_word' id='word_1_235' title='bbox 124 2341 250 2388; x_wconf 89' lang='lat' dir='ltr'>quae</span> <span class='ocrx_word' id='word_1_236' title='bbox 291 2325 400 2374; x_wconf 90' lang='lat' dir='ltr'>dico</span> <span class='ocrx_word' id='word_1_237' title='bbox 439 2325 561 2373; x_wconf 88' lang='lat' dir='ltr'>bene</span> <span class='ocrx_word' id='word_1_238' title='bbox 592 2326 686 2374; x_wconf 87' lang='lat' dir='ltr'>tibi</span> <span class='ocrx_word' id='word_1_239' title='bbox 724 2329 843 2375; x_wconf 90' lang='lat' dir='ltr'>sunt</span> <span class='ocrx_word' id='word_1_240' title='bbox 886 2326 1107 2390; x_wconf 88' lang='lat' dir='ltr'>cognita,</span> <span class='ocrx_word' id='word_1_241' title='bbox 1147 2325 1564 2389; x_wconf 88' lang='lat' dir='ltr'>quemadmodum</span> <span class='ocrx_word' id='word_1_242' title='bbox 1606 2328 1655 2374; x_wconf 91' lang='lat' dir='ltr'>te</span> <span class='ocrx_word' id='word_1_243' title='bbox 1697 2325 1815 2374; x_wconf 90' lang='lat' dir='ltr'>dile-</span> 
     </span>
     <span class='ocr_line' id='line_1_30' title="bbox 123 2399 1817 2464; baseline 0 -17"><span class='ocrx_word' id='word_1_244' title='bbox 123 2399 277 2447; x_wconf 82' lang='lat' dir='ltr'>xerim</span> <span class='ocrx_word' id='word_1_245' title='bbox 308 2415 502 2462; x_wconf 90' lang='lat' dir='ltr'>semper</span> <span class='ocrx_word' id='word_1_246' title='bbox 531 2402 582 2448; x_wconf 89' lang='lat' dir='ltr'>et</span> <span class='ocrx_word' id='word_1_247' title='bbox 603 2400 927 2463; x_wconf 90' lang='lat' dir='ltr'>praetulerim</span> <span class='ocrx_word' id='word_1_248' title='bbox 951 2399 1125 2449; x_wconf 82' lang='lat' dir='ltr'>ceteris</span> <span class='ocrx_word' id='word_1_249' title='bbox 1150 2416 1275 2463; x_wconf 88' lang='lat' dir='ltr'>quas</span> <span class='ocrx_word' id='word_1_250' title='bbox 1299 2401 1452 2449; x_wconf 83' lang='lat' dir='ltr'>Italia</span> <span class='ocrx_word' id='word_1_251' title='bbox 1475 2400 1649 2464; x_wconf 87' lang='lat' dir='ltr'>genuit</span> <span class='ocrx_word' id='word_1_252' title='bbox 1672 2415 1817 2461; x_wconf 86' lang='lat' dir='ltr'>quas-</span> 
     </span>
     <span class='ocr_line' id='line_1_31' title="bbox 125 2473 1816 2536; baseline 0.001 -15"><span class='ocrx_word' id='word_1_253' title='bbox 125 2489 219 2536; x_wconf 90' lang='lat' dir='ltr'>que</span> <span class='ocrx_word' id='word_1_254' title='bbox 264 2476 431 2521; x_wconf 88' lang='lat' dir='ltr'>tecum</span> <span class='ocrx_word' id='word_1_255' title='bbox 476 2474 611 2522; x_wconf 87' lang='lat' dir='ltr'>nosti</span> <span class='ocrx_word' id='word_1_256' title='bbox 654 2474 871 2523; x_wconf 89' lang='lat' dir='ltr'>inlicitos</span> <span class='ocrx_word' id='word_1_257' title='bbox 919 2489 1031 2522; x_wconf 88' lang='lat' dir='ltr'>cum</span> <span class='ocrx_word' id='word_1_258' title='bbox 1068 2474 1184 2523; x_wconf 86' lang='lat' dir='ltr'>Iove</span> <span class='ocrx_word' id='word_1_259' title='bbox 1234 2474 1464 2523; x_wconf 87' lang='lat' dir='ltr'>habuisse</span> <span class='ocrx_word' id='word_1_260' title='bbox 1512 2473 1816 2534; x_wconf 81' lang='lat' dir='ltr'>concubituS,</span> 
     </span>
     <span class='ocr_line' id='line_1_32' title="bbox 123 2547 1814 2612; baseline 0 -17"><span class='ocrx_word' id='word_1_261' title='bbox 123 2548 175 2595; x_wconf 89' lang='lat' dir='ltr'>in</span> <span class='ocrx_word' id='word_1_262' title='bbox 205 2550 406 2596; x_wconf 85' lang='lat' dir='ltr'>tantum</span> <span class='ocrx_word' id='word_1_263' title='bbox 436 2549 494 2595; x_wconf 91' lang='lat' dir='ltr'>ut</span> <span class='ocrx_word' id='word_1_264' title='bbox 523 2547 618 2595; x_wconf 87' lang='lat' dir='ltr'>tibi</span> <span class='ocrx_word' id='word_1_265' title='bbox 647 2549 700 2595; x_wconf 90' lang='lat' dir='ltr'>in</span> <span class='ocrx_word' id='word_1_266' title='bbox 731 2547 1015 2612; x_wconf 87' lang='lat' dir='ltr'>regionibus</span> <span class='ocrx_word' id='word_1_267' title='bbox 1041 2549 1167 2597; x_wconf 89' lang='lat' dir='ltr'>caeli</span> <span class='ocrx_word' id='word_1_268' title='bbox 1187 2548 1346 2597; x_wconf 90' lang='lat' dir='ltr'>libens</span> <span class='ocrx_word' id='word_1_269' title='bbox 1378 2548 1577 2597; x_wconf 86' lang='lat' dir='ltr'>fecerim</span> <span class='ocrx_word' id='word_1_270' title='bbox 1608 2549 1814 2610; x_wconf 89' lang='lat' dir='ltr'>partem.</span> 
     </span>
     <span class='ocr_line' id='line_1_33' title="bbox 125 2621 1815 2684; baseline 0 -14"><span class='ocrx_word' id='word_1_271' title='bbox 125 2637 255 2683; x_wconf 88' lang='lat' dir='ltr'>ecce,</span> <span class='ocrx_word' id='word_1_272' title='bbox 301 2623 362 2669; x_wconf 89' lang='lat' dir='ltr'>ut</span> <span class='ocrx_word' id='word_1_273' title='bbox 399 2637 448 2670; x_wconf 91' lang='lat' dir='ltr'>se</span> <span class='ocrx_word' id='word_1_274' title='bbox 488 2621 665 2670; x_wconf 91' lang='lat' dir='ltr'>melius</span> <span class='ocrx_word' id='word_1_275' title='bbox 705 2621 1070 2671; x_wconf 90' lang='lat' dir='ltr'>commendaret</span> <span class='ocrx_word' id='word_1_276' title='bbox 1106 2622 1367 2684; x_wconf 81' lang='lat' dir='ltr'>Iuturnae,</span> <span class='ocrx_word' id='word_1_277' title='bbox 1413 2639 1578 2670; x_wconf 89' lang='lat' dir='ltr'>rerum</span> <span class='ocrx_word' id='word_1_278' title='bbox 1617 2622 1815 2670; x_wconf 90' lang='lat' dir='ltr'>effectus</span> 
     </span>
     <span class='ocr_line' id='line_1_34' title="bbox 125 2694 1814 2759; baseline -0.001 -15"><span class='ocrx_word' id='word_1_279' title='bbox 125 2694 384 2744; x_wconf 89' lang='lat' dir='ltr'>attendens</span> <span class='ocrx_word' id='word_1_280' title='bbox 425 2710 568 2744; x_wconf 85' lang='lat' dir='ltr'>suum</span> <span class='ocrx_word' id='word_1_281' title='bbox 602 2711 706 2746; x_wconf 88' lang='lat' dir='ltr'>esse</span> <span class='ocrx_word' id='word_1_282' title='bbox 737 2697 977 2744; x_wconf 88' lang='lat' dir='ltr'>mentitur</span> <span class='ocrx_word' id='word_1_283' title='bbox 1006 2697 1141 2759; x_wconf 91' lang='lat' dir='ltr'>quod</span> <span class='ocrx_word' id='word_1_284' title='bbox 1170 2698 1366 2746; x_wconf 85' lang='lat' dir='ltr'>volente</span> <span class='ocrx_word' id='word_1_285' title='bbox 1398 2695 1515 2745; x_wconf 85' lang='lat' dir='ltr'>Iove</span> <span class='ocrx_word' id='word_1_286' title='bbox 1547 2695 1672 2744; x_wconf 89' lang='lat' dir='ltr'>caeli</span> <span class='ocrx_word' id='word_1_287' title='bbox 1702 2711 1814 2743; x_wconf 93' lang='lat' dir='ltr'>con-</span> 
     </span>
    </p>
   </div>
   <div class='ocr_carea' id='block_1_6' title="bbox 128 2775 481 2779">
    <p class='ocr_par' dir='ltr' id='par_1_6' title="bbox 128 2775 481 2779">
     <span class='ocr_line' id='line_1_35' title="bbox 128 2775 481 2779; baseline 0 0"><span class='ocrx_word' id='word_1_288' title='bbox 128 2775 481 2779; x_wconf 95' lang='lat' dir='ltr'> </span> 
     </span>
    </p>
   </div>
   <div class='ocr_carea' id='block_1_7' title="bbox 245 2821 1816 2878">
    <p class='ocr_par' dir='ltr' id='par_1_7' title="bbox 245 2821 1816 2878">
     <span class='ocr_line' id='line_1_36' title="bbox 245 2821 1816 2878; baseline 0 -11"><span class='ocrx_word' id='word_1_289' title='bbox 245 2827 271 2866; x_wconf 84' lang='lat'>5</span> <span class='ocrx_word' id='word_1_290' title='bbox 303 2822 539 2878; x_wconf 77' lang='lat' dir='ltr'>compellat</span> <span class='ocrx_word' id='word_1_291' title='bbox 570 2821 640 2865; x_wconf 88' lang='lat' dir='ltr'>ed.</span> <span class='ocrx_word' id='word_1_292' title='bbox 764 2826 787 2865; x_wconf 82' lang='grc'><strong>7</strong></span> <span class='ocrx_word' id='word_1_293' title='bbox 821 2823 1002 2877; x_wconf 83' lang='lat' dir='ltr'>effectus</span> <span class='ocrx_word' id='word_1_294' title='bbox 1033 2824 1104 2868; x_wconf 89' lang='lat' dir='ltr'>ed.</span> <span class='ocrx_word' id='word_1_295' title='bbox 1226 2827 1253 2866; x_wconf 91' lang='lat'>8</span> <span class='ocrx_word' id='word_1_296' title='bbox 1284 2824 1478 2867; x_wconf 75' lang='lat' dir='ltr'>iuturna</span> <span class='ocrx_word' id='word_1_297' title='bbox 1501 2821 1543 2865; x_wconf 91' lang='lat' dir='ltr'>V</span> <span class='ocrx_word' id='word_1_298' title='bbox 1573 2823 1625 2866; x_wconf 80' lang='lat' dir='ltr'>in</span> <span class='ocrx_word' id='word_1_299' title='bbox 1661 2823 1816 2867; x_wconf 79' lang='lat' dir='ltr'>Turno</span> 
     </span>
    </p>
   </div>
   <div class='ocr_carea' id='block_1_8' title="bbox 48 2880 1814 2940">
    <p class='ocr_par' dir='ltr' id='par_1_8' title="bbox 48 2880 1814 2940">
     <span class='ocr_line' id='line_1_37' title="bbox 48 2880 1814 2940; baseline -0.001 -14"><span class='ocrx_word' id='word_1_300' title='bbox 48 2918 51 2919; x_wconf 12' lang='grc' dir='ltr'><em>γ</em></span> <span class='ocrx_word' id='word_1_301' title='bbox 127 2882 199 2926; x_wconf 86' lang='lat' dir='ltr'>ed.</span> <span class='ocrx_word' id='word_1_302' title='bbox 250 2882 254 2940; x_wconf 84' lang='grc'>1</span> <span class='ocrx_word' id='word_1_303' title='bbox 304 2884 455 2939; x_wconf 75' lang='lat' dir='ltr'>nynfa</span> <span class='ocrx_word' id='word_1_304' title='bbox 493 2880 549 2924; x_wconf 89' lang='lat' dir='ltr'>V.</span> <span class='ocrx_word' id='word_1_305' title='bbox 673 2886 727 2925; x_wconf 89' lang='grc'>16</span> <span class='ocrx_word' id='word_1_306' title='bbox 773 2883 867 2926; x_wconf 80' lang='lat' dir='ltr'>oris</span> <span class='ocrx_word' id='word_1_307' title='bbox 910 2884 985 2926; x_wconf 81' lang='lat' dir='ltr'>sui</span> <span class='ocrx_word' id='word_1_308' title='bbox 1022 2882 1064 2926; x_wconf 95' lang='lat' dir='ltr'><strong>V</strong></span> <span class='ocrx_word' id='word_1_309' title='bbox 1109 2884 1248 2927; x_wconf 77' lang='lat' dir='ltr'>moris</span> <span class='ocrx_word' id='word_1_310' title='bbox 1292 2896 1325 2926; x_wconf 85' lang='lat' dir='ltr'>s.</span> <span class='ocrx_word' id='word_1_311' title='bbox 1371 2895 1453 2925; x_wconf 87' lang='lat' dir='ltr'>nos</span> <span class='ocrx_word' id='word_1_312' title='bbox 1500 2895 1556 2925; x_wconf 79' lang='lat' dir='ltr'>ex</span> <span class='ocrx_word' id='word_1_313' title='bbox 1599 2883 1697 2925; x_wconf 77' lang='lat' dir='ltr'>suis</span> <span class='ocrx_word' id='word_1_314' title='bbox 1742 2881 1814 2925; x_wconf 88' lang='lat' dir='ltr'>ed.</span> 
     </span>
    </p>
   </div>
   <div class='ocr_carea' id='block_1_9' title="bbox 0 0 107 3226">
    <p class='ocr_par' dir='ltr' id='par_1_9' title="bbox 0 0 107 3226">
     <span class='ocr_line' id='line_1_38' title="bbox 0 0 107 3226; baseline 0 0"><span class='ocrx_word' id='word_1_315' title='bbox 0 0 107 3226; x_wconf 95' lang='lat' dir='ltr'> </span> 
     </span>
    </p>
   </div>
   <div class='ocr_carea' id='block_1_10' title="bbox 128 2940 1816 3055">
    <p class='ocr_par' dir='ltr' id='par_1_10' title="bbox 128 2940 1816 3055">
     <span class='ocr_line' id='line_1_39' title="bbox 130 2940 1816 2997; baseline 0.001 -14"><span class='ocrx_word' id='word_1_316' title='bbox 130 2945 182 2984; x_wconf 82' lang='lat'>17</span> <span class='ocrx_word' id='word_1_317' title='bbox 230 2942 380 2986; x_wconf 77' lang='lat' dir='ltr'>liceret</span> <span class='ocrx_word' id='word_1_318' title='bbox 416 2940 459 2983; x_wconf 89' lang='lat' dir='ltr'><strong>V</strong></span> <span class='ocrx_word' id='word_1_319' title='bbox 504 2940 710 2997; x_wconf 75' lang='lat' dir='ltr'>diliyeret</span> <span class='ocrx_word' id='word_1_320' title='bbox 755 2953 869 2985; x_wconf 89' lang='lat' dir='ltr'>corr.</span> <span class='ocrx_word' id='word_1_321' title='bbox 910 2941 981 2985; x_wconf 86' lang='lat' dir='ltr'>ed.</span> <span class='ocrx_word' id='word_1_322' title='bbox 1127 2946 1181 2984; x_wconf 82' lang='lat'>25</span> <span class='ocrx_word' id='word_1_323' title='bbox 1228 2941 1348 2997; x_wconf 81' lang='lat' dir='ltr'>quod</span> <span class='ocrx_word' id='word_1_324' title='bbox 1386 2940 1427 2984; x_wconf 88' lang='lat' dir='ltr'><strong>V</strong></span> <span class='ocrx_word' id='word_1_325' title='bbox 1475 2946 1696 2997; x_wconf 78' lang='lat' dir='ltr'>quantum</span> <span class='ocrx_word' id='word_1_326' title='bbox 1743 2940 1816 2984; x_wconf 87' lang='lat' dir='ltr'>ed.</span> 
     </span>
     <span class='ocr_line' id='line_1_40' title="bbox 128 2999 509 3055; baseline 0.003 -12"><span class='ocrx_word' id='word_1_327' title='bbox 128 3004 183 3043; x_wconf 84' lang='lat'>32</span> <span class='ocrx_word' id='word_1_328' title='bbox 216 3001 406 3055; x_wconf 77' lang='lat' dir='ltr'>affectus</span> <span class='ocrx_word' id='word_1_329' title='bbox 436 2999 509 3044; x_wconf 87' lang='lat' dir='ltr'>ed.</span> 
     </span>
    </p>
   </div>
  </div>
 </body>
</html>
