2050 3226
777 202 1081 249 AENEIDOS
1112 202 1175 247 IX
1713 205 1822 259 275

134 346 220 396 sed
259 346 419 410 aliqui
457 361 515 395 ex
551 346 630 394 his
670 343 842 407 occisi,
881 343 1040 407 aliqui
1077 343 1131 391 in
1169 342 1343 407 fugam
1372 341 1524 404 versi,
1564 344 1685 406 quia
1718 343 1824 392 fieri

133 437 232 471 non
262 420 431 484 potuit
466 422 524 469 ut
559 419 712 468 iidem
750 412 1319 478 dicanturoccubuisse,
1348 415 1499 465 iidem
1532 416 1826 466 abscedendi

135 493 436 559 quaesivisse
482 494 766 558 suffugium.
842 496 945 541 tum
987 492 1146 553 maqis
1190 492 1466 540 increscunt
1509 491 1691 539 animis
1728 492 1825 539 dis-

0 619 2 639 ,
134 569 359 617 cordibus
402 569 529 625 irae,
579 567 881 616 Rutulorum
930 566 1130 615 scilicet.
1207 568 1251 614 et
1296 566 1401 613 iam
1449 565 1627 613 collecti
1677 565 1826 613 Troes

0 643 1 692 1
83 658 103 692 5
130 643 461 704 ylomerantwr
499 642 661 691 eodem
695 645 739 690 et
768 642 985 701 conferre
1013 654 1219 689 manum
1250 642 1295 687 et
1313 653 1606 699 procurrere
1638 639 1828 700 lonqius
1845 648 1929 689 690

135 717 338 766 audent:
382 715 515 765 tanti
559 717 683 765 facti
729 715 952 779 exemplo
1000 713 1210 763 animati
1247 713 1454 762 Troiani
1492 713 1829 764 densabantur

134 789 199 839 ad
236 792 435 854 portam
471 792 760 853 remotaque
797 789 1130 852 trepidatione
1163 788 1298 837 omni
1335 790 1386 836 et
1424 786 1592 852 egredi
1629 787 1827 852 longius

134 864 385 914 audebant
423 866 474 913 et
512 864 638 914 alios
676 863 949 914 comminus
988 878 1271 927 provocare.

252 939 459 988 Ductori
513 940 682 987 Turno
740 939 935 987 diversa
987 939 1042 986 in
1089 941 1231 998 parte
1283 936 1469 997 furenti
1521 936 1829 995 turbantique

47 1015 103 1063 '¹10
133 1013 265 1061 viros
293 1013 546 1073 perfertur
575 1014 780 1062 nuntius
817 1013 996 1061 hostem
1025 1014 1211 1073 fervere
1242 1010 1386 1060 caede
1423 1024 1550 1059 nova
1591 1013 1635 1058 et
1660 1013 1830 1071 portas

126 1088 364 1148 praebere
394 1088 634 1148 patentis:
683 1087 880 1136 Turnus
932 1103 1043 1136 cum
1094 1088 1224 1136 esset
1270 1085 1324 1133 in
1370 1085 1648 1148 longinqua
1686 1085 1828 1148 parte

136 1163 186 1210 et
215 1161 445 1210 turbaret
474 1161 606 1211 viros
638 1176 765 1211 unus
797 1161 954 1225 pluris
987 1162 1036 1209 et
1065 1174 1297 1225 magnos,
1333 1159 1598 1207 nuntiatur
1628 1161 1829 1222 repente

134 1251 320 1285 novum
351 1235 544 1299 aliquid
575 1237 811 1298 extitisse,
843 1235 1083 1284 Troianos
1117 1234 1350 1284 caedibus
1382 1233 1571 1283 fervere
1604 1235 1655 1282 et
1684 1235 1829 1282 tanta

135 1309 251 1358 duci
290 1309 568 1359 animorum
612 1310 816 1372 fiducia,
862 1313 920 1359 ut
964 1311 1136 1373 portas
1183 1309 1448 1372 aperirent.
1524 1324 1633 1358 ecce
1670 1323 1834 1358 mora-

60 1398 103 1431 15
134 1384 252 1432 litas
284 1385 595 1445 nuntiorum,
628 1386 717 1447 qui
749 1385 813 1433 ad
845 1385 1198 1434 adversitatem
1229 1384 1359 1433 falso
1392 1382 1584 1433 addunt
1612 1382 1841 1447 plurima

134 1459 448 1521 plurimaque
487 1458 800 1522 confingunt,
845 1474 947 1507 una
992 1458 1123 1507 enim
1169 1458 1376 1523 patebat
1420 1460 1589 1521 porta,
1635 1459 1720 1508 ille
1760 1459 1841 1508 ait·

133 1534 304 1595 portas
335 1532 571 1595 praebere
602 1531 845 1595 patentis;
883 1549 984 1582 non
1014 1533 1164 1582 multi
1195 1533 1356 1582 adhuc
1387 1536 1626 1583 venerant
1655 1534 1836 1583 Rutuli

134 1621 223 1655 nec
269 1606 474 1669 plurimi
520 1606 692 1668 occisi,
736 1607 822 1655 ille
871 1609 945 1656 ait
989 1607 1179 1657 fervere
1227 1608 1371 1657 caede
1417 1623 1560 1657 nova.
1637 1608 1696 1657 fit
1740 1609 1832 1658 hoc

133 1681 390 1729 hominum
436 1697 594 1742 more,
639 1683 700 1729 ut
744 1682 874 1731 veris
921 1682 1068 1730 malis
1113 1683 1276 1732 multa
1322 1682 1569 1732 deteriora
1607 1685 1833 1734 commis-

60 1767 103 1801 so
134 1756 300 1816 ceant,
342 1755 474 1817 quod
512 1756 750 1805 nuntiant
787 1756 990 1820 gravius
1024 1755 1301 1805 adiectione
1341 1757 1595 1806 falsorum.
1657 1759 1834 1807 deserit

133 1829 399 1890 inceptum:
447 1830 540 1878 hoc
588 1832 823 1894 conperto
872 1830 1089 1880 deseruit
1136 1831 1269 1893 quod
1315 1831 1496 1895 agebat
1547 1834 1596 1880 et
1642 1831 1833 1882 dimisit

133 1902 402 1965 inceptum.
477 1904 676 1967 incepta
714 1919 862 1968 saepe
903 1905 1118 1953 diximus
1157 1905 1509 1968 dispositiones
1549 1906 1830 1971 significare

135 1979 185 2025 et
213 1977 517 2026 intentiones
547 1978 757 2027 fixarum
788 1980 1162 2028 sententiarum.
1225 1983 1367 2040 atque
1396 1981 1589 2029 inmani
1620 1983 1832 2031 concitus

135 2052 236 2107 ira,
298 2051 389 2100 illa
442 2052 630 2101 scilicet
683 2068 835 2116 quam
886 2055 1075 2102 maiore
1129 2070 1280 2116 quam
1332 2055 1498 2103 fuerat
1551 2055 1830 2105 adsertione

60 2138 103 2172 ιο
134 2125 340 2174 nuntius
373 2125 689 2175 excitaverat.
751 2127 1071 2176 Dardaniam
1102 2129 1203 2176 ruit
1232 2129 1298 2177 ad
1320 2132 1538 2189 portam,
1572 2146 1671 2178 non
1705 2147 1829 2194 quae
1849 2138 1934 2179 695

134 2200 338 2262 propria
377 2202 507 2248 esset
538 2200 887 2263 Troianorum,
933 2202 1019 2251 sed
1058 2218 1159 2264 qua
1198 2201 1591 2252 defendebantur
1628 2205 1830 2268 inclusi,

133 2273 237 2322 ruit
281 2274 469 2336 inquit,
516 2290 616 2323 non
654 2276 815 2336 venit,
860 2277 920 2324 ut
966 2275 1247 2326 ostenderet
1285 2276 1389 2326 eius
1428 2278 1693 2341 fervorem,
1744 2280 1831 2342 qui

134 2363 338 2396 suorum
382 2364 552 2396 necem
602 2349 835 2398 veniebat
883 2350 1078 2399 ulturus
1130 2352 1180 2398 et
1227 2353 1314 2414 qui
1359 2352 1560 2401 nolebat
1610 2353 1829 2416 patentis

133 2424 307 2484 portae
358 2422 667 2472 occasionem
715 2423 942 2486 perdere,
991 2440 1053 2473 ne
1097 2423 1279 2474 iterum
1325 2426 1648 2475 clauderetur.
1725 2430 1829 2487 fra-

60 2497 104 2542 ’30
134 2499 320 2556 tresque
375 2498 629 2557 superbos:
689 2496 770 2545 hic
829 2513 970 2547 mora
1030 2498 1258 2548 facienda
1319 2502 1416 2563 est3
1469 2503 1645 2563 postea
1698 2501 1828 2549 enim

135 2569 371 2619 describit
410 2570 531 2634 quid
562 2587 675 2619 cum
706 2572 830 2634 ipsis
862 2575 1058 2636 gestum
1089 2573 1169 2621 sit.
1231 2573 1605 2623 intervenerunt
1643 2575 1826 2639 quippe

135 2643 244 2706 alii,
291 2645 380 2708 qui
419 2645 640 2693 Turnum
687 2645 748 2694 ab
787 2646 964 2694 iisdem
1011 2646 1251 2696 fratribus
1292 2650 1571 2697 avocarent.
1649 2652 1693 2696 et
1722 2651 1828 2710 pri-

132 2732 267 2766 mum
315 2717 617 2779 Antiphaten
677 2719 744 2780 (is
794 2720 922 2768 enim
970 2734 1021 2768 se
1065 2722 1263 2781 primus
1317 2722 1533 2783 ayebat),
1595 2723 1828 2772 Thebana

255 2848 309 2887 15
341 2845 656 2890 adversitatem
679 2845 722 2889 V
751 2845 815 2890 ad
845 2845 946 2890 adv.
979 2859 1063 2891 nos
1093 2847 1296 2892 adversis
1326 2847 1397 2892 ed.
1492 2851 1545 2890 19
1578 2853 1826 2894 ut—com-

134 2903 351 2948 misceant
373 2903 415 2947 V
438 2906 836 2950 et--commiscent
857 2904 929 2950 ed.
1043 2909 1101 2950 20
1125 2906 1381 2961 adfectione
1403 2906 1446 2950 V
1469 2907 1720 2952 adiectione
1742 2921 1826 2953 nos

136 2961 192 3005 cf.
220 2966 290 3016 11,
316 2966 401 3007 102
424 2964 604 3018 fictione
626 2963 699 3008 ed.
814 2968 870 3008 23
894 2965 1175 3010 inventiones
1199 2965 1269 3010 ed.
1386 2970 1442 3010 24
1472 2966 1558 3009 illa
1583 2965 1623 3008 V
1645 2967 1721 3011 ira
1752 2967 1823 3012 ed.

137 3025 190 3064 32
223 3021 498 3067 advocarent
519 3022 560 3066 V
585 3036 699 3067 corr.
725 3022 796 3068 ed.
904 3027 959 3067 33
991 3025 1226 3078 antefaten
1248 3023 1302 3068 V.
1350 3025 1354 3082 Ι
1405 3025 1656 3071 thebadane
1686 3041 1742 3071 m.
1767 3026 1822 3070 V.

1471 3111 1558 3157 18*
