2078 3260
278 144 385 198 626
747 141 982 186 DONATI
1013 141 1294 186 INTERPR.
1319 141 1497 187 VERG.

277 283 353 330 est
397 282 529 329 enim
572 281 834 345 peculiaris
881 280 1104 328 adfectus
1153 279 1296 328 iuxta
1344 296 1404 329 ea
1454 297 1579 344 quae
1629 283 1972 345 unusquisque

276 355 504 404 facienda
550 356 798 404 curaverit
835 355 912 404 vel
957 353 1165 416 inpenso
1213 354 1391 403 sudore
1435 355 1709 418 perfecerit.
1777 356 1831 404 in
1870 372 1970 418 quo
2039 390 2043 394 ·

275 429 371 478 iste
402 430 612 478 effusum
642 430 862 477 laborem
893 444 1038 478 suum
1061 429 1111 476 et
1134 428 1445 493 diligentiam
1477 430 1719 493 gemebat,
1750 430 1972 478 laborem

275 504 329 551 in
369 503 659 564 extruendO,
710 502 1026 567 diligentiam
1074 517 1190 551 vero
1239 503 1291 550 in
1339 505 1610 552 structione
1654 504 1885 567 pontium
1923 507 1973 553 et

275 579 522 639 rotarum,
560 579 619 625 ut
656 577 818 626 facilis
849 577 903 624 in
934 593 1045 624 eam
1076 579 1205 625 esset
1236 592 1464 626 ascensus
1495 580 1546 626 et
1577 594 1674 641 quo
1705 580 1972 628 necessitas
2027 590 2047 623 5

275 654 501 714 posceret
530 653 700 714 posset
730 651 924 699 adduci.
977 651 1080 698 iam
1109 651 1212 699 iam
1241 652 1372 711 fata,
1412 666 1562 708 soror,
1600 656 1855 712 superant,
1888 654 1972 701 ab·

274 727 388 774 siste
417 726 627 774 morari:
665 739 756 785 quo
788 726 907 773 deus
938 728 981 773 et
1010 739 1100 785 quo
1132 725 1263 773 dura
1291 729 1429 773 vocat
1457 727 1657 785 fortuna
1688 741 1973 788 sequamm:

276 799 681 848 consentiendum
720 801 796 848 est
824 800 925 861 his,
964 814 1124 861 soror,
1164 815 1291 862 quae
1321 799 1579 848 renitendo
1611 815 1842 862 superare
1872 817 1973 849 non

274 889 552 937 possumus.
618 873 826 922 vincunt
877 874 986 921 fata
1035 875 1086 921 et
1135 888 1232 935 quo
1287 874 1537 922 voluerint
1587 873 1739 923 etiam
1786 874 1972 924 invitos

274 948 503 1009 trahunt,
534 948 736 996 fortuna
767 950 818 996 et
847 947 938 995 deo
969 963 1204 1011 urgemur
1233 947 1476 1010 adversis,
1506 948 1596 996 fiat
1626 947 1760 1011 quod
1783 950 1973 1010 volunt,
2007 963 2048 994 ιο
2077 951 2078 1007 l

276 1023 397 1084 quia
450 1023 582 1070 nolle
633 1038 731 1070 non
785 1037 1065 1085 possumus.
1117 1025 1216 1070 stat
1252 1024 1470 1082 conferre
1514 1037 1718 1070 manum
1754 1020 1975 1071 Aeneae:
2077 1010 2078 1046 Τ

276 1096 394 1157 quia
431 1095 512 1143 hic
551 1096 649 1144 dici
694 1097 864 1158 potuit
908 1095 1291 1158 periclitaberiS,
1342 1097 1384 1144 si
1423 1097 1518 1144 hoc
1563 1097 1715 1145 fuerit
1769 1097 1973 1159 factum,

273 1172 380 1233 ipse
419 1171 559 1218 velut
594 1170 938 1232 respondentis
968 1169 1197 1233 partibus
1229 1171 1429 1219 functus
1469 1169 1705 1219 occurrit:
1743 1174 1860 1228 stat,
1899 1170 1973 1218 in-

275 1244 399 1307 quit,
423 1245 650 1305 quicquid
681 1245 842 1293 acerbi
873 1248 942 1292 est
969 1247 1119 1292 morte
1143 1245 1266 1305 pati.
1313 1246 1430 1306 stat,
1452 1245 1546 1293 hoc
1570 1247 1646 1293 est
1669 1246 1974 1308 consumptis

273 1318 572 1366 tractatibus
610 1319 853 1368 universis
893 1319 1110 1367 faciendi
1146 1318 1244 1367 fixa
1282 1318 1530 1367 sententia
1569 1321 1644 1367 est
1681 1321 1752 1379 et,
1791 1318 1835 1368 si
1873 1335 1972 1367 cer·
2007 1332 2047 1365 15

273 1395 381 1440 tare
421 1394 724 1441 contrarium
762 1395 858 1455 est,
896 1394 1122 1455 praestat
1159 1409 1271 1441 cum
1310 1393 1471 1457 gloria
1508 1394 1636 1442 mori
1674 1409 1825 1456 quam
1863 1409 1975 1441 cum

275 1466 491 1515 ludibrio
531 1482 800 1530 superesse.
865 1481 1015 1527 neque
1051 1481 1127 1514 me
1163 1467 1454 1524 indecorem,
1491 1482 1749 1528 yermaua,
1790 1467 1974 1516 videbis

173 1552 258 1592 680
276 1541 513 1600 amplius:
561 1543 620 1590 ut
663 1542 785 1589 haec
830 1543 1000 1604 posset
1045 1540 1235 1589 dolenti
1280 1541 1438 1590 sorori
1485 1543 1798 1603 extorquere,
1849 1541 1976 1590 dixit

276 1614 398 1677 quid
438 1615 682 1663 commodi
720 1632 778 1662 ex
807 1615 930 1678 ipsis
967 1614 1184 1663 adversis
1218 1617 1347 1663 esset
1375 1615 1623 1664 habitura.
1690 1615 1754 1676 si,
1792 1615 1973 1677 inquit,

275 1689 547 1752 gloriosum
585 1690 793 1738 fratrem
839 1705 977 1738 soror
1013 1689 1193 1737 habere
1240 1689 1439 1751 nequis,
1489 1688 1693 1738 habebis
1734 1705 1792 1737 ex
1828 1689 1974 1738 malis
2006 1703 2048 1735 20

274 1764 396 1812 meis
436 1764 732 1812 nonnullum
770 1763 1081 1824 beneficium,
1129 1763 1262 1825 quod
1308 1778 1406 1811 non
1453 1762 1642 1811 videbis
1679 1762 1975 1824 indecorem,

274 1837 550 1900 meliusque
588 1839 870 1901 proveniat,
911 1838 955 1885 si
993 1837 1144 1885 semel
1183 1837 1351 1885 doleas
1390 1838 1642 1885 mortuum
1682 1853 1834 1899 quam
1864 1853 1973 1900 per-

275 1914 427 1973 petuo
468 1928 637 1975 gemas
675 1913 809 1960 vitae
846 1911 1148 1960 ludibriosae
1191 1911 1483 1960 subiectum.
1538 1911 1685 1967 huuc,
1726 1926 1830 1968 ονο,
1870 1912 1975 1959 sine

275 1999 350 2032 me
386 1987 551 2044 furere
589 1989 700 2034 aute
737 1987 977 2046 furorem:
1029 1987 1158 2033 certe
1208 1986 1424 2034 insanire
1473 1987 1587 2033 ante
1627 2001 1795 2033 veram
1843 1986 1974 2034 insa-

275 2060 413 2107 niam
452 2075 622 2123 cogor,
670 2060 924 2122 permitte,
963 2075 1222 2124 germana,
1262 2060 1444 2108 faciam
1482 2059 1604 2107 satis
1645 2059 1810 2108 animo
1847 2076 1972 2107 meo.
2006 2073 2048 2104 25

276 2131 429 2194 [dixit
474 2137 517 2181 et
555 2148 578 2181 c
617 2149 765 2181 curru
803 2135 983 2182 saltum
1021 2134 1151 2181 dedit
1188 2134 1321 2182 ocius
1359 2132 1540 2195 arviSJ:
1588 2149 1702 2181 mox
1747 2136 1807 2182 ut
1850 2134 1974 2182 haec

277 2206 424 2268 dixit,
474 2223 501 2255 e
539 2223 688 2255 curru
737 2210 790 2255 in
837 2224 957 2257 arva
1003 2208 1137 2256 saltu
1181 2223 1233 2256 se
1281 2209 1502 2256 coniecit.
1564 2223 1663 2255 non
1717 2206 1843 2255 dixit
1892 2208 1972 2254 de-

277 2280 487 2344 scendit3
525 2281 675 2330 habet
713 2283 844 2329 enim
879 2282 1139 2330 descensus
1171 2297 1386 2343 moram,
1425 2281 1575 2329 habet
1610 2283 1776 2329 autem
1814 2281 1972 2330 saltus

277 2354 593 2404 celeritatem.
639 2370 822 2416 perque
852 2357 1019 2413 hostis,
1046 2371 1139 2416 per
1161 2357 1257 2404 tela
1285 2357 1387 2403 ruit
1406 2358 1732 2416 maestamque
1762 2366 1974 2403 sororem

277 2430 452 2477 deserit
493 2444 551 2477 ac
595 2430 769 2490 rapido
817 2445 964 2477 cursu
1007 2431 1170 2478 media
1215 2431 1416 2491 aymina
1460 2430 1666 2489 rumpit:
1715 2428 1974 2477 ordinatur
2004 2442 2047 2474 30

400 2606 422 2644 1
464 2602 645 2655 effectus
683 2600 753 2644 ed.
879 2604 902 2643 3
934 2601 1191 2658 yemebatur
1214 2601 1255 2644 V
1282 2615 1395 2645 corr.
1429 2602 1499 2646 ed.
1622 2607 1648 2646 5
1679 2602 1868 2656 facilius
1899 2602 1969 2645 ed.

281 2665 305 2702 9
349 2661 452 2715 fata
494 2665 535 2704 et
569 2659 611 2702 V
653 2665 695 2704 et
730 2660 833 2714 fata
872 2659 942 2703 ed.
997 2660 999 2712 ξ
1057 2661 1231 2705 invitus
1260 2660 1303 2703 V
1339 2662 1536 2706 invitum
1568 2662 1639 2706 ed.
1679 2662 1845 2705 invitos
1874 2674 1970 2704 nos.

283 2724 337 2762 14
377 2720 594 2763 acerbiem
632 2718 682 2762 V.
808 2723 860 2761 17
901 2719 1149 2763 ludibrioso
1182 2733 1357 2775 peresse
1391 2719 1445 2763 V.
1570 2725 1626 2764 20
1657 2721 1900 2775 nequisque
1931 2719 1972 2762 V

279 2780 440 2834 ‘nequis
478 2778 549 2821 ed.
673 2782 727 2821 22
760 2778 921 2822 ‘melius
952 2783 976 2821 ἒ
1008 2791 1091 2833 que
1113 2777 1155 2821 V
1186 2779 1345 2823 melius
1374 2783 1439 2823 est
1468 2780 1588 2835 quod
1619 2779 1689 2823 ed.
1730 2779 1973 2834 meliusque

280 2851 377 2880 nos.
477 2841 533 2880 26
566 2837 892 2881 dixit—arvis
923 2836 1054 2880 deest
1084 2837 1134 2879 in
1158 2837 1199 2879 V
1231 2838 1459 2893 superiori
1489 2837 1699 2882 lemmati
1725 2837 1875 2880 affixit
1899 2838 1969 2881 ed.

279 2896 357 2939 hic
387 2896 543 2951 potius
575 2895 885 2940 inserendum.
990 2900 1043 2938 27
1076 2896 1200 2940 saltu
1231 2910 1319 2940 om.
1345 2897 1417 2940 ed.
1463 2897 1467 2955 Ι
1512 2911 1604 2942 sese
1635 2896 1706 2941 ed.
1811 2900 1866 2940 30
1899 2910 1971 2941 oi·-

284 2955 542 2999 dinatur-
563 2960 662 3008 627,
682 2960 707 2997 2
731 2956 903 3010 rumpit
934 2969 1021 2998 om.
1049 2954 1118 2998 ed.
