2050 3226
242 189 352 244 574
709 188 942 234 DONATI
972 187 1255 232 INTERPR.
1279 187 1458 233 VERG.

240 327 425 377 habens
458 343 610 391 equos
642 330 692 376 et
723 327 821 376 duo
852 327 1071 377 hastilia.
1117 328 1229 376 hinc
1251 332 1399 389 pater
1427 326 1641 386 Aeneas,
1679 329 1935 389 Romanae

241 403 410 463 stirpis
454 403 607 463 oriyO,
658 403 842 450 sidereo
887 403 1110 463 flaqrans
1156 403 1304 462 clipeo
1343 405 1387 451 et
1430 403 1711 451 caelestibus
1757 403 1935 451 armis:

243 493 301 525 ex
347 476 472 539 alia,
516 475 704 539 inquit,
750 478 892 539 parte
931 475 1125 525 Aeneas
1170 478 1316 525 tanta
1363 476 1608 541 dignitate
1649 476 1848 526 habitus
1888 478 1940 525 et

242 550 462 600 incessus
502 552 743 612 quantam
780 549 962 598 habere
1006 550 1176 598 debuit
1212 551 1429 600 Romani
1475 552 1668 615 generis
1707 553 1852 614 pater
1890 553 1941 599 et

242 625 457 673 Romani
492 623 692 687 imperii
722 623 968 673 conditor:
1010 623 1258 688 flagrabat
1288 625 1478 674 sidereo
1517 626 1675 689 clipeo
1708 627 1758 674 et
1788 626 1939 674 armis
1994 639 2013 672 5

155 733 160 736 -
244 699 557 759 caelestibuS,
598 698 743 760 quasi
787 698 1017 747 manibus
1064 700 1258 748 caelum
1302 701 1528 762 portaret
1565 701 1617 748 et
1653 699 1831 748 sidera.
1898 703 1943 747 et

242 775 381 822 iuoeta
403 772 673 829 Ascanius,
697 787 907 834 maynae
928 786 1039 832 spes
1063 774 1219 822 altera
1241 773 1450 822 Romae:
1489 775 1705 837 quantae
1727 773 1940 822 istorum

243 847 500 896 felicitatis
516 847 634 894 fuit!
658 845 766 894 ibat
789 846 1078 896 conditurus
1101 847 1382 896 Romanum
1404 847 1668 910 imperium
1691 850 1742 896 et
1756 848 1941 896 Roma-

243 938 420 970 norum
465 935 644 985 genus,
692 920 802 968 ibat
846 921 1090 970 Ascanius
1137 937 1336 984 quoque
1387 923 1476 984 qui
1525 921 1727 970 condita
1778 921 1938 985 patris

243 996 418 1044 fuisset
457 997 704 1043 aucturus.
750 996 1023 1054 procedant
1052 997 1249 1044 castris:
1287 997 1408 1044 haec
1443 998 1519 1045 est
1557 1011 1706 1044 causa
1736 997 1941 1059 propter
1975 1010 2017 1042 ιο

245 1085 396 1132 quam
420 1069 631 1118 diximus
656 1069 1054 1132 suspendendum
1078 1072 1128 1118 et
1152 1070 1485 1133 separandum
1506 1070 1732 1131 „interea
1754 1068 1943 1135 reges“3

242 1143 324 1192 hic
363 1145 495 1191 enim
527 1143 660 1207 quod
701 1144 1010 1208 singulorum
1049 1161 1223 1208 regum
1254 1144 1520 1207 descriptio
1553 1145 1806 1208 separavit
1834 1145 1942 1192 red-

246 1217 383 1267 ditur
421 1217 517 1267 sibi
554 1220 605 1266 et
642 1218 766 1266 facit
802 1218 994 1267 interea
1026 1235 1167 1283 reges
1198 1218 1476 1282 procedunt
1514 1220 1704 1268 castris.
1760 1219 1942 1282 Expla-

244 1294 396 1341 natur
420 1292 507 1355 qui
529 1308 691 1356 reges:
722 1292 956 1353 LatinuS,
980 1294 1171 1356 inquit,
1197 1293 1416 1355 Turnus,
1441 1293 1658 1355 AeneaS,
1682 1292 1943 1355 Ascanius,

244 1365 463 1414 nondum
504 1366 704 1430 quidem
750 1383 835 1414 rex
873 1367 1140 1428 Ascanius,
1193 1367 1278 1416 sed
1317 1367 1595 1416 destinatus
1635 1367 1697 1416 ad
1734 1383 1944 1431 regnum
1975 1380 2018 1414 15

247 1443 296 1489 et
333 1442 468 1503 patri
512 1440 713 1488 interim
750 1441 801 1488 in
848 1442 958 1504 ipso
996 1456 1227 1504 processu
1275 1442 1579 1490 coniunctus.
1629 1455 1854 1502 puraque
1889 1442 1944 1489 in

245 1518 371 1563 veste
400 1515 651 1563 sacerdos:
687 1531 832 1577 pura,
872 1516 1033 1564 colore
1067 1516 1179 1564 albo
1211 1532 1301 1564 nec
1331 1532 1582 1578 purpurae
1614 1517 1811 1563 variata
1840 1515 1943 1577 pic-

245 1589 385 1638 turis.
463 1589 550 1652 qui
593 1604 846 1637 sacrorum
890 1590 1017 1638 ritus
1065 1590 1405 1652 scrupulosius
1458 1591 1719 1637 intuentur
1766 1605 1944 1651 puram

244 1665 433 1712 vestem
455 1663 650 1710 malunt
673 1663 969 1727 contagione
993 1663 1128 1711 omni
1151 1666 1201 1712 et
1224 1663 1485 1712 criminum
1515 1664 1713 1712 macula
1736 1663 1945 1711 liberam

145 1743 228 1798 170
246 1739 295 1786 et
324 1737 589 1785 inmunem.
644 1738 868 1799 saetigeri
900 1739 1052 1798 fetum
1089 1738 1194 1785 suis
1231 1739 1567 1797 intonsamque
1599 1738 1835 1786 bidentem
1874 1740 1944 1785 at·
1975 1751 2019 1783 20

245 1812 354 1859 tulit
390 1812 694 1870 admovitque
726 1826 875 1872 pecus
904 1813 1231 1872 flayrantibus
1269 1813 1397 1860 aris:
1435 1812 1592 1860 fetum
1630 1811 1768 1874 porci
1806 1811 1943 1871 dixit,

246 1901 344 1933 non
396 1886 552 1933 fetum
602 1901 780 1947 porcae
823 1888 1018 1948 patrem
1066 1885 1227 1949 magis
1279 1887 1450 1934 volens
1500 1886 1755 1934 nominare
1796 1900 1946 1946 quam

246 1961 469 2007 matrem.
509 1960 583 2006 illi
607 1960 673 2007 ad
695 1964 966 2021 suryentem
998 1961 1215 2008 conversi
1247 1960 1436 2008 lumina
1466 1960 1613 2008 solem
1637 1960 1758 2008 dant
1778 1961 1945 2020 fruges

246 2034 477 2081 manibus
522 2034 683 2082 salsas
727 2038 771 2081 et
814 2038 1030 2094 tempora
1074 2035 1205 2094 ferro
1252 2049 1446 2082 summa
1490 2037 1662 2082 notant
1699 2033 1946 2094 pecudum

241 2107 520 2166 paterisque
571 2108 754 2156 altaria
801 2108 976 2156 libant:
1039 2108 1299 2170 descripsit
1352 2109 1516 2156 omnia
1571 2123 1699 2168 quae
1750 2107 1814 2155 ad
1868 2122 1944 2155 sa·
1977 2120 2019 2152 25

250 2196 442 2228 crorum
481 2182 634 2228 ritum
671 2182 1006 2243 pertinebant,
1047 2182 1217 2231 docuit
1255 2198 1382 2244 quae
1423 2184 1661 2245 gerantur
1690 2183 1743 2229 in
1773 2181 1944 2229 huius-

149 2260 231 2301 175
248 2254 384 2302 modi
430 2256 604 2315 sacris,
651 2256 743 2303 hoc
789 2258 864 2304 est
910 2273 1022 2304 cum
1067 2256 1268 2305 foedera
1314 2257 1619 2304 sanciuntur.
1683 2259 1796 2302 tunc
1827 2255 1946 2314 pius

249 2327 445 2377 Aeneas
475 2329 636 2376 stricto
667 2330 737 2376 sic
769 2344 878 2377 ense
902 2333 1158 2390 precatur:
1195 2331 1331 2392 pium
1362 2331 1456 2378 hoc
1486 2331 1594 2378 loco
1626 2345 1738 2378 non,
1756 2327 1946 2376 miseri-

251 2403 446 2451 cordem
483 2404 544 2451 ut
583 2402 700 2450 alibi
750 2406 799 2450 et
844 2405 982 2452 iuxta
1028 2407 1256 2467 parentes
1306 2404 1617 2467 religiosum,
1668 2402 1774 2463 sed,
1826 2401 1946 2464 quia

251 2478 403 2525 sacris
442 2478 703 2537 intererat,
753 2477 957 2525 deorum
998 2480 1240 2526 cultorem
1280 2478 1508 2526 debemus
1557 2476 1787 2539 accipere.
1850 2478 1945 2523 esto
1978 2488 2020 2520 30

251 2566 382 2598 nunc
419 2550 501 2598 Sol
539 2551 669 2598 testis
709 2554 752 2598 et
787 2551 903 2599 haec
941 2553 1059 2599 mihi
1101 2553 1255 2600 Terra
1291 2553 1534 2612 precanti.
1577 2553 1682 2599 esto
1721 2550 1948 2611 precanti

255 2623 340 2673 Sol
370 2626 532 2686 testis,
565 2627 668 2673 esto
701 2626 923 2686 precanti
956 2627 1097 2674 testis
1123 2627 1296 2687 Terra,
1327 2627 1385 2673 ut
1416 2628 1519 2674 esto
1548 2625 1626 2673 bis
1658 2623 1945 2686 accipiatur,

252 2697 392 2747 testis
436 2699 534 2760 bis,
584 2699 808 2761 precanti
853 2698 951 2759 bis,
1001 2699 1125 2747 mihi
1174 2699 1263 2748 bis.
1342 2699 1463 2748 duos
1517 2701 1666 2747 testes
1719 2697 1947 2745 adhibuit

374 2829 398 2867 2
431 2826 597 2869 siderio
620 2825 662 2868 V
695 2826 758 2880 (et
789 2825 943 2880 infra).
1035 2830 1063 2868 4
1095 2831 1314 2881 quantam
1338 2825 1379 2868 V
1411 2839 1546 2881 quam
1578 2824 1647 2868 ed.
1743 2828 1766 2866 7
1800 2837 1947 2878 quan-

256 2889 329 2927 tae
358 2885 548 2928 istorum
577 2885 811 2938 felicitatis
841 2883 883 2926 V
915 2884 986 2927 ed.
1019 2884 1357 2927 nominativum
1388 2884 1563 2927 malim.
1685 2886 1711 2925 8
1744 2882 1948 2926 Romani

257 2944 495 2998 imperium
519 2942 560 2985 V
586 2957 698 2986 corr.
725 2943 795 2986 ed.
898 2947 950 2986 13
983 2943 1092 2997 fecit
1122 2943 1193 2987 ed.
1297 2948 1350 2986 16
1383 2949 1425 2987 et
1454 2957 1542 2986 om.
1568 2941 1684 2986 edF.
1781 2945 1836 2984 26
1869 2941 1947 2984 do-

261 3003 439 3057 cuitque
469 3008 653 3058 geratur
676 3001 717 3044 V
741 3015 853 3045 corr.
884 3002 954 3046 ed.
1078 3006 1131 3044 27
1165 3008 1273 3046 tunc
1297 3001 1338 3043 V
1363 3002 1434 3045 ed.
1467 3007 1562 3046 tum
1592 2999 1731 3056 Verg.
1763 2998 1885 3043 libri.
