2050 3226
231 138 338 191 236
702 135 935 180 DONATI
964 135 1247 180 INTERPR.
1271 135 1451 181 VERG.

231 275 461 324 ostendit.
531 277 677 337 talia,
716 276 903 339 inquit,
942 275 1159 324 breviter
1195 276 1392 324 locutus
1433 279 1508 324 est
1545 276 1720 339 Nisus3
1757 293 1919 341 repre—

228 349 471 399 hensurus
503 351 632 398 enim
662 366 827 399 moras
858 366 958 398 non
991 349 1164 398 debuit
1192 349 1422 411 plurimis
1453 350 1615 413 loqui,
1653 368 1714 399 ne
1751 352 1919 400 multi-

229 424 399 487 loquio
433 440 514 473 eas
549 424 841 472 excluderet.
905 423 1028 472 dicit
1057 424 1159 471 iam
1204 438 1330 485 quae
1368 423 1512 472 illum
1550 426 1680 473 ratio
1713 425 1921 490 cogebat

228 497 282 545 111
319 498 493 560 verba3
534 501 755 547 senserat
795 498 977 561 quippe
1016 513 1116 545 non
1156 498 1330 546 satiari
1359 498 1635 562 Euryalum
1674 499 1920 561 caedibus,

126 581 211 621 355
230 572 314 620 sed
366 572 527 636 magis
582 572 797 621 accendi.
890 572 1207 628 absistamus‘,
1266 573 1355 629 ait,
1410 588 1528 620 nam
1583 574 1667 621 lux
1719 574 1921 622 inimica
1975 585 1994 618 5

219 647 548 706 propinquat:
585 646 909 694 recedendum
949 648 1043 706 est,
1083 647 1272 708 inquit,
1313 646 1550 708 quoniam
1580 647 1665 695 lux
1696 648 1922 709 proxima

229 722 305 768 est
343 736 470 783 quae
509 736 599 768 nos
637 723 805 782 posset
841 719 1068 768 hostibus
1108 719 1327 782 prodere.
1396 737 1486 769 nec
1523 721 1755 770 inmerito
1797 721 1922 769 dixit

227 793 481 842 inimicam
518 794 700 857 lucem3
740 796 783 843 si
823 795 951 842 enim
991 794 1222 842 tenebrae
1254 795 1569 856 profuerunt,
1607 797 1666 844 ut
1703 796 1922 860 gloriosa

229 871 406 930 coepta
437 868 803 930 perficerentur,
833 868 1007 930 procul
1031 867 1182 916 dubio
1216 868 1450 917 obfutura
1481 870 1648 917 fuerat
1678 869 1763 917 lux
1795 886 1920 932 quae

160 938 163 940 ’
228 942 355 990 nihil
399 943 641 1004 relinquit
686 943 947 991 occultum.
1022 957 1295 1002 poenarum
1344 943 1630 991 exhaustum
1678 945 1800 992 satis
1839 947 1919 1000 est,
1954 956 1996 988 ιο

227 1017 311 1064 via
340 1016 475 1076 facta
499 1031 594 1076 per
623 1017 795 1064 hostis:
832 1015 1161 1064 recedendum
1184 1016 1425 1065 suadebat
1447 1017 1612 1078 Nisus,
1644 1018 1731 1066 sed
1762 1017 1920 1066 dicere

228 1090 478 1152 Euryalus
509 1091 677 1153 potuit
708 1092 1014 1139 occasionem
1045 1091 1198 1139 talem
1230 1106 1329 1138 non
1361 1106 1464 1140 esse
1495 1091 1796 1154 perdendam
1823 1108 1921 1156 qua

226 1165 395 1213 hostes
425 1164 478 1212 in
516 1165 701 1212 maiore
740 1181 944 1214 numero
975 1167 1180 1227 possent
1208 1165 1462 1214 trucidari.
1524 1166 1616 1213 hoc
1646 1182 1707 1212 ne
1741 1165 1919 1214 dicere-

226 1241 324 1300 tur,
356 1239 492 1301 prior
514 1238 665 1287 Nisus
692 1239 921 1301 occurrit,
954 1238 1018 1286 ad
1048 1240 1395 1288 necessitatem
1417 1240 1491 1287 rei
1516 1241 1638 1288 satis
1671 1239 1921 1288 abundare

229 1312 360 1375 quod
391 1313 580 1361 factum
611 1313 886 1362 videbatur.
950 1313 1215 1375 transitus,
1246 1315 1435 1375 inquit,
1474 1313 1616 1362 nobis
1647 1331 1736 1377 per
1763 1313 1921 1363 hostis
1954 1324 1995 1357 15

226 1388 390 1436 fuerat
435 1388 764 1448 necessarius,
810 1388 973 1436 factus
1015 1390 1110 1448 est,
1165 1387 1285 1450 quid
1336 1388 1552 1450 amplius
1604 1387 1921 1450 quaerimus?

226 1477 316 1509 nec
341 1461 752 1510 considerandum
776 1464 851 1510 est
873 1462 966 1510 hoc
988 1464 1211 1525 tempore
1229 1461 1350 1525 quid
1373 1461 1534 1526 infligi
1555 1463 1690 1510 hosti
1707 1463 1919 1525 amplius

227 1535 426 1597 debeat,
473 1535 557 1584 sed
604 1535 1021 1598 quemadmodum
1066 1551 1224 1598 usque
1271 1536 1335 1584 ad
1372 1536 1536 1598 ipsum
1574 1536 1776 1584 Aenean
1816 1552 1920 1585 sus-

228 1611 426 1672 ceptum
471 1609 725 1672 inpleatur
772 1610 1012 1671 officium,
1058 1627 1119 1658 ne
1166 1611 1253 1658 lux
1298 1610 1531 1674 ingruens
1577 1610 1759 1672 prodat
1798 1626 1921 1673 quos

225 1683 456 1733 tenebrae
515 1686 709 1746 tegunt.
807 1685 962 1732 multa
1022 1685 1184 1732 virum
1244 1685 1396 1732 solido
1459 1688 1653 1744 arqento
1703 1686 1922 1745 perfecta
1953 1696 1995 1728 20

224 1759 506 1818 relinquunt
565 1772 799 1818 armaque
859 1762 1165 1818 craterasque
1218 1759 1364 1806 simul
1411 1759 1732 1817 pulchrosque
1792 1763 1922 1818 tape-

226 1836 327 1880 tas:
389 1833 476 1895 qui
530 1833 638 1880 sola
691 1831 852 1896 gloria
906 1832 1214 1880 ducebantur
1266 1848 1366 1880 non
1421 1833 1553 1894 capti
1609 1835 1726 1881 sunt
1773 1832 1920 1881 rebus

226 1905 455 1969 pretiosis
495 1908 544 1954 et
581 1906 777 1970 magnis
817 1922 906 1954 nec
935 1907 1204 1955 voluerunt
1235 1906 1429 1954 onerari
1466 1907 1682 1969 pondere
1716 1907 1804 1969 qui
1843 1924 1920 1955 ex-

225 1980 383 2043 pediti
421 1996 686 2042 properare
726 1979 1010 2028 debuerant.
1071 1981 1328 2042 Euryalus
1358 1981 1596 2040 phaleras
1633 1981 1921 2029 Rhamnetis

123 2061 208 2102 360
226 2057 269 2102 et
318 2068 471 2102 aurea
523 2055 667 2102 bullis
717 2055 932 2115 cinyula,
986 2055 1178 2103 Tiburti
1227 2055 1431 2102 Remulo
1485 2056 1754 2103 ditissimus
1807 2056 1921 2103 olim
1950 2063 1992 2096 25

226 2142 348 2187 quae
385 2129 528 2175 mittit
566 2129 696 2176 dona
732 2129 957 2188 hospiti0‚
1005 2144 1113 2177 curn
1157 2130 1376 2190 iunyeret
1421 2130 1616 2185 absens,
1669 2127 1919 2186 Caedicus,

225 2202 306 2250 ille
337 2217 425 2250 suo
455 2203 666 2250 moriens
699 2203 785 2250 dat
815 2203 989 2252 habere
1012 2204 1193 2263 nepoti,
1226 2206 1341 2264 post
1369 2207 1566 2251 mortem
1599 2203 1716 2251 bello
1747 2203 1920 2250 Rutuli

219 2290 484 2336 puynaque
519 2277 688 2335 potiti:
739 2276 1032 2339 contemptis
1086 2293 1212 2340 quae
1260 2277 1508 2340 superflua
1557 2293 1647 2340 pro
1697 2279 1918 2339 tempore

227 2366 330 2399 esse
378 2352 646 2412 potuerant
690 2350 741 2398 id
789 2350 996 2399 abstulit
1035 2351 1170 2413 quod
1216 2353 1414 2399 ornaret
1451 2351 1614 2400 virum
1653 2352 1832 2399 fortem
1871 2353 1920 2399 et

348 2481 373 2520 2
405 2477 539 2520 multi
569 2476 693 2532 loqui
723 2491 776 2520 ea
806 2478 1041 2522 excludere
1063 2477 1105 2519 V
1136 2479 1422 2533 multiloquio
1445 2491 1520 2521 eas
1543 2478 1798 2522 excluderet
1824 2477 1916 2522 ed:

227 2538 280 2579 ut
313 2541 353 2590 6,
372 2539 457 2578 538
489 2535 539 2578 in
564 2535 725 2579 eadem
749 2549 798 2579 re
821 2538 1038 2590 nutriret,
1064 2537 1130 2580 sic
1153 2537 1405 2581 excluderet
1426 2538 1667 2592 tamquam
1694 2537 1751 2589 de
1775 2537 1916 2592 pullis

229 2595 530 2638 excludendis
562 2594 656 2639 sive
689 2595 971 2639 excudendis
1005 2596 1176 2639 dixisse
1207 2595 1444 2652 putandus
1469 2598 1559 2648 est,
1585 2596 1676 2639 nisi
1699 2595 1819 2639 forte
1843 2611 1917 2640 ex-

228 2655 426 2698 tenderet
472 2654 700 2710 corrigere
746 2654 915 2709 placet.
1052 2659 1076 2698 3
1123 2657 1302 2711 iamque
1349 2654 1419 2698 ed.
1551 2660 1575 2698 6
1623 2657 1837 2711 quoniam
1876 2655 1917 2698 V

230 2728 367 2769 quum
405 2713 476 2757 ed.
601 2718 623 2757 7
658 2719 719 2758 est
742 2713 783 2756 V
815 2715 875 2757 sit
906 2714 975 2757 ed.
1101 2719 1155 2758 13
1190 2715 1242 2758 in
1276 2716 1446 2759 maiore
1475 2728 1661 2759 numero
1685 2714 1727 2758 V
1755 2714 1825 2758 ed.
1860 2714 1916 2758 cf.

231 2778 270 2826 1,
298 2777 382 2816 600
427 2774 480 2816 in
524 2786 711 2817 numero
756 2774 929 2829 exiyuo.
1054 2778 1108 2816 14
1152 2774 1213 2818 ad
1254 2786 1380 2817 neces
1420 2775 1574 2818 statim
1609 2773 1652 2817 V
1694 2774 1755 2818 ad
1791 2787 1918 2818 neces

228 2837 396 2875 statum
428 2831 498 2876 ed.
526 2845 638 2875 corr.
666 2832 736 2876 ed.
762 2834 881 2887 post.
1000 2837 1052 2876 17
1085 2834 1202 2877 hosti
1231 2846 1319 2876 om.
1350 2832 1420 2876 ed.
1538 2837 1590 2875 19
1623 2834 1853 2888 inpleatur
1876 2832 1916 2875 V

228 2892 474 2947 inyruatur
509 2890 579 2934 ed.
620 2892 879 2935 instruatur
915 2891 985 2934 ed.
1019 2893 1138 2947 post.
1262 2896 1316 2935 26
1360 2893 1648 2948 coniunyeret
1689 2905 1772 2947 pro
1815 2905 1916 2936 cum
2000 2942 2002 2945 v

229 2951 432 3006 iunyeret
462 2949 515 2993 V.
640 2954 695 2994 28
721 2964 967 3007 puynaque
991 2950 1031 2992 V
1055 2951 1320 3007 praedaque
1352 2951 1423 2994 ed,
